<?xml version="1.0" encoding="UTF-8"?>
<!DOCTYPE html PUBLIC "-//W3C//DTD XHTML 1.0 Transitional//EN"
    "http://www.w3.org/TR/xhtml1/DTD/xhtml1-transitional.dtd">
<html xmlns="http://www.w3.org/1999/xhtml" xml:lang="en" lang="en">
 <head>
  <title>
</title>
<meta http-equiv="Content-Type" content="text/html;charset=utf-8" />
  <meta name='ocr-system' content='tesseract 3.04.00' />
  <meta name='ocr-capabilities' content='ocr_page ocr_carea ocr_par ocr_line ocrx_word'/>
</head>
<body>
  <div class='ocr_page' id='page_1' title='image "./historiadiploma00degoog_0172.png"; bbox 0 0 4364 5738; ppageno 0'>
   <div class='ocr_carea' id='block_1_1' title="bbox 1034 540 3850 620">
    <p class='ocr_par' dir='ltr' id='par_1_1' title="bbox 1034 540 3850 620">
     <span class='ocr_line' id='line_1_1' title="bbox 1034 540 3850 620; baseline 0.001 -18"><span class='ocrx_word' id='word_1_1' title='bbox 1034 545 1153 604; x_wconf 68' lang='grc' dir='ltr'>Ι158</span> <span class='ocrx_word' id='word_1_2' title='bbox 2029 541 2455 602; x_wconf 77' lang='lat' dir='ltr'>Flunssmct</span> <span class='ocrx_word' id='word_1_3' title='bbox 2508 540 2853 600; x_wconf 74' lang='lat' dir='ltr'>sEchm</span> <span class='ocrx_word' id='word_1_4' title='bbox 3472 542 3638 620; x_wconf 62' lang='lat' dir='ltr'>[Am.</span> <span class='ocrx_word' id='word_1_5' title='bbox 3678 544 3850 605; x_wconf 73' lang='lat'><strong>1244.</strong></span> 
     </span>
    </p>
   </div>
   <div class='ocr_carea' id='block_1_2' title="bbox 999 674 3853 4730">
    <p class='ocr_par' dir='ltr' id='par_1_2' title="bbox 1021 674 3851 896">
     <span class='ocr_line' id='line_1_2' title="bbox 1021 674 3851 776; baseline -0.001 -28"><span class='ocrx_word' id='word_1_6' title='bbox 1021 702 1211 770; x_wconf 83' lang='lat' dir='ltr'>mus,</span> <span class='ocrx_word' id='word_1_7' title='bbox 1233 679 1422 750; x_wconf 91' lang='lat' dir='ltr'>curie</span> <span class='ocrx_word' id='word_1_8' title='bbox 1450 688 1684 750; x_wconf 91' lang='lat' dir='ltr'>nostre</span> <span class='ocrx_word' id='word_1_9' title='bbox 1715 678 2143 773; x_wconf 86' lang='lat' dir='ltr'>providimus</span> <span class='ocrx_word' id='word_1_10' title='bbox 2166 674 2490 776; x_wconf 83' lang='lat' dir='ltr'>ordinare</span> <span class='ocrx_word' id='word_1_11' title='bbox 2511 674 2849 765; x_wconf 90' lang='lat' dir='ltr'>justitiam</span> <span class='ocrx_word' id='word_1_12' title='bbox 2882 695 2923 744; x_wconf 92' lang='lat' dir='ltr'>a</span> <span class='ocrx_word' id='word_1_13' title='bbox 2956 695 3093 767; x_wconf 89' lang='lat' dir='ltr'>qua</span> <span class='ocrx_word' id='word_1_14' title='bbox 3119 675 3312 745; x_wconf 91' lang='lat' dir='ltr'>velut</span> <span class='ocrx_word' id='word_1_15' title='bbox 3338 695 3379 744; x_wconf 93' lang='lat' dir='ltr'>a</span> <span class='ocrx_word' id='word_1_16' title='bbox 3408 675 3595 747; x_wconf 86' lang='lat' dir='ltr'>fonte</span> <span class='ocrx_word' id='word_1_17' title='bbox 3623 677 3851 767; x_wconf 84' lang='lat' dir='ltr'>rivuli,</span> 
     </span>
     <span class='ocr_line' id='line_1_3' title="bbox 1025 798 2811 896; baseline -0.003 -23"><span class='ocrx_word' id='word_1_18' title='bbox 1025 815 1162 896; x_wconf 70' lang='lat' dir='ltr'>per</span> <span class='ocrx_word' id='word_1_19' title='bbox 1193 824 1482 894; x_wconf 81' lang='lat' dir='ltr'>regnum</span> <span class='ocrx_word' id='word_1_20' title='bbox 1518 802 1827 895; x_wconf 91' lang='lat' dir='ltr'>undique</span> <span class='ocrx_word' id='word_1_21' title='bbox 1861 823 2105 872; x_wconf 89' lang='lat' dir='ltr'>norma</span> <span class='ocrx_word' id='word_1_22' title='bbox 2131 800 2398 892; x_wconf 77' lang='lat' dir='ltr'>Justitie</span> <span class='ocrx_word' id='word_1_23' title='bbox 2432 798 2811 869; x_wconf 90' lang='lat' dir='ltr'>derivetur.</span> 
     </span>
    </p>

    <p class='ocr_par' dir='ltr' id='par_1_3' title="bbox 999 920 3853 4730">
     <span class='ocr_line' id='line_1_4' title="bbox 1041 920 3853 1016; baseline -0.001 -20"><span class='ocrx_word' id='word_1_24' title='bbox 1041 971 1046 976; x_wconf 89' lang='lat'>·</span> <span class='ocrx_word' id='word_1_25' title='bbox 1125 926 1502 996; x_wconf 90' lang='lat' dir='ltr'>Statuimus</span> <span class='ocrx_word' id='word_1_26' title='bbox 1549 936 1628 996; x_wconf 93' lang='lat' dir='ltr'>ut</span> <span class='ocrx_word' id='word_1_27' title='bbox 1675 947 1927 1016; x_wconf 81' lang='lat' dir='ltr'>magne</span> <span class='ocrx_word' id='word_1_28' title='bbox 1988 925 2179 996; x_wconf 89' lang='lat' dir='ltr'>curie</span> <span class='ocrx_word' id='word_1_29' title='bbox 2238 933 2474 994; x_wconf 91' lang='lat' dir='ltr'>nostre</span> <span class='ocrx_word' id='word_1_30' title='bbox 2526 920 2855 1013; x_wconf 83' lang='lat' dir='ltr'>magister</span> <span class='ocrx_word' id='word_1_31' title='bbox 2894 921 3306 1011; x_wconf 88' lang='lat' dir='ltr'>justitiarius</span> <span class='ocrx_word' id='word_1_32' title='bbox 3361 922 3723 993; x_wconf 91' lang='lat' dir='ltr'>nobiscum</span> <span class='ocrx_word' id='word_1_33' title='bbox 3785 923 3853 993; x_wconf 88' lang='lat' dir='ltr'>in</span> 
     </span>
     <span class='ocr_line' id='line_1_5' title="bbox 1025 1044 3852 1139; baseline -0.001 -21"><span class='ocrx_word' id='word_1_34' title='bbox 1025 1048 1214 1118; x_wconf 89' lang='lat' dir='ltr'>ouria</span> <span class='ocrx_word' id='word_1_35' title='bbox 1249 1059 1739 1137; x_wconf 83' lang='lat' dir='ltr'>commoretur,</span> <span class='ocrx_word' id='word_1_36' title='bbox 1777 1048 1887 1118; x_wconf 91' lang='lat' dir='ltr'>cui</span> <span class='ocrx_word' id='word_1_37' title='bbox 1920 1057 2222 1139; x_wconf 87' lang='lat' dir='ltr'>quatuor</span> <span class='ocrx_word' id='word_1_38' title='bbox 2256 1046 2530 1136; x_wconf 85' lang='lat' dir='ltr'>judices</span> <span class='ocrx_word' id='word_1_39' title='bbox 2567 1046 2889 1116; x_wconf 90' lang='lat' dir='ltr'>volumus</span> <span class='ocrx_word' id='word_1_40' title='bbox 2925 1044 3267 1135; x_wconf 87' lang='lat' dir='ltr'>assidere;</span> <span class='ocrx_word' id='word_1_41' title='bbox 3309 1054 3381 1117; x_wconf 90' lang='lat' dir='ltr'>et</span> <span class='ocrx_word' id='word_1_42' title='bbox 3411 1054 3492 1116; x_wconf 90' lang='lat' dir='ltr'>ut</span> <span class='ocrx_word' id='word_1_43' title='bbox 3530 1046 3852 1137; x_wconf 78' lang='lat' dir='ltr'>magister</span> 
     </span>
     <span class='ocr_line' id='line_1_6' title="bbox 1017 1168 3851 1264; baseline -0.001 -20"><span class='ocrx_word' id='word_1_44' title='bbox 1017 1172 1431 1264; x_wconf 70' lang='lat' dir='ltr'>justitiarius</span> <span class='ocrx_word' id='word_1_45' title='bbox 1462 1171 1652 1242; x_wconf 89' lang='lat' dir='ltr'>curie</span> <span class='ocrx_word' id='word_1_46' title='bbox 1696 1182 1932 1243; x_wconf 89' lang='lat' dir='ltr'>nostre</span> <span class='ocrx_word' id='word_1_47' title='bbox 1975 1169 2417 1264; x_wconf 89' lang='lat' dir='ltr'>supradictus</span> <span class='ocrx_word' id='word_1_48' title='bbox 2450 1169 2539 1241; x_wconf 92' lang='lat' dir='ltr'>de</span> <span class='ocrx_word' id='word_1_49' title='bbox 2577 1168 2864 1239; x_wconf 88' lang='lat' dir='ltr'>crimine</span> <span class='ocrx_word' id='word_1_50' title='bbox 2897 1169 3040 1240; x_wconf 92' lang='lat' dir='ltr'>lese</span> <span class='ocrx_word' id='word_1_51' title='bbox 3090 1169 3468 1259; x_wconf 85' lang='lat' dir='ltr'>majestatis</span> <span class='ocrx_word' id='word_1_52' title='bbox 3501 1179 3737 1241; x_wconf 86' lang='lat' dir='ltr'>nostre</span> <span class='ocrx_word' id='word_1_53' title='bbox 3783 1177 3851 1241; x_wconf 89' lang='lat' dir='ltr'>et</span> 
     </span>
     <span class='ocr_line' id='line_1_7' title="bbox 1023 1292 3849 1389; baseline -0.001 -23"><span class='ocrx_word' id='word_1_54' title='bbox 1023 1295 1114 1366; x_wconf 88' lang='lat' dir='ltr'>de</span> <span class='ocrx_word' id='word_1_55' title='bbox 1150 1295 1373 1367; x_wconf 83' lang='lat' dir='ltr'>feudis</span> <span class='ocrx_word' id='word_1_56' title='bbox 1414 1296 1844 1388; x_wconf 88' lang='lat' dir='ltr'>quaternatis</span> <span class='ocrx_word' id='word_1_57' title='bbox 1886 1305 1958 1365; x_wconf 92' lang='lat' dir='ltr'>et</span> <span class='ocrx_word' id='word_1_58' title='bbox 1989 1294 2079 1365; x_wconf 90' lang='lat' dir='ltr'>de</span> <span class='ocrx_word' id='word_1_59' title='bbox 2110 1303 2324 1386; x_wconf 88' lang='lat' dir='ltr'>quota</span> <span class='ocrx_word' id='word_1_60' title='bbox 2358 1302 2554 1387; x_wconf 89' lang='lat' dir='ltr'>parte</span> <span class='ocrx_word' id='word_1_61' title='bbox 2598 1293 2908 1387; x_wconf 86' lang='lat' dir='ltr'>ipsorum</span> <span class='ocrx_word' id='word_1_62' title='bbox 2950 1292 3317 1363; x_wconf 85' lang='lat' dir='ltr'>feudorum</span> <span class='ocrx_word' id='word_1_63' title='bbox 3364 1302 3435 1364; x_wconf 92' lang='lat' dir='ltr'>et</span> <span class='ocrx_word' id='word_1_64' title='bbox 3475 1293 3565 1364; x_wconf 93' lang='lat' dir='ltr'>de</span> <span class='ocrx_word' id='word_1_65' title='bbox 3611 1294 3849 1389; x_wconf 80' lang='lat' dir='ltr'>appel·-</span> 
     </span>
     <span class='ocr_line' id='line_1_8' title="bbox 1016 1416 3849 1510; baseline -0.001 -21"><span class='ocrx_word' id='word_1_66' title='bbox 1016 1419 1394 1490; x_wconf 74' lang='lat' dir='ltr'>‘lationibus</span> <span class='ocrx_word' id='word_1_67' title='bbox 1430 1420 1938 1490; x_wconf 82' lang='lat' dir='ltr'>ordinariorum</span> <span class='ocrx_word' id='word_1_68' title='bbox 1975 1440 2099 1490; x_wconf 89' lang='lat' dir='ltr'>seu</span> <span class='ocrx_word' id='word_1_69' title='bbox 2139 1418 2620 1510; x_wconf 81' lang='lat' dir='ltr'>delegatorum</span> <span class='ocrx_word' id='word_1_70' title='bbox 2662 1425 3061 1488; x_wconf 89' lang='lat' dir='ltr'>nostrorum</span> <span class='ocrx_word' id='word_1_71' title='bbox 3093 1416 3184 1488; x_wconf 91' lang='lat' dir='ltr'>ad</span> <span class='ocrx_word' id='word_1_72' title='bbox 3236 1426 3538 1488; x_wconf 88' lang='lat' dir='ltr'>nostram</span> <span class='ocrx_word' id='word_1_73' title='bbox 3590 1417 3849 1488; x_wconf 86' lang='lat' dir='ltr'>curiam</span> 
     </span>
     <span class='ocr_line' id='line_1_9' title="bbox 1015 1539 3851 1636; baseline 0 -26"><span class='ocrx_word' id='word_1_74' title='bbox 1015 1542 1404 1633; x_wconf 76' lang='lat' dir='ltr'>interJectis</span> <span class='ocrx_word' id='word_1_75' title='bbox 1455 1553 1526 1614; x_wconf 89' lang='lat' dir='ltr'>et</span> <span class='ocrx_word' id='word_1_76' title='bbox 1558 1543 1646 1614; x_wconf 92' lang='lat' dir='ltr'>de</span> <span class='ocrx_word' id='word_1_77' title='bbox 1681 1543 2157 1636; x_wconf 75' lang='lat' dir='ltr'>questionibus</span> <span class='ocrx_word' id='word_1_78' title='bbox 2210 1552 2603 1612; x_wconf 87' lang='lat' dir='ltr'>nostrorum</span> <span class='ocrx_word' id='word_1_79' title='bbox 2650 1540 3011 1612; x_wconf 90' lang='lat' dir='ltr'>curialium</span> <span class='ocrx_word' id='word_1_80' title='bbox 3047 1540 3166 1635; x_wconf 91' lang='lat' dir='ltr'>qui</span> <span class='ocrx_word' id='word_1_81' title='bbox 3209 1539 3605 1612; x_wconf 88' lang='lat' dir='ltr'>immediate</span> <span class='ocrx_word' id='word_1_82' title='bbox 3655 1540 3851 1612; x_wconf 91' lang='lat' dir='ltr'>nobis</span> 
     </span>
     <span class='ocr_line' id='line_1_10' title="bbox 1015 1664 3850 1761; baseline 0 -25"><span class='ocrx_word' id='word_1_83' title='bbox 1015 1666 1387 1756; x_wconf 76' lang='lat' dir='ltr'>assistunt,</span> <span class='ocrx_word' id='word_1_84' title='bbox 1426 1666 1515 1738; x_wconf 92' lang='lat' dir='ltr'>de</span> <span class='ocrx_word' id='word_1_85' title='bbox 1552 1667 1834 1761; x_wconf 90' lang='lat' dir='ltr'>speciali</span> <span class='ocrx_word' id='word_1_86' title='bbox 1865 1667 2290 1738; x_wconf 88' lang='lat' dir='ltr'>conscientia</span> <span class='ocrx_word' id='word_1_87' title='bbox 2320 1676 2561 1737; x_wconf 91' lang='lat' dir='ltr'>nostra</span> <span class='ocrx_word' id='word_1_88' title='bbox 2604 1665 2674 1735; x_wconf 92' lang='lat' dir='ltr'>in</span> <span class='ocrx_word' id='word_1_89' title='bbox 2720 1665 2913 1735; x_wconf 89' lang='lat' dir='ltr'>curia</span> <span class='ocrx_word' id='word_1_90' title='bbox 2954 1664 3565 1753; x_wconf 82' lang='lat' dir='ltr'>commorantium,</span> <span class='ocrx_word' id='word_1_91' title='bbox 3607 1665 3728 1759; x_wconf 93' lang='lat' dir='ltr'>qui</span> <span class='ocrx_word' id='word_1_92' title='bbox 3762 1665 3850 1736; x_wconf 90' lang='lat' dir='ltr'>de</span> 
     </span>
     <span class='ocr_line' id='line_1_11' title="bbox 1023 1787 3846 1885; baseline -0.001 -25"><span class='ocrx_word' id='word_1_93' title='bbox 1023 1789 1214 1860; x_wconf 85' lang='lat' dir='ltr'>ouria</span> <span class='ocrx_word' id='word_1_94' title='bbox 1244 1800 1481 1861; x_wconf 90' lang='lat' dir='ltr'>nostra</span> <span class='ocrx_word' id='word_1_95' title='bbox 1513 1791 1663 1861; x_wconf 91' lang='lat' dir='ltr'>sine</span> <span class='ocrx_word' id='word_1_96' title='bbox 1696 1791 1977 1885; x_wconf 91' lang='lat' dir='ltr'>speciali</span> <span class='ocrx_word' id='word_1_97' title='bbox 2012 1791 2343 1861; x_wconf 91' lang='lat' dir='ltr'>mandato</span> <span class='ocrx_word' id='word_1_98' title='bbox 2380 1800 2618 1860; x_wconf 90' lang='lat' dir='ltr'>nostro</span> <span class='ocrx_word' id='word_1_99' title='bbox 2647 1810 2788 1860; x_wconf 94' lang='lat' dir='ltr'>non</span> <span class='ocrx_word' id='word_1_100' title='bbox 2826 1798 3118 1883; x_wconf 85' lang='lat' dir='ltr'>possunt</span> <span class='ocrx_word' id='word_1_101' title='bbox 3150 1787 3512 1877; x_wconf 81' lang='lat' dir='ltr'>recedere3</span> <span class='ocrx_word' id='word_1_102' title='bbox 3553 1809 3686 1860; x_wconf 89' lang='lat' dir='ltr'>nec</span> <span class='ocrx_word' id='word_1_103' title='bbox 3711 1808 3846 1860; x_wconf 93' lang='lat' dir='ltr'>non</span> 
     </span>
     <span class='ocr_line' id='line_1_12' title="bbox 1022 1913 3849 2010; baseline -0 -27"><span class='ocrx_word' id='word_1_104' title='bbox 1022 1923 1091 1983; x_wconf 82' lang='lat' dir='ltr'>et</span> <span class='ocrx_word' id='word_1_105' title='bbox 1127 1914 1617 1985; x_wconf 87' lang='lat' dir='ltr'>miserabilium</span> <span class='ocrx_word' id='word_1_106' title='bbox 1659 1936 2112 2010; x_wconf 88' lang='lat' dir='ltr'>personarum</span> <span class='ocrx_word' id='word_1_107' title='bbox 2154 1935 2452 2007; x_wconf 89' lang='lat' dir='ltr'>quarum</span> <span class='ocrx_word' id='word_1_108' title='bbox 2494 1924 2598 1985; x_wconf 90' lang='lat' dir='ltr'>est</span> <span class='ocrx_word' id='word_1_109' title='bbox 2634 1913 3071 2008; x_wconf 83' lang='lat' dir='ltr'>privilegium</span> <span class='ocrx_word' id='word_1_110' title='bbox 3110 1914 3335 1984; x_wconf 85' lang='lat' dir='ltr'>forum</span> <span class='ocrx_word' id='word_1_111' title='bbox 3369 1913 3662 2003; x_wconf 83' lang='lat' dir='ltr'>eligere,</span> <span class='ocrx_word' id='word_1_112' title='bbox 3702 1933 3849 1984; x_wconf 86' lang='lat' dir='ltr'>cor·</span> 
     </span>
     <span class='ocr_line' id='line_1_13' title="bbox 1011 2037 3847 2133; baseline 0 -25"><span class='ocrx_word' id='word_1_113' title='bbox 1011 2038 1242 2130; x_wconf 79' lang='lat' dir='ltr'>=porali</span> <span class='ocrx_word' id='word_1_114' title='bbox 1292 2039 1576 2133; x_wconf 88' lang='lat' dir='ltr'>prestito</span> <span class='ocrx_word' id='word_1_115' title='bbox 1618 2049 2051 2111; x_wconf 89' lang='lat' dir='ltr'>sacramento</span> <span class='ocrx_word' id='word_1_116' title='bbox 2094 2039 2286 2133; x_wconf 93' lang='lat' dir='ltr'>quod</span> <span class='ocrx_word' id='word_1_117' title='bbox 2328 2038 2884 2111; x_wconf 87' lang='lat' dir='ltr'>adversariorum</span> <span class='ocrx_word' id='word_1_118' title='bbox 2922 2059 3205 2109; x_wconf 90' lang='lat' dir='ltr'>suorum</span> <span class='ocrx_word' id='word_1_119' title='bbox 3249 2038 3424 2108; x_wconf 80' lang='lat' dir='ltr'>forte</span> <span class='ocrx_word' id='word_1_120' title='bbox 3468 2037 3847 2131; x_wconf 88' lang='lat' dir='ltr'>potentiam</span> 
     </span>
     <span class='ocr_line' id='line_1_14' title="bbox 1009 2161 3846 2255; baseline 0.001 -24"><span class='ocrx_word' id='word_1_121' title='bbox 1009 2162 1585 2255; x_wconf 78' lang='lat' dir='ltr'>perhorrescunt,</span> <span class='ocrx_word' id='word_1_122' title='bbox 1623 2185 1866 2235; x_wconf 85' lang='lat' dir='ltr'>causas</span> <span class='ocrx_word' id='word_1_123' title='bbox 1901 2164 2140 2236; x_wconf 88' lang='lat' dir='ltr'>audiat</span> <span class='ocrx_word' id='word_1_124' title='bbox 2172 2172 2243 2234; x_wconf 91' lang='lat' dir='ltr'>et</span> <span class='ocrx_word' id='word_1_125' title='bbox 2273 2162 2543 2254; x_wconf 90' lang='lat' dir='ltr'>justitia</span> <span class='ocrx_word' id='word_1_126' title='bbox 2577 2161 2929 2233; x_wconf 88' lang='lat' dir='ltr'>mediante</span> <span class='ocrx_word' id='word_1_127' title='bbox 2963 2161 3267 2233; x_wconf 86' lang='lat' dir='ltr'>decidat.</span> <span class='ocrx_word' id='word_1_128' title='bbox 3300 2161 3846 2233; x_wconf 75' lang='lat' dir='ltr'>consultationes</span> 
     </span>
     <span class='ocr_line' id='line_1_15' title="bbox 1015 2285 3847 2383; baseline 0.001 -28"><span class='ocrx_word' id='word_1_129' title='bbox 1015 2285 1421 2357; x_wconf 83' lang='lat' dir='ltr'>inferiorum</span> <span class='ocrx_word' id='word_1_130' title='bbox 1452 2287 1769 2377; x_wconf 90' lang='lat' dir='ltr'>judicum</span> <span class='ocrx_word' id='word_1_131' title='bbox 1810 2310 1936 2383; x_wconf 93' lang='lat' dir='ltr'>pro</span> <span class='ocrx_word' id='word_1_132' title='bbox 1973 2309 2099 2358; x_wconf 90' lang='lat' dir='ltr'>sua</span> <span class='ocrx_word' id='word_1_133' title='bbox 2128 2286 2613 2379; x_wconf 88' lang='lat' dir='ltr'>jurisdictione</span> <span class='ocrx_word' id='word_1_134' title='bbox 2646 2286 2969 2380; x_wconf 92' lang='lat' dir='ltr'>recipiat,</span> <span class='ocrx_word' id='word_1_135' title='bbox 3015 2285 3104 2357; x_wconf 91' lang='lat' dir='ltr'>de</span> <span class='ocrx_word' id='word_1_136' title='bbox 3134 2287 3292 2377; x_wconf 90' lang='lat' dir='ltr'>jure</span> <span class='ocrx_word' id='word_1_137' title='bbox 3332 2286 3847 2357; x_wconf 84' lang='lat' dir='ltr'>consulentibus</span> 
     </span>
     <span class='ocr_line' id='line_1_16' title="bbox 1006 2410 3843 2503; baseline 0 -23"><span class='ocrx_word' id='word_1_138' title='bbox 1006 2430 1504 2503; x_wconf 74' lang='lat' dir='ltr'>responsurus,</span> <span class='ocrx_word' id='word_1_139' title='bbox 1555 2413 1630 2481; x_wconf 87' lang='lat' dir='ltr'>ln</span> <span class='ocrx_word' id='word_1_140' title='bbox 1683 2411 1834 2482; x_wconf 91' lang='lat' dir='ltr'>aliis</span> <span class='ocrx_word' id='word_1_141' title='bbox 1879 2421 2111 2483; x_wconf 91' lang='lat' dir='ltr'>autem</span> <span class='ocrx_word' id='word_1_142' title='bbox 2164 2411 2338 2481; x_wconf 93' lang='lat' dir='ltr'>nulli</span> <span class='ocrx_word' id='word_1_143' title='bbox 2389 2411 2590 2481; x_wconf 85' lang='lat' dir='ltr'>liceat</span> <span class='ocrx_word' id='word_1_144' title='bbox 2637 2410 3113 2482; x_wconf 86' lang='lat' dir='ltr'>adversarium</span> <span class='ocrx_word' id='word_1_145' title='bbox 3160 2432 3364 2481; x_wconf 92' lang='lat' dir='ltr'>suum</span> <span class='ocrx_word' id='word_1_146' title='bbox 3421 2410 3488 2479; x_wconf 93' lang='lat' dir='ltr'>in</span> <span class='ocrx_word' id='word_1_147' title='bbox 3541 2420 3843 2481; x_wconf 88' lang='lat' dir='ltr'>nostram</span> 
     </span>
     <span class='ocr_line' id='line_1_17' title="bbox 1007 2533 3843 2628; baseline 0 -25"><span class='ocrx_word' id='word_1_148' title='bbox 1007 2535 1285 2603; x_wconf 61' lang='lat' dir='ltr'>‘curiam</span> <span class='ocrx_word' id='word_1_149' title='bbox 1315 2555 1634 2623; x_wconf 88' lang='lat' dir='ltr'>evocare,</span> <span class='ocrx_word' id='word_1_150' title='bbox 1674 2535 1798 2605; x_wconf 90' lang='lat' dir='ltr'>sed</span> <span class='ocrx_word' id='word_1_151' title='bbox 1828 2535 2017 2628; x_wconf 90' lang='lat' dir='ltr'>apud</span> <span class='ocrx_word' id='word_1_152' title='bbox 2056 2535 2293 2606; x_wconf 90' lang='lat' dir='ltr'>civiles</span> <span class='ocrx_word' id='word_1_153' title='bbox 2328 2545 2398 2605; x_wconf 91' lang='lat' dir='ltr'>et</span> <span class='ocrx_word' id='word_1_154' title='bbox 2430 2534 2822 2605; x_wconf 88' lang='lat' dir='ltr'>criminales</span> <span class='ocrx_word' id='word_1_155' title='bbox 2842 2533 3144 2626; x_wconf 82' lang='lat' dir='ltr'>judices,</span> <span class='ocrx_word' id='word_1_156' title='bbox 3179 2544 3384 2628; x_wconf 89' lang='lat' dir='ltr'>prout</span> <span class='ocrx_word' id='word_1_157' title='bbox 3420 2555 3662 2605; x_wconf 87' lang='lat' dir='ltr'>eorum</span> <span class='ocrx_word' id='word_1_158' title='bbox 3690 2534 3843 2626; x_wconf 89' lang='lat' dir='ltr'>qui-</span> 
     </span>
     <span class='ocr_line' id='line_1_18' title="bbox 1009 2656 3846 2752; baseline 0.001 -27"><span class='ocrx_word' id='word_1_159' title='bbox 1009 2656 1193 2726; x_wconf 91' lang='lat' dir='ltr'>·libet</span> <span class='ocrx_word' id='word_1_160' title='bbox 1223 2656 1312 2726; x_wconf 90' lang='lat' dir='ltr'>de</span> <span class='ocrx_word' id='word_1_161' title='bbox 1351 2678 1558 2727; x_wconf 89' lang='lat' dir='ltr'>causa</span> <span class='ocrx_word' id='word_1_162' title='bbox 1593 2678 2012 2749; x_wconf 80' lang='lat' dir='ltr'>cognoscere</span> <span class='ocrx_word' id='word_1_163' title='bbox 2043 2681 2135 2729; x_wconf 85' lang='lat' dir='ltr'>ex</span> <span class='ocrx_word' id='word_1_164' title='bbox 2166 2659 2394 2731; x_wconf 89' lang='lat' dir='ltr'>officio</span> <span class='ocrx_word' id='word_1_165' title='bbox 2433 2680 2559 2730; x_wconf 92' lang='lat' dir='ltr'>suo</span> <span class='ocrx_word' id='word_1_166' title='bbox 2603 2669 2864 2752; x_wconf 86' lang='lat' dir='ltr'>potest,</span> <span class='ocrx_word' id='word_1_167' title='bbox 2900 2658 3343 2730; x_wconf 87' lang='lat' dir='ltr'>adversarios</span> <span class='ocrx_word' id='word_1_168' title='bbox 3384 2679 3547 2731; x_wconf 91' lang='lat' dir='ltr'>suos</span> <span class='ocrx_word' id='word_1_169' title='bbox 3590 2658 3846 2730; x_wconf 90' lang='lat' dir='ltr'>citandi</span> 
     </span>
     <span class='ocr_line' id='line_1_19' title="bbox 1015 2780 3844 2876; baseline 0.001 -27"><span class='ocrx_word' id='word_1_170' title='bbox 1015 2780 1301 2852; x_wconf 47' lang='lat' dir='ltr'>‘licentia</span> <span class='ocrx_word' id='word_1_171' title='bbox 1341 2781 1787 2853; x_wconf 90' lang='lat' dir='ltr'>concedatur.</span> <span class='ocrx_word' id='word_1_172' title='bbox 1832 2785 1976 2854; x_wconf 91' lang='lat' dir='ltr'>Hoc</span> <span class='ocrx_word' id='word_1_173' title='bbox 2023 2782 2264 2854; x_wconf 90' lang='lat' dir='ltr'>addito</span> <span class='ocrx_word' id='word_1_174' title='bbox 2302 2782 2494 2876; x_wconf 90' lang='lat' dir='ltr'>quod</span> <span class='ocrx_word' id='word_1_175' title='bbox 2536 2782 2625 2853; x_wconf 92' lang='lat' dir='ltr'>de</span> <span class='ocrx_word' id='word_1_176' title='bbox 2668 2782 2955 2853; x_wconf 90' lang='lat' dir='ltr'>crimine</span> <span class='ocrx_word' id='word_1_177' title='bbox 3002 2783 3146 2853; x_wconf 91' lang='lat' dir='ltr'>lese</span> <span class='ocrx_word' id='word_1_178' title='bbox 3192 2782 3569 2875; x_wconf 91' lang='lat' dir='ltr'>majestatis</span> <span class='ocrx_word' id='word_1_179' title='bbox 3614 2792 3844 2856; x_wconf 90' lang='lat' dir='ltr'>nostre</span> 
     </span>
     <span class='ocr_line' id='line_1_20' title="bbox 1005 2905 3841 2998; baseline 0.001 -24"><span class='ocrx_word' id='word_1_180' title='bbox 1005 2905 1205 2998; x_wconf 85' lang='lat' dir='ltr'>apud</span> <span class='ocrx_word' id='word_1_181' title='bbox 1230 2906 1636 2996; x_wconf 88' lang='lat' dir='ltr'>justitiarios</span> <span class='ocrx_word' id='word_1_182' title='bbox 1667 2908 2064 2998; x_wconf 78' lang='lat' dir='ltr'>regionum,</span> <span class='ocrx_word' id='word_1_183' title='bbox 2102 2908 2160 2977; x_wconf 92' lang='lat' dir='ltr'>si</span> <span class='ocrx_word' id='word_1_184' title='bbox 2204 2907 2338 2979; x_wconf 90' lang='lat' dir='ltr'>hoc</span> <span class='ocrx_word' id='word_1_185' title='bbox 2384 2916 2747 2979; x_wconf 88' lang='lat' dir='ltr'>accusator</span> <span class='ocrx_word' id='word_1_186' title='bbox 2779 2907 3066 2997; x_wconf 82' lang='lat' dir='ltr'>elegerit</span> <span class='ocrx_word' id='word_1_187' title='bbox 3103 2927 3345 2978; x_wconf 87' lang='lat' dir='ltr'>causas</span> <span class='ocrx_word' id='word_1_188' title='bbox 3385 2907 3610 2979; x_wconf 91' lang='lat' dir='ltr'>audiri</span> <span class='ocrx_word' id='word_1_189' title='bbox 3644 2908 3841 2977; x_wconf 84' lang='lat' dir='ltr'>volu-</span> 
     </span>
     <span class='ocr_line' id='line_1_21' title="bbox 1002 3029 3842 3125; baseline 0.001 -28"><span class='ocrx_word' id='word_1_190' title='bbox 1002 3048 1172 3099; x_wconf 72' lang='lat' dir='ltr'>‹mus</span> <span class='ocrx_word' id='word_1_191' title='bbox 1221 3040 1289 3100; x_wconf 89' lang='lat' dir='ltr'>et</span> <span class='ocrx_word' id='word_1_192' title='bbox 1327 3029 1580 3101; x_wconf 90' lang='lat' dir='ltr'>decidi.</span> <span class='ocrx_word' id='word_1_193' title='bbox 1630 3030 2182 3101; x_wconf 85' lang='lat' dir='ltr'>Advenientibus</span> <span class='ocrx_word' id='word_1_194' title='bbox 2234 3034 2443 3101; x_wconf 90' lang='lat' dir='ltr'>etiam</span> <span class='ocrx_word' id='word_1_195' title='bbox 2492 3031 2584 3102; x_wconf 94' lang='lat' dir='ltr'>ad</span> <span class='ocrx_word' id='word_1_196' title='bbox 2630 3031 2893 3101; x_wconf 80' lang='lat' dir='ltr'>curiam</span> <span class='ocrx_word' id='word_1_197' title='bbox 2943 3041 3252 3102; x_wconf 88' lang='lat' dir='ltr'>nostram</span> <span class='ocrx_word' id='word_1_198' title='bbox 3301 3053 3429 3125; x_wconf 87' lang='lat' dir='ltr'>pro</span> <span class='ocrx_word' id='word_1_199' title='bbox 3489 3030 3842 3123; x_wconf 83' lang='lat' dir='ltr'>querenda</span> 
     </span>
     <span class='ocr_line' id='line_1_22' title="bbox 1005 3152 3841 3250; baseline 0.002 -31"><span class='ocrx_word' id='word_1_200' title='bbox 1005 3152 1277 3242; x_wconf 75' lang='lat' dir='ltr'>justitia</span> <span class='ocrx_word' id='word_1_201' title='bbox 1319 3173 1442 3222; x_wconf 90' lang='lat' dir='ltr'>seu</span> <span class='ocrx_word' id='word_1_202' title='bbox 1484 3152 1727 3223; x_wconf 90' lang='lat' dir='ltr'>litteris</span> <span class='ocrx_word' id='word_1_203' title='bbox 1764 3154 2219 3246; x_wconf 79' lang='lat' dir='ltr'>impetrandis</span> <span class='ocrx_word' id='word_1_204' title='bbox 2257 3154 2554 3248; x_wconf 92' lang='lat' dir='ltr'>primum</span> <span class='ocrx_word' id='word_1_205' title='bbox 2603 3154 2859 3247; x_wconf 88' lang='lat' dir='ltr'>inquiri</span> <span class='ocrx_word' id='word_1_206' title='bbox 2905 3155 3326 3250; x_wconf 88' lang='lat' dir='ltr'>precipimus</span> <span class='ocrx_word' id='word_1_207' title='bbox 3367 3155 3425 3225; x_wconf 92' lang='lat' dir='ltr'>si</span> <span class='ocrx_word' id='word_1_208' title='bbox 3466 3154 3556 3226; x_wconf 89' lang='lat' dir='ltr'>ad</span> <span class='ocrx_word' id='word_1_209' title='bbox 3608 3154 3841 3226; x_wconf 88' lang='lat' dir='ltr'>civiles</span> 
     </span>
     <span class='ocr_line' id='line_1_23' title="bbox 1011 3273 3839 3373; baseline 0.001 -29"><span class='ocrx_word' id='word_1_210' title='bbox 1011 3273 1283 3365; x_wconf 86' lang='lat' dir='ltr'>judices</span> <span class='ocrx_word' id='word_1_211' title='bbox 1318 3274 1387 3343; x_wconf 93' lang='lat' dir='ltr'>in</span> <span class='ocrx_word' id='word_1_212' title='bbox 1423 3274 1742 3346; x_wconf 90' lang='lat' dir='ltr'>civilibus</span> <span class='ocrx_word' id='word_1_213' title='bbox 1780 3277 2005 3347; x_wconf 91' lang='lat' dir='ltr'>causis</span> <span class='ocrx_word' id='word_1_214' title='bbox 2037 3279 2145 3347; x_wconf 88' lang='lat' dir='ltr'>vel</span> <span class='ocrx_word' id='word_1_215' title='bbox 2180 3277 2268 3347; x_wconf 92' lang='lat' dir='ltr'>de</span> <span class='ocrx_word' id='word_1_216' title='bbox 2296 3278 2674 3369; x_wconf 87' lang='lat' dir='ltr'>majoribus</span> <span class='ocrx_word' id='word_1_217' title='bbox 2703 3278 2794 3349; x_wconf 94' lang='lat' dir='ltr'>ad</span> <span class='ocrx_word' id='word_1_218' title='bbox 2826 3279 3126 3370; x_wconf 90' lang='lat' dir='ltr'>majores</span> <span class='ocrx_word' id='word_1_219' title='bbox 3160 3278 3459 3373; x_wconf 90' lang='lat' dir='ltr'>primum</span> <span class='ocrx_word' id='word_1_220' title='bbox 3489 3298 3839 3349; x_wconf 88' lang='lat' dir='ltr'>recursum</span> 
     </span>
     <span class='ocr_line' id='line_1_24' title="bbox 1016 3395 3838 3495; baseline 0.002 -30"><span class='ocrx_word' id='word_1_221' title='bbox 1016 3395 1438 3469; x_wconf 86' lang='lat' dir='ltr'>habuerunt.</span> <span class='ocrx_word' id='word_1_222' title='bbox 1467 3398 1668 3482; x_wconf 90' lang='lat' dir='ltr'>Quod</span> <span class='ocrx_word' id='word_1_223' title='bbox 1695 3398 1751 3469; x_wconf 89' lang='lat' dir='ltr'>si</span> <span class='ocrx_word' id='word_1_224' title='bbox 1787 3399 1962 3470; x_wconf 84' lang='lat' dir='ltr'>forte</span> <span class='ocrx_word' id='word_1_225' title='bbox 1997 3401 2433 3491; x_wconf 82' lang='lat' dir='ltr'>negaverint,</span> <span class='ocrx_word' id='word_1_226' title='bbox 2472 3401 2563 3472; x_wconf 92' lang='lat' dir='ltr'>ad</span> <span class='ocrx_word' id='word_1_227' title='bbox 2596 3401 2782 3494; x_wconf 93' lang='lat' dir='ltr'>ipsos</span> <span class='ocrx_word' id='word_1_228' title='bbox 2812 3424 2970 3473; x_wconf 89' lang='lat' dir='ltr'>cum</span> <span class='ocrx_word' id='word_1_229' title='bbox 3003 3402 3257 3472; x_wconf 91' lang='lat' dir='ltr'>rubore</span> <span class='ocrx_word' id='word_1_230' title='bbox 3284 3411 3353 3472; x_wconf 88' lang='lat' dir='ltr'>et</span> <span class='ocrx_word' id='word_1_231' title='bbox 3382 3422 3838 3495; x_wconf 84' lang='lat' dir='ltr'>expensarum</span> 
     </span>
     <span class='ocr_line' id='line_1_25' title="bbox 1017 3520 3841 3622; baseline 0.002 -32"><span class='ocrx_word' id='word_1_232' title='bbox 1017 3520 1353 3592; x_wconf 85' lang='lat' dir='ltr'>factarum</span> <span class='ocrx_word' id='word_1_233' title='bbox 1387 3521 1749 3616; x_wconf 90' lang='lat' dir='ltr'>dispendio</span> <span class='ocrx_word' id='word_1_234' title='bbox 1778 3524 1926 3595; x_wconf 87' lang='lat' dir='ltr'>sine</span> <span class='ocrx_word' id='word_1_235' title='bbox 1958 3524 2202 3595; x_wconf 86' lang='lat' dir='ltr'>litteris</span> <span class='ocrx_word' id='word_1_236' title='bbox 2232 3525 2485 3596; x_wconf 86' lang='lat' dir='ltr'>remitti</span> <span class='ocrx_word' id='word_1_237' title='bbox 2511 3527 2865 3619; x_wconf 90' lang='lat' dir='ltr'>jubemus.</span> <span class='ocrx_word' id='word_1_238' title='bbox 2900 3526 3216 3597; x_wconf 89' lang='lat' dir='ltr'>Ceterum</span> <span class='ocrx_word' id='word_1_239' title='bbox 3247 3526 3306 3596; x_wconf 92' lang='lat' dir='ltr'>si</span> <span class='ocrx_word' id='word_1_240' title='bbox 3339 3548 3464 3622; x_wconf 91' lang='lat' dir='ltr'>per</span> <span class='ocrx_word' id='word_1_241' title='bbox 3487 3546 3606 3596; x_wconf 93' lang='lat' dir='ltr'>eos</span> <span class='ocrx_word' id='word_1_242' title='bbox 3633 3526 3841 3596; x_wconf 88' lang='lat' dir='ltr'>dene·</span> 
     </span>
     <span class='ocr_line' id='line_1_26' title="bbox 1015 3646 3836 3744; baseline 0.001 -30"><span class='ocrx_word' id='word_1_243' title='bbox 1015 3653 1248 3736; x_wconf 78' lang='lat' dir='ltr'>gatam</span> <span class='ocrx_word' id='word_1_244' title='bbox 1307 3654 1428 3716; x_wconf 91' lang='lat' dir='ltr'>aut</span> <span class='ocrx_word' id='word_1_245' title='bbox 1468 3646 1849 3718; x_wconf 87' lang='lat' dir='ltr'>detractam</span> <span class='ocrx_word' id='word_1_246' title='bbox 1902 3648 2080 3720; x_wconf 83' lang='lat' dir='ltr'>forte</span> <span class='ocrx_word' id='word_1_247' title='bbox 2135 3648 2266 3720; x_wconf 88' lang='lat' dir='ltr'>sibi</span> <span class='ocrx_word' id='word_1_248' title='bbox 2310 3649 2649 3741; x_wconf 90' lang='lat' dir='ltr'>justitiam</span> <span class='ocrx_word' id='word_1_249' title='bbox 2704 3650 2991 3744; x_wconf 90' lang='lat' dir='ltr'>prestito</span> <span class='ocrx_word' id='word_1_250' title='bbox 3039 3658 3469 3721; x_wconf 91' lang='lat' dir='ltr'>sacramento</span> <span class='ocrx_word' id='word_1_251' title='bbox 3514 3646 3836 3719; x_wconf 88' lang='lat' dir='ltr'>firmave-</span> 
     </span>
     <span class='ocr_line' id='line_1_27' title="bbox 1005 3769 3839 3866; baseline 0.001 -28"><span class='ocrx_word' id='word_1_252' title='bbox 1005 3769 1189 3857; x_wconf 86' lang='lat' dir='ltr'>rint,</span> <span class='ocrx_word' id='word_1_253' title='bbox 1240 3770 1519 3841; x_wconf 89' lang='lat' dir='ltr'>nomine</span> <span class='ocrx_word' id='word_1_254' title='bbox 1570 3771 2020 3864; x_wconf 85' lang='lat' dir='ltr'>supplicantis</span> <span class='ocrx_word' id='word_1_255' title='bbox 2064 3782 2134 3843; x_wconf 93' lang='lat' dir='ltr'>et</span> <span class='ocrx_word' id='word_1_256' title='bbox 2169 3772 2425 3864; x_wconf 85' lang='lat' dir='ltr'>judicis</span> <span class='ocrx_word' id='word_1_257' title='bbox 2479 3794 2637 3843; x_wconf 91' lang='lat' dir='ltr'>cum</span> <span class='ocrx_word' id='word_1_258' title='bbox 2681 3773 3069 3864; x_wconf 87' lang='lat' dir='ltr'>adjectione</span> <span class='ocrx_word' id='word_1_259' title='bbox 3108 3774 3274 3845; x_wconf 89' lang='lat' dir='ltr'>dicti</span> <span class='ocrx_word' id='word_1_260' title='bbox 3326 3772 3636 3866; x_wconf 86' lang='lat' dir='ltr'>rescripti</span> <span class='ocrx_word' id='word_1_261' title='bbox 3678 3793 3839 3843; x_wconf 91' lang='lat' dir='ltr'>con-</span> 
     </span>
     <span class='ocr_line' id='line_1_28' title="bbox 1013 3894 3835 3992; baseline 0 -27"><span class='ocrx_word' id='word_1_262' title='bbox 1013 3894 1187 3965; x_wconf 90' lang='lat' dir='ltr'>cessi</span> <span class='ocrx_word' id='word_1_263' title='bbox 1229 3894 1298 3964; x_wconf 93' lang='lat' dir='ltr'>in</span> <span class='ocrx_word' id='word_1_264' title='bbox 1352 3895 1873 3966; x_wconf 88' lang='lat' dir='ltr'>memorialibus</span> <span class='ocrx_word' id='word_1_265' title='bbox 1918 3897 2088 3965; x_wconf 91' lang='lat' dir='ltr'>actis</span> <span class='ocrx_word' id='word_1_266' title='bbox 2131 3919 2269 3990; x_wconf 89' lang='lat' dir='ltr'>que</span> <span class='ocrx_word' id='word_1_267' title='bbox 2317 3919 2527 3991; x_wconf 89' lang='lat' dir='ltr'>super</span> <span class='ocrx_word' id='word_1_268' title='bbox 2567 3896 2673 3967; x_wconf 90' lang='lat' dir='ltr'>his</span> <span class='ocrx_word' id='word_1_269' title='bbox 2723 3897 3113 3992; x_wconf 88' lang='lat' dir='ltr'>specialiter</span> <span class='ocrx_word' id='word_1_270' title='bbox 3155 3895 3305 3967; x_wconf 85' lang='lat' dir='ltr'>fieri</span> <span class='ocrx_word' id='word_1_271' title='bbox 3357 3895 3835 3967; x_wconf 88' lang='lat' dir='ltr'>mandavimus</span> 
     </span>
     <span class='ocr_line' id='line_1_29' title="bbox 999 4018 3825 4114; baseline 0.002 -32"><span class='ocrx_word' id='word_1_272' title='bbox 999 4027 1385 4107; x_wconf 78' lang='lat' dir='ltr'>¹annotate,</span> <span class='ocrx_word' id='word_1_273' title='bbox 1427 4018 1708 4090; x_wconf 90' lang='lat' dir='ltr'>tandem</span> <span class='ocrx_word' id='word_1_274' title='bbox 1748 4019 1815 4088; x_wconf 93' lang='lat' dir='ltr'>in</span> <span class='ocrx_word' id='word_1_275' title='bbox 1853 4018 2287 4114; x_wconf 83' lang='lat' dir='ltr'>infrascripta</span> <span class='ocrx_word' id='word_1_276' title='bbox 2320 4020 2539 4092; x_wconf 83' lang='lat' dir='ltr'>forma</span> <span class='ocrx_word' id='word_1_277' title='bbox 2583 4020 2845 4091; x_wconf 88' lang='lat' dir='ltr'>litteras</span> <span class='ocrx_word' id='word_1_278' title='bbox 2878 4020 3291 4092; x_wconf 90' lang='lat' dir='ltr'>obtinebunt</span> <span class='ocrx_word' id='word_1_279' title='bbox 3324 4041 3460 4112; x_wconf 90' lang='lat' dir='ltr'>que</span> <span class='ocrx_word' id='word_1_280' title='bbox 3491 4021 3645 4090; x_wconf 91' lang='lat' dir='ltr'>talis</span> <span class='ocrx_word' id='word_1_281' title='bbox 3676 4030 3825 4090; x_wconf 89' lang='lat' dir='ltr'>est:</span> 
     </span>
     <span class='ocr_line' id='line_1_30' title="bbox 1022 4141 3834 4239; baseline 0.003 -35"><span class='ocrx_word' id='word_1_282' title='bbox 1022 4167 1056 4205; x_wconf 89' lang='lat'>«</span> <span class='ocrx_word' id='word_1_283' title='bbox 1095 4142 1327 4211; x_wconf 86' lang='lat' dir='ltr'>Talem</span> <span class='ocrx_word' id='word_1_284' title='bbox 1358 4143 1668 4232; x_wconf 90' lang='lat' dir='ltr'>juratum</span> <span class='ocrx_word' id='word_1_285' title='bbox 1701 4141 1793 4212; x_wconf 92' lang='lat' dir='ltr'>ad</span> <span class='ocrx_word' id='word_1_286' title='bbox 1829 4151 1895 4213; x_wconf 89' lang='lat' dir='ltr'>te</span> <span class='ocrx_word' id='word_1_287' title='bbox 1948 4144 2362 4214; x_wconf 90' lang='lat' dir='ltr'>remittimus</span> <span class='ocrx_word' id='word_1_288' title='bbox 2394 4144 2578 4237; x_wconf 92' lang='lat' dir='ltr'>quod</span> <span class='ocrx_word' id='word_1_289' title='bbox 2633 4142 2932 4239; x_wconf 85' lang='lat' dir='ltr'>desuper</span> <span class='ocrx_word' id='word_1_290' title='bbox 2976 4145 3349 4215; x_wconf 89' lang='lat' dir='ltr'>intercluso</span> <span class='ocrx_word' id='word_1_291' title='bbox 3381 4143 3662 4234; x_wconf 81' lang='lat' dir='ltr'>negotio</span> <span class='ocrx_word' id='word_1_292' title='bbox 3693 4164 3734 4213; x_wconf 88' lang='lat' dir='ltr'>a</span> <span class='ocrx_word' id='word_1_293' title='bbox 3770 4152 3834 4213; x_wconf 91' lang='lat' dir='ltr'>te</span> 
     </span>
     <span class='ocr_line' id='line_1_31' title="bbox 1019 4263 3836 4362; baseline 0.002 -31"><span class='ocrx_word' id='word_1_294' title='bbox 1019 4288 1053 4325; x_wconf 67' lang='grc' dir='ltr'>»ι</span> <span class='ocrx_word' id='word_1_295' title='bbox 1094 4263 1376 4354; x_wconf 87' lang='lat' dir='ltr'>petitam</span> <span class='ocrx_word' id='word_1_296' title='bbox 1403 4266 1738 4357; x_wconf 90' lang='lat' dir='ltr'>justitiam</span> <span class='ocrx_word' id='word_1_297' title='bbox 1768 4264 2116 4358; x_wconf 80' lang='lat' dir='ltr'>nequierit</span> <span class='ocrx_word' id='word_1_298' title='bbox 2143 4267 2485 4357; x_wconf 89' lang='lat' dir='ltr'>obtinere,</span> <span class='ocrx_word' id='word_1_299' title='bbox 2517 4267 3000 4362; x_wconf 85' lang='lat' dir='ltr'>expediendus</span> <span class='ocrx_word' id='word_1_300' title='bbox 3026 4268 3203 4339; x_wconf 86' lang='lat' dir='ltr'>infra</span> <span class='ocrx_word' id='word_1_301' title='bbox 3237 4268 3475 4339; x_wconf 84' lang='lat' dir='ltr'>statuti</span> <span class='ocrx_word' id='word_1_302' title='bbox 3506 4266 3836 4361; x_wconf 82' lang='lat' dir='ltr'>temporis</span> 
     </span>
     <span class='ocr_line' id='line_1_32' title="bbox 1020 4385 3833 4484; baseline 0.002 -31"><span class='ocrx_word' id='word_1_303' title='bbox 1020 4410 1054 4449; x_wconf 71' lang='grc' dir='ltr'><strong>υ</strong></span> <span class='ocrx_word' id='word_1_304' title='bbox 1094 4385 1391 4478; x_wconf 91' lang='lat' dir='ltr'>spatium</span> <span class='ocrx_word' id='word_1_305' title='bbox 1431 4410 1554 4482; x_wconf 89' lang='lat' dir='ltr'>per</span> <span class='ocrx_word' id='word_1_306' title='bbox 1584 4411 1801 4461; x_wconf 92' lang='lat' dir='ltr'>novas</span> <span class='ocrx_word' id='word_1_307' title='bbox 1834 4399 2069 4462; x_wconf 91' lang='lat' dir='ltr'>nostre</span> <span class='ocrx_word' id='word_1_308' title='bbox 2096 4388 2572 4462; x_wconf 89' lang='lat' dir='ltr'>munificentie</span> <span class='ocrx_word' id='word_1_309' title='bbox 2606 4391 3024 4463; x_wconf 79' lang='lat' dir='ltr'>sanctiones,</span> <span class='ocrx_word' id='word_1_310' title='bbox 3065 4421 3100 4457; x_wconf 67' lang='lat' dir='ltr'><strong>n</strong></span> <span class='ocrx_word' id='word_1_311' title='bbox 3141 4392 3205 4462; x_wconf 91' lang='lat' dir='ltr'>Is</span> <span class='ocrx_word' id='word_1_312' title='bbox 3236 4400 3469 4463; x_wconf 89' lang='lat' dir='ltr'>autem</span> <span class='ocrx_word' id='word_1_313' title='bbox 3501 4389 3594 4461; x_wconf 89' lang='lat' dir='ltr'>ad</span> <span class='ocrx_word' id='word_1_314' title='bbox 3626 4409 3833 4484; x_wconf 89' lang='lat' dir='ltr'>quem</span> 
     </span>
     <span class='ocr_line' id='line_1_33' title="bbox 1013 4506 3836 4609; baseline 0.002 -33"><span class='ocrx_word' id='word_1_315' title='bbox 1013 4506 1408 4597; x_wconf 82' lang='lat' dir='ltr'>hujusmodi</span> <span class='ocrx_word' id='word_1_316' title='bbox 1456 4510 1681 4584; x_wconf 88' lang='lat' dir='ltr'>littere</span> <span class='ocrx_word' id='word_1_317' title='bbox 1738 4515 2323 4603; x_wconf 92' lang='lat' dir='ltr'>transmittuntur,</span> <span class='ocrx_word' id='word_1_318' title='bbox 2373 4535 2617 4586; x_wconf 88' lang='lat' dir='ltr'>omnes</span> <span class='ocrx_word' id='word_1_319' title='bbox 2671 4524 3012 4609; x_wconf 88' lang='lat' dir='ltr'>quotquot</span> <span class='ocrx_word' id='word_1_320' title='bbox 3056 4516 3127 4585; x_wconf 89' lang='lat' dir='ltr'>in</span> <span class='ocrx_word' id='word_1_321' title='bbox 3175 4515 3395 4586; x_wconf 85' lang='lat' dir='ltr'>forma</span> <span class='ocrx_word' id='word_1_322' title='bbox 3454 4511 3836 4607; x_wconf 88' lang='lat' dir='ltr'>prescripta</span> 
     </span>
     <span class='ocr_line' id='line_1_34' title="bbox 1012 4625 3834 4730; baseline 0.002 -30"><span class='ocrx_word' id='word_1_323' title='bbox 1012 4628 1240 4700; x_wconf 88' lang='lat' dir='ltr'>officio</span> <span class='ocrx_word' id='word_1_324' title='bbox 1273 4650 1400 4701; x_wconf 91' lang='lat' dir='ltr'>suo</span> <span class='ocrx_word' id='word_1_325' title='bbox 1434 4630 1727 4704; x_wconf 90' lang='lat' dir='ltr'>durante</span> <span class='ocrx_word' id='word_1_326' title='bbox 1774 4625 2119 4730; x_wconf 79' lang='lat' dir='ltr'>acceperit</span> <span class='ocrx_word' id='word_1_327' title='bbox 2172 4636 2263 4708; x_wconf 89' lang='lat' dir='ltr'>ab</span> <span class='ocrx_word' id='word_1_328' title='bbox 2312 4637 2902 4710; x_wconf 88' lang='lat' dir='ltr'>administratione</span> <span class='ocrx_word' id='word_1_329' title='bbox 2949 4648 3254 4709; x_wconf 88' lang='lat' dir='ltr'>remotus</span> <span class='ocrx_word' id='word_1_330' title='bbox 3305 4637 3482 4707; x_wconf 83' lang='lat' dir='ltr'>infra</span> <span class='ocrx_word' id='word_1_331' title='bbox 3523 4655 3834 4707; x_wconf 91' lang='lat' dir='ltr'>mensem</span> 
     </span>
    </p>
   </div>
  </div>
 </body>
</html>
