4364 5738
556 574 755 633 mmm.
794 571 920 649 15.]
1451 569 1846 631 msronm
1894 566 2489 632 mPLOMA'rch.
3302 569 3373 629 31

556 708 810 802 pietate
853 713 1136 794 natura,
1170 703 1270 775 sic
1320 724 1449 775 nos
1495 706 1810 777 meminit
1854 728 2007 778 esse
2045 716 2314 801 patrem
2353 713 2432 774 ut
2466 700 2776 795 suspiriis
2806 700 3007 772 dolor
3036 702 3376 776 immode-

554 840 747 902 ratus
778 836 1243 916 excresceret,
1281 837 1353 898 et
1382 828 1870 921 preteritorum
1900 829 2095 901 obliti
2120 830 2279 922 plus
2310 847 2520 919 quam
2552 823 2772 895 David
2814 834 3128 896 nostrum
3145 848 3380 900 amare

558 955 881 1027 flevimus
903 953 1361 1042 Absalonem3
1393 974 1581 1023 nunc
1603 953 1901 1026 scientes
1929 951 2121 1046 quod
2143 950 2424 1023 dilectio
2452 948 2678 1020 filialis
2697 970 2838 1019 non
2856 959 3087 1043 potest
3106 971 3149 1021 a
3171 952 3381 1024 corde

552 1078 773 1173 patris
804 1099 934 1173 per
972 1080 1183 1170 q'uem
1223 1074 1408 1170 cepit
1455 1077 1825 1149 essentiam
1865 1078 1956 1150 de
1997 1075 2179 1148 facili
2221 1074 2563 1169 separari,
2602 1080 2683 1142 ut
2720 1072 2842 1164 qui
2879 1073 3123 1146 vivens
3158 1086 3377 1147 mate-

554 1203 727 1274 riam
772 1202 904 1274 sibi
943 1198 1318 1272 colletandi
1358 1220 1501 1271 non
1537 1200 1810 1290 tribuit,
1851 1200 2155 1272 moriens
2199 1197 2472 1271 dederit
2505 1196 2857 1269 incentiva
2894 1196 3204 1270 dolendi.
3243 1202 3377 1271 Su·

552 1333 839 1421 persunt
872 1333 1103 1401 tamen
1131 1322 1204 1393 in
1233 1330 1613 1416 conspectu
1639 1332 1879 1399 nostro
1906 1344 2084 1415 quos
2114 1322 2204 1395 de
2241 1332 2307 1393 te
2336 1321 2630 1414 sumpsit
2658 1318 2780 1389 filii
2812 1320 2955 1392 duo
2986 1318 3044 1415 (i
3064 1319 3122 1416 ),
3158 1323 3380 1395 cario·

553 1470 664 1521 res
691 1470 828 1521 avo
852 1457 1180 1543 nepotes,
1204 1446 1295 1518 ad
1322 1445 1824 1538 mitigationem
1855 1446 2115 1519 doloris
2144 1467 2239 1518 ex
2264 1444 2619 1537 quondam
2646 1445 2860 1538 patris
2887 1466 3130 1516 eorum
3158 1457 3379 1519 morte

554 1572 871 1667 concepti
899 1569 1171 1666 placide
1199 1569 1693 1642 consolationis
1724 1569 2034 1642 remedia
2063 1569 2567 1655 ministranteS,
2594 1587 2771 1659 quos
2800 1567 2871 1637 in
2905 1564 3082 1639 tilios
3108 1579 3379 1641 nostros

554 1694 1051 1790 assumpsimus
1080 1702 1151 1764 et
1177 1691 1515 1764 habemus
1539 1703 1613 1764 et
1632 1702 1925 1788 paterno
1953 1694 2437 1787 amplexamur
2461 1690 2739 1762 affectu.
2761 1693 2855 1762 Te
2883 1713 3161 1785 quoque
3192 1703 3382 1765 tene-

554 1841 706 1889 mus
731 1828 813 1889 ut
835 1815 1084 1907 filiam,
1116 1827 1188 1888 et
1217 1816 1379 1887 licet
1408 1816 1498 1887 de
1529 1815 1718 1887 dicto
1746 1813 1889 1887 filio
1917 1814 2019 1913 (a)
2044 1816 2197 1888 viro
2227 1812 2405 1913 [tuo]
2432 1836 2587 1886 rara
2621 1813 2840 1909 possis
2872 1815 3125 1887 solacia
3157 1838 3382 1889 recor-

552 1942 737 2031 dari,
776 1962 908 2012 nec
947 1940 1039 2012 ad
1079 1939 1563 2011 insinuationis
1604 1938 1844 2010 mortis
1881 1961 2006 2011 sue
2041 1961 2356 2011 rumores
2387 1940 2729 2035 lacrymas
2758 1940 2993 2011 valeas
3025 1941 3378 2013 continere

554 2065 935 2158 conjugalis
967 2064 1149 2136 thori
1189 2063 1486 2136 divortia
1534 2062 2002 2157 deplorandO,
2039 2062 2232 2134 ducti
2273 2063 2537 2157 pietate
2578 2071 2901 2133 natorum
2947 2085 3123 2155 quos
3176 2065 3376 2137 nobis

553 2200 623 2261 et
658 2189 779 2260 tibi
818 2189 909 2261 ab
947 2209 1031 2260 eo
1070 2187 1403 2259 Dominus
1451 2186 1895 2282 propagavit,
1931 2196 2292 2281 paternam
2328 2186 2449 2258 tibi
2481 2185 2572 2257 de
2607 2186 2827 2278 gratia
2864 2196 3098 2257 nostra
3141 2185 3373 2260 firma—

552 2335 706 2385 mus
752 2322 823 2384 et
862 2332 1197 2403 augemus
1240 2311 1313 2381 in
1352 2309 1678 2382 omnibus
1712 2311 2188 2401 voluntatem3
2228 2307 2509 2381 eosdem
2550 2317 2751 2380 natos
2791 2317 2945 2379 tuos
2976 2330 3151 2401 quos
3192 2311 3375 2382 circa

552 2458 677 2509 nos
703 2436 1075 2524 habemuS‚
1105 2433 1198 2506 ad
1229 2444 1424 2506 tuum
1455 2445 1526 2506 et
1553 2455 1793 2506 eorum
1823 2433 2162 2506 honorem
2192 2433 2449 2528 pariter
2480 2443 2552 2504 et
2582 2440 3031 2524 augmentum
3065 2441 3180 2504 tue
3213 2455 3376 2505 con·

551 2560 866 2633 solationi
898 2558 1156 2654 pariter
1181 2569 1253 2630 et
1276 2559 1609 2630 memorie
1638 2567 2143 2653 presentantes,
2174 2558 2248 2628 in
2281 2557 2536 2651 quibus
2557 2556 2818 2627 boniet
2843 2558 3069 2628 omnis
3091 2556 3374 2630 honoris

553 2686 650 2755 tui
689 2682 1155 2756 recordabiles
1187 2704 1677 2777 permanemus
1706 2680 1839 2780 (2).
3343 2702 3348 2705 ’

658 3189 1079 3277 Friderieus
1102 3254 1125 3299 ,
1169 3195 1687 3279 Romanorum
1734 3195 2173 3303 imperator,
2219 3192 2503 3301 populo
2537 3192 2998 3278 Messanensi
3048 3201 3368 3274 mortem

554 3321 847 3406 Henrici
908 3325 1046 3407 filii
1110 3326 1227 3409 sui
1264 3328 1612 3432 nuntiat,
1666 3353 1843 3409 eum
1890 3326 2194 3435 magnis
2246 3326 2583 3409 defuncti
2637 3325 3086 3435 praeconiis,
3138 3350 3368 3434 quem

553 3480 806 3566 regem
844 3457 1139 3541 Siciliae
1175 3458 1531 3568 appellat.
2231 3461 2236 3466 ’

721 3666 952 3745 (Edidit
988 3667 1267 3748 Horum,
1296 3668 1507 3729 Kaiser
1537 3667 1770 3729 Friedr.
1798 3667 1889 3745 ΙΙ,
1919 3669 2283 3743 document„
2317 3686 2376 3746 p.
2420 3677 2567 3747 ⁴28,
2607 3678 2674 3728 ιιο
2702 3677 2801 3739 60,
2846 3686 2919 3728 ex
2958 3669 3090 3730 cod.
3129 3669 3193 3729 S.
3225 3669 3366 3728 Em-

794 3790 945 3834 mer.
977 3776 1040 3833 in
1069 3774 1214 3835 bibl.
1245 3791 1375 3853 reg.
1402 3777 1640 3836 Monac.
1672 3775 1739 3837 B.
1772 3774 1998 3854 LXXI,
2029 3775 2133 3836 lib.
2165 3774 2272 3847 lv,
2311 3773 2430 3854 18.)

635 3928 718 4009 (a)
758 3928 913 3992 Filio
942 3932 1104 3994 deest
1134 3936 1197 3994 in
1222 3933 1355 3994 cod.
1386 3935 1641 3995 Berolin.

622 4187 694 4261 (⁴)
734 4190 1035 4248 Friderieus
1056 4191 1260 4250 scilicet
1287 4200 1343 4249 et
1371 4194 1653 4265 Henricus,
1684 4210 1912 4267 quorum
1937 4194 2087 4268 prior
2109 4201 2319 4251 tantum
2345 4193 2416 4250 ad
2441 4190 2865 4248 adulescentiam
2886 4198 3171 4263 provectus
3196 4192 3253 4249 in
3279 4194 3367 4252 avi

551 4283 633 4340 sui
652 4285 799 4343 curia
825 4302 1114 4360 personam
1138 4289 1267 4360 egit.

623 4383 698 4452 (2)
732 4382 953 4440 Nullum
984 4389 1168 4442 tamen
1203 4385 1344 4443 inter
1381 4387 1735 4458 Margaretam
1778 4386 2018 4461 reginam
2063 4392 2120 4444 et
2162 4386 2281 4457 ejus
2325 4399 2574 4442 socerum
2620 4383 2897 4442 affinitatis
2937 4400 3034 4443 seu
3068 4385 3368 4444 dilectionis

553 4477 817 4536 vinculum
844 4479 1173 4553 superfuisse
1219 4481 1476 4540 libentius
1508 4484 1848 4543 crediderim.
1879 4484 2028 4554 Quae
2061 4483 2280 4556 quidem
2314 4488 2436 4554 post
2469 4481 2859 4555 depositionem
2893 4482 3108 4540 Hearici
3142 4483 3199 4538 iu
3234 4482 3367 4540 Ale-

552 4573 729 4631 mania
755 4583 1111 4647 remanserat,
1146 4578 1235 4634 ubi
1261 4578 1352 4635 diu
1378 4580 1525 4653 apud
1550 4580 1879 4655 Herbipolim
1917 4581 2056 4637 inter
2090 4579 2526 4637 sanctimoniales
2571 4580 2677 4654 piis
2710 4580 2966 4653 operibus
3001 4579 3367 4637 addictissima

554 4667 726 4727 latuit.
752 4670 881 4730 Inde
902 4673 1047 4730 circa
1075 4691 1276 4733 annum
1307 4679 1444 4734 ⁴246
1466 4677 1522 4733 in
1550 4677 1822 4735 Austriam
1847 4691 2064 4733 reversa
2092 4682 2197 4733 est.

3471 3225 3730 3277 [Februario

3489 3284 3714 3332 exsultim]
