4364 5738
1043 558 1157 618 182
2035 555 2469 617 ramulum
2519 555 2869 616 SECUNDI
3478 557 3642 636 [Anu.
3679 558 3849 620 1244.

1037 704 1328 786 quarto,
1399 696 1596 786 regni
1655 696 2048 768 Ierusalem·
2084 690 2462 784 vigesimo,
2540 690 2736 782 regni
2798 710 2967 762 vero
3033 689 3260 762 Sicilie
3330 691 3856 785 quadragesimo

1036 829 1287 910 quarto
1325 816 1456 914 (a),
1495 819 1811 890 feliciter.
1848 818 2098 889 Amen.

1133 945 1385 1014 Datum
1426 943 1616 1038 apud
1652 940 2387 1037 Aquampendentem,
2434 958 2658 1027 anno,
2706 958 2943 1009 mense
2988 947 3058 1010 et
3091 938 3466 1011 indictione
3498 939 3845 1033 predictis.

707 1463 900 1566 ⁴233.
1140 1467 1196 1547 F
1198 1468 1561 1551 ridericus
1582 1531 1603 1571 ,
1649 1470 2167 1552 Romanorum
2223 1471 2662 1580 imperator,
2715 1472 2813 1552 ad
2869 1469 3491 1579 supplicationem
3550 1463 3849 1551 Ottonis

654 1572 917 1622 pendentem
928 1603 944 1627 ,

724 1624 872 1676 wau.
1033 1600 1128 1681 de
1163 1599 1495 1683 Flotowe
1530 1603 1872 1684 concedit
1910 1613 1995 1683 ut
2051 1603 2112 1683 si
2161 1629 2334 1686 eum
2375 1628 2611 1686 uxore
2655 1615 2731 1686 et
2784 1602 2941 1684 filia
2994 1628 3133 1684 sua
3172 1599 3544 1710 praemori
3590 1597 3845 1680 conti-

1035 1732 1268 1841 gerit,
1325 1742 1646 1843 utraque
1693 1736 2108 1817 successive
2153 1735 2461 1818 feodum
2517 1735 2595 1817 in
2642 1734 2882 1818 Frisia
2929 1734 3034 1845 (F
3038 1733 3409 1839 riesland)
3470 1733 3701 1815 situm
3752 1729 3846 1810 ad

1032 1865 1263 1946 vitam
1304 1868 1835 1949 tantummodo
1880 1868 2214 1950 detinere
2251 1867 2514 1976 possit.

1195 2080 1378 2158 (Edit.
1415 2099 1513 2157 ap.
1549 2081 1601 2140 N
1607 2099 1834 2159 msam,
1864 2083 2133 2163 Beier-aye
2156 2101 2234 2143 zu
2253 2085 2438 2143 ciuem
2455 2084 2742 2145 Miimter.
2778 2080 3174 2156 Urkundmb„
3196 2089 3336 2143 erst.
3369 2081 3549 2153 band,
3578 2081 3638 2141 11
3664 2087 3841 2157 part„

1270 2205 1331 2264 p.
1374 2198 1466 2266 ιι,
1498 2197 1565 2247 n⁰
1596 2188 1735 2267 ΙΙΙ.)

1129 2373 1515 2445 Fridericus
1532 2428 1550 2461 ,
1581 2375 1709 2445 Dei
1741 2377 1962 2466 gratia
1989 2377 2457 2448 Romanorum
2491 2377 2866 2472 imperator
2891 2397 3169 2471 semper
3197 2383 3566 2467 augustuS,
3601 2372 3844 2444 lheru·

1032 2499 1247 2570 salem
1282 2509 1350 2568 et
1379 2498 1607 2569 Sicilie
1643 2521 1795 2570 rex.
1837 2500 1968 2570 Per
1999 2521 2287 2594 presens
2320 2499 2652 2595 scriptum
2682 2509 2924 2571 notum
2957 2498 3107 2571 fieri
3139 2500 3462 2570 volumus
3506 2495 3847 2567 universis

1032 2620 1302 2716 imperii
1365 2619 1686 2693 fidelibus
1735 2632 1875 2693 tam
1946 2624 2384 2716 presentibus
2444 2644 2654 2716 quam
2713 2624 2963 2695 futuris
3015 2622 3205 2718 quod
3258 2643 3491 2694 comes
3539 2621 3700 2692 Otto
3760 2619 3847 2690 de

1032 2746 1342 2816 Flotowe
1395 2741 1496 2839 (⁴)
1545 2745 1838 2816 dilectus
1878 2746 2434 2838 consanguineus
2490 2758 2559 2819 et
2614 2746 2841 2819 fidelis
2890 2757 3126 2818 noster
3175 2757 3409 2818 nostre
3459 2744 3848 2816 celsitudini

1032 2869 1446 2966 supplicavit
1498 2880 1841 2963 quatenus
1897 2871 2178 2942 feodum
2227 2872 2296 2941 in
2351 2872 2587 2968 Frysia
2629 2873 2835 2943 situm
2878 2871 3068 2965 quod
3123 2893 3164 2943 a
3205 2871 3406 2942 nobis
3447 2880 3519 2941 et
3559 2868 3846 2965 imperio

1035 3002 1256 3083 tenet,
1293 2992 1500 3064 uxori
1533 3016 1655 3064 sue
1683 2994 1937 3089 Sophie
1977 3004 2048 3065 et
2075 2992 2214 3066 filie
2248 3017 2458 3088 quam
2500 3017 2593 3065 ex
2631 2995 2780 3089 ipsa
2820 2995 3123 3090 suscepit
3155 2993 3475 3066 fidelibus
3508 2993 3759 3064 nostris
3789 2992 3845 3063 si

1035 3139 1194 3187 eum
1246 3116 1411 3210 ipsis
1465 3118 1763 3211 premori
1815 3118 2283 3211 contingeret,
2343 3119 2437 3191 ad
2484 3119 2698 3190 vitam
2749 3118 3113 3211 utriusque
3171 3139 3409 3189 earum
3460 3116 3845 3189 successive

1036 3240 1411 3312 tenendum
1437 3240 1818 3312 concedere
1852 3241 1940 3312 de
1973 3253 2209 3314 nostra
2242 3243 2462 3336 gratia
2487 3243 2960 3335 dignaremur.
2998 3244 3140 3313 Nos
3173 3242 3381 3335 igitur
3411 3240 3845 3312 attendentes

1032 3386 1277 3460 puram
1315 3362 1524 3436 fidem
1568 3374 1637 3435 et
1669 3365 2072 3437 immensam
2115 3367 2562 3439 devotionem
2594 3388 2804 3459 quam
2851 3367 3035 3438 idem
3079 3388 3314 3438 comes
3353 3364 3445 3437 ad
3494 3365 3842 3437 excellen-

983 3575 990 3581 ,
1035 3489 1198 3561 tiam
1229 3500 1531 3560 nostram
1563 3499 1632 3559 et
1659 3489 2022 3583 imperium
2050 3491 2228 3583 gerit
2254 3512 2385 3562 nec
2413 3512 2554 3562 non
2586 3500 2783 3583 grata
2816 3491 3021 3562 valde
3051 3502 3122 3562 et
3143 3489 3373 3562 fidelia
3404 3489 3683 3561 servitia
3709 3510 3842 3581 que

1030 3612 1313 3685 culmini
1355 3622 1591 3683 nostro
1633 3612 1952 3683 exhibuit
1994 3613 2445 3706 incessanter,
2480 3614 2621 3685 suis
2667 3614 3288 3710 supplicationibus
3317 3624 3515 3706 grato
3551 3634 3841 3684 concur-

1029 3746 1262 3807 rentes
1290 3756 1571 3806 assensu
1591 3788 1609 3825 ‚
1647 3734 1833 3805 idem
1861 3735 2143 3807 feodum
2175 3737 2504 3831 predictis
2531 3738 2734 3808 uxori
2766 3759 2888 3808 sue
2921 3747 2994 3808 et
3024 3736 3161 3809 filie
3195 3737 3251 3809 si
3282 3759 3440 3808 eum
3475 3737 3638 3832 ipsis
3670 3757 3841 3831 pre-

1030 3860 1204 3931 mori
1235 3859 1683 3950 contingerit,
1715 3858 1806 3929 ad
1835 3859 2047 3930 vitam
2074 3861 2436 3955 utriusque
2462 3883 2699 3932 earum
2728 3862 3118 3933 successive
3150 3861 3526 3934 tenendum
3554 3860 3644 3932 de
3668 3860 3837 3930 libe·

1028 3984 1315 4055 ralitatis
1367 3992 1601 4056 nostre
1662 3982 2133 4055 munificentia
2192 3985 2523 4057 duximus
2579 3985 3142 4075 concedendum;
3210 3984 3551 4079 presentis
3609 3982 3839 4078 scripti

1112 4159 1194 4237 (a)
1240 4160 1331 4219 Ita
1357 4176 1617 4233 erronee,
1647 4177 1754 4236 pro
1780 4167 1964 4220 sexto.

1105 4474 1183 4548 (4)
1221 4474 1336 4529 Duo
1373 4474 1563 4532 iratres
1588 4476 1838 4543 aderant,
1869 4476 1994 4534 Otto
2034 4477 2240 4534 scilicet
2274 4484 2329 4533 et
2362 4478 2683 4534 Ludewicus
2722 4478 2789 4533 de
2829 4478 3210 4551 Ravensberg;
3246 4477 3490 4552 paternis
3525 4493 3653 4533 vero
3691 4476 3843 4532 bonis

1031 4573 1169 4628 inter
1209 4572 1353 4644 ipsos
1380 4587 1518 4628 anno
1557 4575 1693 4627 4226
1729 4574 1944 4644 divisis,
1982 4582 2220 4631 castrum
2258 4574 2327 4630 de
2371 4574 2717 4646 Ravcnsberg
2758 4574 3078 4640 Ludewico,
3117 4582 3457 4646 castrumque
3493 4573 3561 4630 de
3600 4573 3840 4630 Flotowe

1030 4670 1210 4727 Ottoni
1238 4668 1419 4726 cessit.
1448 4668 1531 4725 Cf.
1560 4669 1930 4741 Kmnnuvonn,
1961 4672 2167 4728 Hunst.
2204 4674 2472 4744 Boitraq„
2501 4679 2545 4727 t.
2568 4672 2659 4740 111,
2682 4688 2738 4744 p.
2773 4674 2898 4727 460.
