4364 5738
653 4665 873 4719 Verona,

686 4721 835 4774 junio.

1006 576 1129 638 sos
2005 574 2435 638 nmmum
2486 572 2831 637 suenum
3431 575 3596 659 [an.
3634 576 3807 641 ιω.

1008 710 1124 780 alii
1159 710 1406 781 nuntio
1437 711 1740 805 episcopi
1769 711 1957 806 apud
1987 710 2395 783 Aventicam
2425 730 2553 805 per
2588 709 2835 780 fratres
2860 709 2973 781 vel
3014 726 3253 781 eorum
3292 710 3573 783 nuntios
3614 708 3814 783 exhi·-

1007 832 1272 924 benda3
1320 833 1510 927 quod
1542 835 1599 905 si
1634 836 1823 929 prior
1849 835 2185 907 medietas
2216 834 2286 905 in
2325 835 2498 905 festo
2530 832 2750 904 sancti
2776 832 2949 905 Galli
2981 833 3313 906 solvenda
3353 834 3528 906 infra
3566 835 3811 907 festum

1007 956 1329 1027 Omnium
1358 959 1765 1029 Sanctorum
1796 959 1885 1030 de
1915 961 2202 1029 fratrum
2232 957 2652 1050 negligentia
2689 975 2830 1028 non
2879 955 3085 1027 fuerit
3115 954 3492 1051 persoluta,
3527 956 3814 1053 sepefati

1005 1083 1249 1154 fratres
1288 1080 1508 1177 ipsam
1549 1105 1728 1177 pene
1774 1085 2052 1156 nomine
2091 1082 2454 1155 restituent
2485 1078 2940 1175 duplicatam,
2978 1080 3224 1151 eodem
3256 1076 3327 1150 in
3367 1080 3634 1173 reliqua
3663 1098 3810 1153 me·-

1005 1205 1262 1278 dietate
1319 1206 1665 1278 servando
1713 1206 1772 1278 si
1820 1207 2103 1278 forsitan
2160 1204 2374 1300 ipsius
2426 1222 2647 1298 usque
2703 1212 2859 1297 post
2910 1202 3162 1273 festum
3220 1203 3441 1275 sancti
3488 1202 3814 1275 Iohannis

1002 1329 1305 1425 Baptiste
1346 1330 1597 1401 solutio
1630 1329 2097 1424 protrahatur.
2132 1328 2237 1401 Ne
2278 1348 2447 1401 vero
2483 1345 2621 1420 que
2661 1324 2995 1420 premissa
3037 1334 3201 1398 sunt
3249 1329 3446 1421 lapsu
3488 1327 3814 1422 temporis

1002 1453 1306 1548 aliquam
1332 1474 1620 1548 passura
1660 1454 2125 1549 calumpniam
2164 1451 2376 1524 modo
2411 1451 2725 1545 quolibet
2753 1447 3143 1541 irritentur,
3177 1461 3567 1544 presentem
3599 1451 3811 1522 cedu-

1005 1576 1141 1647 lam
1170 1576 1272 1647 rei
1311 1586 1505 1668 geste
1545 1578 1950 1648 memoriam
1994 1576 2465 1648 continentem
2507 1574 2747 1666 sigillis
2781 1573 3034 1645 nostris
3073 1574 3467 1644 curavimus
3502 1592 3811 1646 commu·-

1002 1699 1166 1769 niri.
1202 1699 1437 1770 Testes
1473 1700 1593 1792 qui
1640 1700 1967 1794 predictis
2012 1699 2384 1770 interfuere
2422 1707 2585 1769 sunt
2624 1697 2696 1768 hi
2734 1698 3123 1771 Willelmus
3159 1706 3426 1788 cantor,
3469 1692 3812 1770 Iohannes

1004 1820 1311 1894 decanus
1343 1820 1811 1911 Chunicensis,
1849 1822 2176 1915 magister
2211 1820 2571 1894 Galtherus
2604 1821 2920 1893 canonici
2949 1822 3447 1911 Lausanense5‚
3485 1822 3812 1913 magister

1001 1945 1226 2040 Aymo
1267 1944 1606 2039 plebanus
1648 1945 1736 2018 de
1775 1946 2198 2036 Rinvelden,
2251 1944 2611 2016 Heinricus
2653 1945 2994 2039 plebanus
3041 1944 3130 2015 de
3178 1944 3514 2015 lbrisdorf
3551 1953 3623 2015 et
3664 1964 3812 2015 ma·

1000 2069 1214 2161 gister
1241 2069 1652 2161 Rudigerius
1679 2070 1768 2141 de
1808 2069 2242 2141 Columbaria
2280 2090 2437 2141 cum
2467 2069 2784 2163 pluribus
2819 2068 2995 2139 aliis.
3029 2069 3171 2139 Nos
3207 2077 3440 2139 autem
3468 2067 3811 2140 Iohannes

1001 2193 1261 2265 electus
1304 2194 1760 2265 Lausanensis
1809 2216 1968 2265 cum
2018 2193 2323 2287 capitulo
2365 2202 2601 2264 nostro
2642 2192 3153 2264 consentientes
3197 2192 3517 2264 omnibus
3568 2209 3807 2287 supra-

1000 2316 1229 2407 dictis,
1248 2317 1506 2389 eisdem
1536 2318 1731 2388 lectis
1764 2327 1832 2388 et
1866 2317 2187 2411 perlectis
2204 2316 2542 2411 presentis
2573 2316 2813 2388 charte
2843 2315 3188 2386 notarium
3217 2316 3418 2387 simul
3451 2336 3578 2411 pro
3609 2315 3810 2387 nobis

999 2441 1321 2512 omnibus
1358 2442 1751 2533 rogavimus
1784 2439 2181 2511 subnotare.
2221 2442 2298 2511 In
2337 2440 2533 2531 cujus
2577 2439 2676 2510 rei
2724 2440 3227 2530 testimonium,
3267 2460 3553 2534 presens
3592 2440 3805 2534 scrip-

1002 2573 1146 2634 tum
1185 2563 1426 2656 sigillis
1460 2564 1711 2635 nostris
1758 2563 2088 2634 duximus
2121 2561 2695 2634 confirmandum.
2742 2562 2915 2634 Acta
2952 2571 3114 2633 sunt
3147 2570 3380 2632 autem
3434 2562 3566 2633 bec
3622 2562 3807 2656 apud

999 2688 1416 2777 Lausanam‚
1460 2707 1646 2758 anno
1688 2684 1961 2757 Domini
2002 2685 2094 2758 M.
2117 2686 2239 2758 CC.
2262 2686 2498 2775 XLIII,
2539 2685 2761 2780 pridie
2811 2684 3138 2757 calendas
3168 2684 3380 2776 junii,
3435 2683 3809 2757 indictione

996 2811 1245 2907 prima.

1093 2936 1235 3006 Nos
1258 2933 1468 3025 igitur
1493 2934 1928 3005 attendentes
1955 2929 2164 3004 fidem
2193 2953 2437 3026 puram
2469 2942 2538 3003 et
2556 2932 2997 3004 devotionem
3019 2932 3356 3004 sinceram
3384 2949 3595 3023 quam
3624 2930 3803 3003 idem

1000 3056 1326 3147 magister
1355 3055 1448 3127 ad
1476 3056 1958 3125 excellentiam
1993 3065 2299 3126 nostram
2337 3065 2405 3126 et
2437 3055 2802 3150 imperium
2833 3055 3037 3147 gerit,
3074 3075 3345 3126 necnon
3377 3065 3573 3147 grata
3602 3052 3802 3128 valde

999 3188 1070 3250 et
1100 3188 1385 3272 accepta
1426 3175 1702 3248 servitia
1740 3199 1876 3271 que
1910 3178 2302 3250 celsitudini
2342 3187 2577 3249 nostre
2614 3179 3040 3250 incessanter
3076 3178 3365 3251 exhibet
3407 3188 3479 3249 et
3509 3179 3803 3271 gratiora

998 3302 1068 3371 in
1094 3309 1299 3371 antea
1321 3300 1574 3395 poterit
1607 3299 1968 3390 exhibere,
1989 3300 2203 3395 ipsius
2231 3299 2847 3396 supplicationibus
2873 3303 3241 3394 benignius
3267 3302 3599 3392 inclinati,
3618 3319 3802 3372 com-

996 3423 1407 3520 positionem
1449 3424 1897 3520 prescriptam
1942 3422 2103 3495 huic
2148 3434 2385 3497 nostro
2426 3425 2683 3520 scripto
2726 3424 2815 3497 de
2855 3425 3072 3496 verbo
3117 3423 3210 3495 ad
3263 3421 3554 3496 verbum
3599 3421 3802 3494 inseri

987 3546 1357 3640 jussimus,
1392 3548 1612 3643 ipsam
1649 3557 1855 3644 prout
1882 3550 2071 3640 juste
2113 3557 2186 3619 et
2210 3549 2710 3620 rationabiliter
2740 3549 2920 3620 facta
2963 3554 3095 3637 est,
3127 3548 3216 3620 de
3244 3547 3618 3643 imperialis
3643 3565 3799 3641 pre-

997 3672 1370 3746 eminentie
1416 3680 1647 3744 nostre
1683 3673 1902 3764 gratia
1938 3669 2451 3744 confirmantes.
2487 3671 2597 3744 Ad
2632 3672 2842 3764 huJ‘us
2877 3673 3112 3765 itaque
3150 3681 3384 3743 nostre
3437 3667 3802 3743 confirma-

997 3797 1204 3869 tionis
1233 3797 1536 3869 futuram
1566 3795 1971 3867 memoriam
2008 3805 2079 3866 et
2105 3796 2320 3867 robur
2349 3805 2687 3891 perpetuo
2718 3795 3118 3884 valiturum,
3149 3815 3434 3890 presens
3473 3794 3797 3889 scriptum

995 3919 1147 3995 fieri
1181 3933 1251 3993 et
1279 3919 1659 4014 maiestatis
1689 3930 1923 3991 nostre
1956 3918 2182 4011 sigillo
2208 3919 2540 4011 jussimus
2572 3919 3007 3991 communiri.

1089 4043 1344 4118 Datum
1377 4043 1675 4135 verone,
1708 4064 1893 4116 anno
1924 4042 2269 4116 dominice
2297 4041 2789 4115 incarnationis
2816 4041 2908 4114 Μ.
2932 4041 3053 4114 CC.
3077 4038 3281 4131 XLV,
3316 4059 3554 4112 mense
3571 4039 3795 4133 junio,

999 4168 1198 4241 tertie
1235 4165 1652 4241 indictionis.

1105 4643 1566 4752 Fridericus‚
1634 4644 2150 4728 Romanorum
2213 4645 2649 4754 imperator,
2717 4642 3092 4730 civitatem
3163 4640 3796 4751 Bambergensem
