4364 5738
675 3006 881 3115 ἐξ

1008 571 1131 634 232
2007 573 2441 636 rmnssmcl
2488 574 2836 637 ssscmvm
3455 579 3621 661 [Arm.
3656 581 3836 648 1244.

1105 707 1529 797 Fridericus,
1579 708 1708 779 Dei
1748 708 1973 802 gratia
2014 710 2481 782 Romanorum
2525 711 2902 805 imperator
2931 730 3211 805 semper
3243 723 3606 807 augustus,
3642 718 3841 789 Jeru-

1010 832 1229 904 salem
1270 840 1341 902 et
1385 831 1613 903 Sicilie
1654 852 1808 904 rex.
1862 831 1994 903 Per
2034 854 2324 927 presens
2360 834 2693 929 scriptum
2731 843 2976 906 notum
3008 834 3299 908 facimus
3328 837 3672 911 universis
3707 840 3838 912 im·

1006 954 1180 1051 perii
1205 952 1527 1028 fidelibus
1556 963 1696 1025 tam
1720 955 2161 1050 presentibus
2186 978 2399 1050 quam
2430 958 2681 1029 futuris
2707 957 2900 1051 quod
2922 978 3056 1030 nos
3086 961 3604 1035 concessionem
3627 964 3840 1059 peda·

1009 1079 1284 1172 giorum
1342 1078 1698 1172 quondam
1762 1081 1842 1150 B.
1912 1080 2298 1152 Vivariensi
2356 1081 2685 1176 episcopo
2739 1082 2832 1155 ad
2888 1091 3161 1178 tempus
3218 1083 3310 1156 de
3366 1085 3839 1161 munificentia

1008 1212 1243 1275 nostre
1285 1203 1661 1294 majestatis
1696 1202 2109 1294 exhibitam,
2157 1226 2288 1299 pro
2334 1224 2419 1276 eo
2462 1205 2656 1299 quod
2694 1206 3165 1300 temporaliter
3204 1218 3274 1280 et
3319 1230 3462 1280 non
3500 1221 3838 1306 perpetuo
3924 1304 3928 1307 Α

1009 1327 1189 1400 facta
1238 1336 1345 1397 est
1384 1326 1531 1420 ipsa
1581 1327 1936 1400 concessio
1980 1337 2053 1399 et
2093 1328 2258 1421 quia
2304 1327 2673 1423 episcopus
2716 1328 3136 1401 Vivariensis
3184 1352 3542 1404 successor
3590 1336 3839 1428 prefati

1008 1452 1088 1522 B.
1143 1462 1606 1542 transgressor
1646 1452 1881 1523 extitit
1919 1453 2405 1524 mandatorum
2451 1462 2884 1544 nostrorum,
2932 1474 3074 1524 non
3104 1455 3489 1529 assistendo
3519 1454 3840 1531 fidelibus

1011 1575 1267 1646 nostris
1315 1583 1384 1645 et
1437 1574 1690 1646 nostris
1743 1596 1827 1646 ac
1873 1574 2144 1670 imperii
2196 1575 2574 1646 rebellibus
2623 1577 2945 1669 nequiter
2994 1576 3438 1670 adherendo,
3501 1592 3837 1677 perpetuo

1014 1698 1347 1771 duximus
1393 1699 1893 1789 revocandam3
1934 1698 2032 1769 ita
2072 1698 2265 1791 quod
2300 1699 2713 1772 auctoritate
2760 1700 3106 1795 privilegii
3144 1702 3363 1774 nostri
3408 1703 3667 1777 exinde
3706 1706 3838 1777 sibi

1013 1822 1323 1895 concessi
1349 1821 1613 1914 absque
1643 1821 1969 1893 reiterato
1991 1822 2426 1894 celsitudinis
2447 1832 2683 1895 nostre
2711 1823 3044 1897 mandato
3072 1824 3389 1920 pedagiis
3425 1828 3839 1923 supradictis

1014 1947 1322 2042 prefatus
1367 1946 1733 2041 episcopus
1771 1943 1874 2042 (a)
1911 1966 2051 2019 non
2096 1956 2359 2018 utatur.
2400 1944 2515 2019 Ad
2553 1948 2763 2039 hujus
2807 1956 3045 2022 autem
3095 1951 3557 2024 revocationis
3605 1963 3838 2025 nostre

1013 2072 1421 2144 memoriam
1454 2079 1527 2142 et
1558 2071 1771 2142 robur
1810 2081 2149 2166 perpetuo
2179 2072 2585 2164 valiturum,
2629 2095 2920 2168 presens
2960 2077 3295 2171 scriptum
3328 2075 3480 2148 fieri
3514 2087 3587 2150 et
3617 2077 3839 2171 sigillo

1015 2196 1394 2289 majestatis
1420 2205 1654 2268 nostre
1678 2195 2014 2287 jussimus
2045 2196 2487 2268 communiri.

1111 2323 1364 2392 Datum
1404 2317 1594 2415 apud
1629 2319 1854 2411 Pisas,
1903 2341 2091 2392 anno
2141 2319 2490 2392 dominice
2542 2321 3035 2394 incarnationis
3085 2322 3449 2396 millesimo
3498 2324 3834 2399 ducente·

1014 2448 1190 2518 simo
1219 2443 1752 2538 quadragesimo
1786 2452 2064 2536 quarto,
2089 2464 2331 2516 mense
2361 2444 2664 2537 augusti,
2702 2446 3008 2518 secunde
3037 2446 3459 2520 indictionis.

1123 3003 1584 3110 FridericuS,
1627 3003 2145 3086 Romanorum
2196 3003 2638 3112 imperator,
2680 3001 3235 3085 Boncambium
3280 3001 3528 3085 filium
3577 3023 3834 3110 quon-

1015 3137 1194 3219 dam
1239 3136 1620 3219 Venturae
1667 3136 1972 3220 Massoli
2018 3139 2115 3220 de
2164 3136 2493 3222 Cortona
2546 3133 2940 3245 publicum
2996 3134 3291 3244 imperii
3352 3133 3832 3217 tabellionem

1014 3268 1429 3353 constituit.

1179 3480 1507 3561 (Memorat.
1539 3485 1600 3542 in
1630 3482 1823 3561 Epist.
1858 3483 2072 3542 stunc.
2104 3481 2396 3552 Bonat‘nii,
2422 3479 2668 3541 Archiv.
2699 3487 2843 3541 stor.
2876 3479 3027 3555 ital„
3057 3479 3337 3558 append„
3366 3488 3432 3539 n⁰
3468 3487 3565 3550 12,
3596 3495 3657 3554 p.
3691 3485 3831 3555 ⁴65,

1252 3607 1326 3650 ex
1374 3592 1604 3668 registr.
1656 3596 1839 3649 veter.
1891 3594 2154 3649 coaetan.
2206 3594 2332 3648 not.
2383 3586 2702 3648 Crescendi
2732 3588 2797 3647 ln
2839 3585 3002 3647 arch.
3035 3602 3338 3647 commun.
3370 3584 3639 3663 Corton.,
3677 3583 3723 3643 f.
3756 3592 3831 3644 98

1252 3695 1462 3775 recto.)

1109 3886 1496 3959 Fridericus
1524 3883 1648 3954 Dei
1677 3882 1897 3976 gratia
1931 3882 2394 3953 Romanorum
2437 3880 2814 3976 imperator
2846 3900 3122 3974 semper
3153 3887 3522 3971 augustus,
3557 3878 3847 3971 Jerusaf

1011 4013 1148 4084 lem
1183 4020 1255 4081 et
1286 4009 1513 4082 Sicilie
1553 4029 1707 4078 rex.
1745 4004 1876 4076 Per
1907 4025 2195 4100 presens
2226 4004 2559 4098 scriptum
2593 4011 2837 4075 notum
2870 4002 3161 4075 facimus
3191 4000 3535 4074 universis
3568 3999 3835 4095 imperii

1009 4133 1334 4206 fidelibus
1365 4143 1504 4204 tam
1533 4129 1972 4226 presentibus
1998 4148 2208 4220 quam
2241 4127 2488 4197 futuris
2517 4125 2708 4220 quod
2736 4148 2865 4198 nos
2893 4124 3323 4200 confidentes
3351 4125 3440 4198 de
3468 4122 3835 4218 prudentia

1012 4265 1083 4329 et
1115 4255 1463 4347 legalitate
1495 4252 1893 4325 Boncambii
1929 4249 2051 4322 filii
2083 4249 2440 4343 quondam
2476 4250 2782 4321 Venture
2822 4248 3099 4321 Massoli
3140 4248 3230 4321 de
3271 4247 3567 4320 Cortona
3608 4244 3834 4317 fidelis

1010 4377 1257 4467 nostri,
1292 4386 1574 4471 recepto
1608 4377 1699 4447 ab
1733 4397 1818 4447 eo
1841 4376 2051 4467 juxta
2073 4373 2648 4446 consuetudinem
2684 4371 3038 4444 fidelitatis
3070 4381 3141 4443 et
3171 4370 3376 4445 officii
3401 4372 3826 4463 juramento,

1010 4500 1491 4574 constituimus
1531 4520 1692 4571 eum
1732 4499 2088 4595 publicum
2126 4497 2568 4570 tabellionem
2601 4496 2872 4592 imperii
2903 4504 2983 4568 ut
3012 4494 3264 4568 amodo
3304 4492 3564 4590 publici
3608 4492 3826 4566 tabel-

1094 4677 1180 4757 (a)
1222 4677 1334 4737 Hic
1360 4674 1519 4753 apud
1545 4674 1622 4738 D.
1652 4673 1915 4736 Valssete
1939 4670 2187 4736 ulta-he
2212 4673 2472 4735 additur.
