4364 5738
953 542 1067 603 116
1943 546 2371 608 Fntnssmcl
2418 548 2765 608 SECUNDI
3378 544 3539 628 [Anu.
3576 545 3751 608 1243.

949 679 1154 751 tionis
1187 677 1602 751 beneficium
1627 680 1832 772 juxta
1865 681 2155 752 sormam
2179 683 2486 754 Ecclesie
2519 691 3031 774 consequantur
3058 679 3191 775 (t).
3224 680 3519 752 Insistite
3550 682 3757 775 igitur

950 803 1275 875 studiosis
1303 802 1898 875 exhortationibus
1925 806 2114 899 apud
2146 828 2307 877 eum
2337 817 2415 878 ut
2447 807 2536 877 de
2563 827 2690 877 sua
2720 806 2939 877 salute
2967 805 3230 877 solicite
3262 806 3571 898 cogitans
3599 809 3752 877 uni-

950 949 1155 1000 verso
1204 929 1459 1022 populo
1505 926 1877 1001 christiano
1922 929 2011 1000 de
2062 931 2252 1024 pacis
2304 930 2795 1024 tranquillitate
2848 918 3213 1025 provideat
3261 939 3332 1002 et
3381 950 3575 1001 arma
3619 952 3755 1025 que

952 1052 1286 1124 adversus
1314 1053 1691 1124 Ecclesiam
1725 1052 2185 1126 irreverenter
2212 1055 2604 1149 assumpsit,
2627 1062 2868 1125 contra
2895 1053 3266 1142 hereticos,
3288 1053 3756 1125 schismaticos

951 1176 1258 1269 aliosque
1292 1177 1605 1248 inimicos
1635 1176 2025 1249 orthodoxe
2052 1176 2216 1249 fidei
2249 1201 2341 1249 ex
2373 1178 2762 1250 reverentia
2794 1176 2983 1248 filiali
3010 1186 3396 1250 convertat.
3428 1178 3539 1249 Sic
3572 1179 3754 1249 enim

950 1321 992 1371 a
1024 1322 1098 1372 se
1132 1301 1385 1394 judicis
1430 1300 1976 1392 indignationem
2008 1302 2380 1395 superioris
2417 1310 2764 1373 averteret
2801 1302 2923 1393 qui
2955 1322 3458 1393 nonnunquam
3488 1301 3561 1371 in
3596 1322 3754 1396 pre·

951 1425 1129 1496 senti
1166 1425 1719 1516 delinquentium
1751 1426 1990 1519 culpas
2018 1426 2265 1520 punire
2298 1426 2457 1498 ideo
2486 1425 2927 1520 pretermittit
2947 1437 3027 1497 ut
3057 1425 3210 1498 illas
3237 1424 3310 1495 in
3337 1424 3570 1496 futuro
3596 1445 3755 1517 gra-

952 1548 1110 1619 vius
1138 1548 1536 1636 ulciscatur,
1575 1560 1645 1619 et
1675 1548 1924 1621 Sedem
1958 1548 2425 1644 Apostolicam
2457 1550 2633 1622 adeo
2666 1550 2795 1621 sibi
2825 1549 3277 1622 constitueret
3310 1548 3755 1621 favorabilem

956 1681 1026 1744 et
1067 1672 1437 1763 benignam
1476 1681 1554 1742 ut
1593 1672 1663 1741 in
1705 1672 1788 1742 iis
1828 1694 1965 1765 que
2002 1673 2332 1768 principis
2383 1673 2598 1768 ipsius
2648 1673 2984 1745 honorem
3030 1672 3407 1767 respiciunt
3450 1671 3756 1744 studeret

906 1796 1106 1886 0ejus
1136 1794 1477 1867 desideria
1504 1795 1894 1889 prevenire.
1928 1795 2132 1880 Quod
2157 1796 2216 1866 si
2252 1796 2426 1869 forte
2463 1817 2537 1867 se
2572 1796 3066 1868 monitionibus
3103 1796 3351 1867 vestris
3392 1805 3533 1865 tam
3574 1795 3757 1865 salu-

954 1918 1195 1990 bribus
1237 1918 1586 1990 humiliter
1619 1941 1761 1991 non
1807 1919 2128 2010 inclinet,
2179 1919 2504 1991 volumus
2534 1929 2607 1991 et
2636 1919 3061 2014 presentium
3106 1920 3306 1991 vobis
3353 1920 3757 1991 auctoritate

955 2042 1363 2115 mandamus
1394 2053 1737 2136 quatenus
1763 2043 1855 2115 ad
1886 2064 2014 2114 nos
2044 2042 2360 2137 protinus
2390 2042 2715 2114 redeatis.

1049 2169 1298 2239 Datum
1329 2166 1670 2260 Anagnis,
1703 2168 1821 2239 vn
1853 2166 2185 2239 kalendas
2215 2166 2654 2262 septembris,
2688 2186 2874 2240 anno
2906 2166 2960 2237 1.

1383 2509 1746 2522 ———————

609 2838 823 2889 mmm.
1061 2805 1486 2890 Fridericus
1503 2867 1527 2913 ,
1575 2806 2092 2890 Romanorum
2148 2804 2587 2914 imperator,
2632 2806 2731 2888 ad
2766 2805 3201 2916 petitionem
3249 2803 3507 2887 fratris
3561 2802 3759 2887 Gof-

585 2894 640 2936 ⁸¹
664 2894 853 2946 ‘'m“
954 2938 1132 3021 fridi
1194 2938 1527 3044 Baliani,
1603 2938 1858 3021 comiti
1930 2938 2266 3021 Thomae
2310 2939 2407 3022 de
2478 2938 2781 3046 Aquino
2856 2939 3069 3047 regni
3129 2936 3762 3020 Hierosolimitani

953 3070 1157 3155 balio
1205 3083 1280 3153 et
1332 3072 1410 3151 in
1460 3071 1805 3180 partibus
1850 3071 2381 3153 transmarinis
2433 3070 2729 3178 imperii
2781 3070 3032 3179 legato
3086 3071 3401 3152 mandat
3451 3079 3540 3151 ut
3597 3094 3763 3150 cas-

956 3215 1161 3287 trum
1199 3204 1593 3285 Ascalonis
1628 3228 1807 3285 cum
1843 3202 2312 3311 pertinentiis
2369 3204 2528 3285 suis
2567 3202 2935 3312 magistro
2972 3213 3044 3286 et
3080 3199 3444 3284 fratribus
3495 3201 3765 3308 hospi-

956 3335 1128 3417 talis
1198 3334 1450 3417 Sancti
1512 3334 1876 3417 Johannis
1936 3334 2576 3417 Hierosolimitani
2638 3336 3231 3419 'custodiendum
3297 3334 3759 3438 committat,

956 3478 1036 3551 et
1079 3467 1279 3549 facta
1335 3467 1820 3576 inquisitione
1871 3493 2237 3577 expensas
2280 3466 2505 3550 utiles
2555 3479 2630 3552 et
2664 3469 3126 3552 necessarias
3162 3494 3354 3577 quas
3398 3492 3538 3574 pro
3582 3491 3758 3548 ser—

956 3603 1207 3684 vando
1241 3600 1507 3684 eodem
1544 3611 1792 3684 castro
1828 3600 2058 3682 iidem
2094 3599 2367 3682 fratres
2402 3599 2714 3705 facient,
2758 3612 3219 3710 compenset.

1129 3812 1331 3891 (Edld.
1367 3814 1584 3888 Pmu,
1618 3811 1753 3875 Cod.
1787 3811 2022 3894 diplom.
2060 3811 2158 3874 del
2181 3831 2332 3877 sacr.
2365 3811 2919 3887 ardema-molam„
2952 3820 3101 3876 tom.
3133 3813 3193 3887 1,
3221 3830 3281 3891 p.
3315 3821 3453 3890 118,
3481 3823 3548 3873 n⁰
3575 3811 3755 3889 cxl.)

1056 4002 1464 4093 Fridericus,
1495 4001 1621 4074 Dei
1647 4001 1870 4095 gratia
1907 4003 2374 4075 Romanorum
2408 4003 2783 4097 imperator
2809 4022 3086 4097 semper
3114 4010 3481 4093 augustus,
3514 3998 3762 4073 Jheru-

961 4125 1175 4197 salem
1208 4135 1280 4197 et
1313 4125 1540 4197 Sicilie
1578 4147 1733 4197 rex.
1765 4125 2017 4199 Notum
2048 4125 2337 4197 facimus
2364 4126 2705 4198 universis
2737 4125 2927 4219 quod
2966 4126 3307 4198 accedens
3350 4125 3441 4196 ad
3475 4145 3761 4219 presen-

964 4247 1131 4320 tiam
1174 4258 1477 4320 nostram
1508 4250 1720 4321 frater
1747 4249 2090 4323 Goffridus
2127 4249 2452 4322 Balianus
2490 4271 2617 4346 pro
2649 4260 2848 4345 parte
2884 4248 3300 4322 venerabilis
3342 4247 3651 4340 magistri
3697 4256 3767 4318 et

3608 4438 3767 4455 .——-·

1034 4556 1108 4629 (4)
1141 4555 1342 4614 vorum
1370 4561 1555 4630 postes
1580 4564 1777 4629 quarto
1803 4573 1971 4616 nonas
1992 4558 2315 4631 septembris
2338 4558 2682 4616 anathemate
2703 4557 2908 4616 solutos
2925 4558 3089 4616 luisse
3112 4562 3176 4613 ut
3194 4557 3262 4615 ad
3284 4554 3592 4614 wactsndss
3620 4553 3767 4627 pacis

965 4655 1111 4729 leges
1130 4652 1335 4711 admitti
1359 4652 1414 4710 in
1441 4659 1726 4726 conspectu
1748 4654 2016 4728 pontificis
2040 4661 2277 4729 possent,
2302 4656 2591 4714 ostendunt
2613 4656 2901 4715 Innocentii
2927 4655 3159 4726 litterae,
3181 4668 3322 4727 quae
3351 4651 3489 4710 infra
3505 4694 3520 4723 ,
3549 4668 3606 4725 p.
3640 4654 3762 4708 ΗΒ.
