4364 5738
1008 559 1138 622 244
2007 566 2439 629 munemel
2485 563 2833 628 sncmvm
3444 559 3606 644 [An.
3641 559 3818 622 1244.

1015 694 1182 803 ejus
1226 695 1678 804 depravant,
1721 707 1797 780 et
1837 698 2042 781 viros
2081 701 2178 783 de
2224 697 2845 782 ministerialibus
2887 693 3180 802 imperii
3219 691 3596 802 probitate
3627 718 3825 777 con-

1014 828 1316 937 spicuos
1352 827 1565 910 lateri
1601 826 1941 937 ejusdem
1979 831 2179 940 regis
2215 830 2619 940 applicent.

1168 1057 1408 1133 (Inedlt.
1440 1074 1517 1117 ex
1542 1058 1728 1119 codic.
1769 1057 1915 1118 blbl.
1947 1058 2140 1120 Cesar.
2170 1057 2430 1119 vindob.
2463 1057 2635 1119 dictls
2668 1051 3030 1136 Pltiloloqus,
3056 1064 3124 1115 η’
3155 1061 3306 1129 305,
3335 1051 3438 1114 fol.
3473 1059 3585 1114 132
3616 1067 3819 1129 vaso,

1254 1171 1364 1222 133
1393 1168 1586 1241 recto;
1621 1168 1681 1223 et
1701 1172 1772 1224 η’
1800 1172 1900 1236 61,
1933 1163 2033 1224 fol.
2065 1171 2140 1224 39
2169 1161 2379 1242 recto.)

1102 1361 1541 1450 Fredericus,
1583 1371 1717 1433 etc.
1762 1363 2113 1455 Fatigatus
2151 1373 2258 1435 est
2287 1361 2565 1434 auditus
2608 1372 2847 1433 noster
2878 1358 3293 1431 clamoribus
3331 1355 3453 1428 filii
3488 1360 3706 1429 nostri
3736 1358 3809 1431 C.

1007 1486 1189 1577 regis
1222 1485 1622 1556 insolentias
1654 1485 1724 1555 in
1757 1485 2111 1579 publicum
2150 1486 2655 1557 deducentibus
2688 1482 2834 1580 (l);
2887 1483 3193 1554 animum
3237 1483 3549 1553 nostrum
3583 1503 3819 1554 amara

1009 1608 1309 1679 turbatio
1351 1607 1560 1678 subiit
1601 1617 1672 1678 et
1715 1630 1835 1680 cor
1879 1618 2189 1680 nostrum
2238 1608 2602 1680 inveterati
2644 1607 2901 1679 doloris
2941 1607 3366 1688 immensitas
3411 1605 3820 1699 profundius

1007 1730 1365 1821 sauciavit,
1399 1751 1525 1824 pro
1558 1752 1642 1802 eo
1670 1731 1858 1825 quod
1891 1732 2076 1801 idem
2118 1730 2300 1802 filius
2335 1741 2572 1802 noster
2617 1731 2737 1824 qui
2779 1752 2873 1801 ex
2921 1730 3271 1822 genuitate
3322 1729 3655 1800 natalium
3692 1728 3816 1800 de·

1005 1855 1202 1925 beret
1235 1855 1305 1925 in
1338 1855 1671 1926 virtutum
1704 1855 2398 1927 exercitio'delectari
2428 1855 2779 1949 precipue,
2810 1853 3167 1948 sequendo
3201 1852 3306 1943 sui
3335 1851 3544 1922 animi
3570 1852 3816 1923 levita·

1008 1990 1173 2070 tem,
1201 1978 1273 2049 in
1300 1979 1637 2050 viciorum
1671 1978 2146 2073 precipicium,
2171 1978 2373 2050 nobis
2405 1978 2806 2050 insolentias
2837 1979 2988 2069 ejus
3018 1997 3314 2069 quorum
3343 1996 3504 2045 eum
3536 1974 3815 2070 speciali

1003 2102 1316 2174 custodie
1352 2122 1435 2173 ac
1475 2101 1791 2193 regimini
1836 2100 2249 2172 fiducialiter
2296 2101 2764 2172 commisimus
2812 2098 3437 2189 dissimulantibus,
3486 2098 3668 2170 adeo
3713 2109 3818 2170 est

1003 2226 1328 2320 delapsus
1357 2226 1548 2319 quod
1581 2226 1713 2297 nisi
1753 2226 2224 2296 reformationi
2265 2247 2536 2296 morum
2568 2226 2719 2316 ejus
2754 2246 2930 2318 quos
2962 2244 3178 2319 prava
3218 2222 3423 2294 nimis
3460 2232 3531 2293 et
3561 2222 3816 2294 infecta

1002 2351 1442 2445 corruptione
1476 2349 1766 2421 societas
1808 2349 2225 2420 illaudabilis
2257 2349 2702 2439 deformavit,
2750 2348 2959 2419 celeri
2995 2346 3304 2419 remedio
3343 2354 3807 2437 succurratur,

1000 2474 1092 2545 ad
1137 2474 1399 2544 cultum
1447 2472 1781 2543 virtutum
1832 2494 1972 2543 non
2027 2471 2304 2563 adjiciet
2350 2481 2430 2542 ut
2481 2481 2820 2563 resurgat.
2869 2472 3036 2543 Cum
3080 2471 3288 2562 igitur
3331 2470 3682 2566 principiis
3725 2470 3815 2541 sit

1001 2595 1452 2684 obstandum,
1494 2617 1584 2666 ne
1618 2595 1815 2666 malis
1847 2617 1971 2688 per
2002 2596 2245 2686 longas
2273 2594 2853 2666 invalescentibus
2884 2616 3112 2667 moras
3142 2615 3334 2686 sem,
3376 2592 3566 2688 quod
3592 2594 3805 2684 absit,

1001 2727 1243 2789 contra
1272 2718 1824 2789 reformationem
1870 2718 2020 2808 ejus
2052 2717 2394 2789 medicina
2434 2728 2744 2813 paretur,
2788 2718 3104 2789 volentes
3153 2739 3243 2788 ex
3290 2716 3649 2788 affectione
3684 2737 3809 2811 pa-

1002 2850 1198 2914 terna
1239 2841 1326 2913 de
1369 2842 1511 2913 suis
1545 2842 1875 2913 lateribus
1921 2841 2275 2914 feditatem
2312 2851 2451 2913 tam
2490 2842 2707 2936 turpis
2743 2840 3176 2913 contubernii
3208 2840 3483 2936 penitus
3523 2840 3809 2912 detrun·

1001 2966 1171 3056 cari,
1215 2966 1380 3059 quia
1421 2965 1925 3037 immedicabile
1969 2967 2224 3037 vulnus
2280 2986 2446 3036 ense
2495 2964 3028 3037 rescindendum
3066 2972 3285 3035 estne
3330 2986 3492 3060 pars
3540 2965 3806 3035 sincera

1001 3089 1348 3176 trahatur;
1377 3088 1726 3159 devotioni
1750 3098 1979 3159 vestre
2007 3088 2314 3160 districte
2348 3088 2793 3182 precipiendo
2823 3088 3233 3158 mandamus
3257 3088 3609 3181 quatinus,
3630 3088 3806 3159 sicut

1000 3212 1291 3303 gratiam
1327 3219 1636 3281 nostram
1664 3210 1970 3301 diligitis,
2006 3212 2176 3282 tales
2206 3213 2393 3282 omni
2421 3212 2783 3284 occasione
2808 3212 3079 3283 sublata
3106 3233 3148 3282 a
3184 3210 3370 3283 dicto
3400 3209 3541 3282 filio
3569 3222 3803 3284 nostro

999 3343 1261 3427 quanto
1311 3333 1510 3404 citius
1556 3342 2024 3422 removenteS,
2072 3333 2258 3426 ipsos
2306 3335 2451 3406 sive
2504 3337 2819 3407 volentes
2872 3335 3018 3406 sive
3062 3335 3378 3406 nolentes
3425 3334 3496 3405 in
3542 3335 3799 3405 curiam

997 3465 1305 3529 nostram
1346 3455 1798 3527 incontinenti
1834 3456 2291 3527 transmittere
2324 3458 2705 3551 procuretis
2740 3456 2866 3553 (a).
2912 3459 3322 3530 Mandamus
3358 3458 3561 3529 etiam
3603 3458 3803 3530 vobis

996 3591 1076 3652 ut
1106 3580 1291 3651 viros
1333 3579 1421 3650 de
1458 3578 2016 3649 ministerialibus
2066 3578 2335 3673 imperii
2378 3580 2560 3651 fama
2605 3581 2950 3671 celebres,
2999 3580 3136 3652 fide
3182 3581 3489 3673 insignes
3525 3581 3799 3653 virtuti·

993 3706 1266 3796 busque
1292 3702 1725 3805 conspicuoS,
1755 3701 2066 3792 ejusdem
2100 3700 2223 3772 filii
2253 3703 2466 3773 nostri
2494 3704 2692 3774 lateri
2721 3703 2842 3795 qui
2871 3703 3195 3775 distortos
3229 3725 3457 3777 mores
3483 3705 3696 3799 ipsius
3727 3705 3796 3775 in

1077 3892 1159 3971 (a)
1206 3893 1294 3952 Ibi
1321 3894 1550 3969 irrepsit
1575 3893 1864 3952 sententia
1891 3892 2044 3950 circa
2062 3890 2350 3971 predicta,
2381 3898 2518 3971 etc„
2556 3908 2706 3970 quae
2729 3892 2905 3969 paulo
2928 3891 3171 3954 inferius
3203 3893 3282 3954 ad
3308 3893 3488 3954 finem
3522 3894 3796 3972 epistolae

992 4000 1202 4059 melius
1227 3998 1560 4059 exhibetur.

2250 4096 2297 4127 -a

1060 4287 1131 4359 (4)
1168 4287 1349 4356 Quum
1369 4287 1437 4344 de
1468 4288 1633 4344 rebus
1657 4288 1963 4347 domesticis
1994 4289 2325 4361 negotiisque
2354 4287 2573 4361 privatis
2613 4305 2754 4362 quae
2793 4289 2863 4349 ad
2905 4305 3086 4362 regem
3127 4288 3426 4347 conradum
3463 4289 3792 4362 pertineant,

985 4384 1426 4441 documentorum
1452 4400 1673 4455 prorsus
1702 4387 1925 4459 penuria
1957 4387 2046 4458 sit,
2077 4388 2162 4444 cui
2195 4386 2420 4459 tempori
2449 4386 2582 4442 haec
2611 4385 2833 4460 epistola
2864 4387 3142 4444 referenda
3171 4387 3368 4444 sitnon
3394 4387 3551 4459 plane
3569 4385 3787 4443 scimus.

985 4479 1067 4536 Ex
1094 4477 1303 4535 duobus
1331 4485 1510 4535 tamen
1538 4483 1715 4538 causis
1740 4483 1796 4539 in
1823 4499 1964 4540 anno
1989 4485 2127 4541 ⁴24⁴
2162 4483 2345 4556 potius
2374 4483 2742 4554 consistimus,
2779 4489 2892 4540 tum
2916 4484 3043 4556 quia
3071 4484 3187 4555 jam
3220 4483 3524 4541 labentibus
3549 4482 3792 4540 Germa-

983 4576 1106 4633 niae
1134 4572 1298 4631 rebus
1321 4575 1611 4648 imperator
1634 4578 1857 4636 obviare
1882 4579 2244 4637 verisimssiter
2269 4558 2526 4651 volueris,
2558 4586 2672 4637 tum
2697 4588 2767 4637 ex
2790 4596 2857 4638 eo
2883 4580 3025 4651 quod
3056 4578 3253 4637 abinde
3272 4577 3656 4637 'ministeriales
3683 4578 3784 4636 im-

983 4672 1119 4747 perii
1143 4671 1362 4731 consilio
1382 4672 1611 4745 junioris
1638 4675 1782 4748 regis
1806 4677 2117 4735 assistentes
2145 4676 2500 4734 inveniamus.
