4364 5738
1045 553 1170 617 330
2043 546 2474 613 ramsmcr
2521 549 2868 614 suenum
3484 556 3648 638 [An.
3682 558 3855 622 1245.

1048 685 1260 796 quod
1318 682 1418 765 ab
1473 676 1805 764 ecclesiis
1867 686 1943 760 et
1998 676 2289 763 clericis
2345 680 2890 791 jurisdictionis
2960 708 3227 767 eorum
3290 685 3858 773 subventionem

1049 817 1388 929 exigant,
1422 813 1652 898 etiam
1687 809 1834 894 sub
1868 836 2117 920 poena
2149 814 2473 897 carceris
2504 816 2586 897 in
2620 826 3134 899 contumaces.

1214 1051 1405 1131 (Edit.
1433 1053 1498 1110 in
1534 1048 1700 1110 Patr.
1729 1044 1800 1107 de
1841 1048 1974 1108 Vin.
2004 1045 2256 1129 epistol„
2278 1049 2387 1111 lib.
2415 1052 2468 1129 1,
2497 1067 2628 1129 cap.
2659 1050 2748 1121 X.
2781 1051 2885 1113 ubi
2923 1055 2991 1113 ln
3028 1054 3205 1114 titulo
3235 1068 3253 1113 τ
3281 1052 3619 1116 :nudato
3652 1054 3857 1117 Tarne

1289 1154 1550 1218 Laboris.
1595 1156 1769 1218 Nunc
1811 1153 2009 1215 collat.
2057 1170 2196 1215 cum
2238 1155 2430 1218 codic.
2469 1156 2621 1218 Blbl.
2656 1158 2850 1219 Cesar.
2883 1159 3099 1231 Paris..
3119 1155 3305 1238 sends
3342 1157 3856 1222 Scine-Germia-

1291 1259 1538 1342 floelay,
1565 1270 1634 1321 n⁰
1661 1269 1802 1333 455,
1832 1266 1892 1319 et
1923 1276 2056 1321 ane.
2071 1257 2260 1339 fonds
2295 1256 2477 1331 laun.
2507 1271 2574 1323 n·
2603 1271 2785 1339 sss-1,
2814 1262 2918 1323 ubi
2950 1281 2967 1322 ε
2998 1260 3338 1324 Prodat-im
3371 1264 3716 1344 impanent,
3752 1273 3853 1328 etc.

1290 1367 1595 1431 &oderico
1626 1363 1697 1426 de
1724 1362 2063 1441 Antiochea,
2094 1365 2228 1445 etc.)

1150 1583 1522 1674 Hucusque
1572 1577 1774 1669 satis,
1812 1586 1892 1647 ut
1928 1577 2297 1671 loquamur
2337 1576 2432 1649 ad
2470 1576 2777 1667 literam,
2813 1599 3059 1674 pacem
3101 1580 3562 1672 quesivimus,
3598 1590 3860 1674 gratam

1054 1707 1257 1781 nobis
1289 1715 1360 1778 et
1393 1725 1437 1777 a
1468 1701 1734 1775 cunctis
1764 1700 2087 1794 gentibus
2115 1700 2418 1773 votivius
2449 1701 2901 1794 adfectatam,
2940 1703 3031 1774 ad
3068 1725 3279 1796 quam
3309 1724 3435 1798 per
3462 1703 3862 1777 humilitatis

1056 1841 1130 1905 et
1172 1827 1503 1926 patientie
1559 1825 2040 1897 holocaustum
2082 1831 2271 1895 recte
2323 1826 2777 1919 captandam,
2825 1837 3061 1923 preter
3109 1827 3286 1899 sacri
3330 1827 3601 1922 imperii
3637 1829 3755 1920 jus
3796 1838 3865 1900 et

1054 1974 1320 2027 morem
1338 2005 1358 2041 ,
1390 1960 1626 2024 nostra
1653 1968 1728 2020 se
1755 1947 2015 2042 pluries
2051 1947 2407 2019 inclinavit
2437 1947 2787 2020 humilitas
2806 2001 2826 2041 ,
2858 1949 3210 2044 petitionis
3243 1971 3367 2021 sue
3397 1960 3641 2022 votum
3678 1960 3862 2023 tanto

1056 2076 1352 2151 celerius
1382 2073 1748 2167 adeptura,
1780 2080 2043 2165 quanto
2084 2092 2228 2165 pax
2256 2090 2299 2140 a
2329 2071 2511 2143 Petri
2542 2071 2802 2144 vicario
2819 2124 2839 2161 ,
2869 2071 2985 2144 cui
3018 2073 3322 2164 legatum
3354 2071 3545 2168 pacis
3575 2072 3864 2145 homini-

1055 2202 1188 2273 bus
1221 2196 1570 2290 erogando
1610 2194 2052 2268 commissum
2086 2203 2228 2285 est,
2263 2193 2638 2289 patientius
2668 2196 3057 2289 petebatur.
3094 2196 3360 2267 Vulnus
3400 2196 3587 2268 enim
3625 2195 3863 2268 imme·

1058 2323 1353 2398 dicabile
1371 2319 1557 2416 quod
1579 2318 1838 2391 latebat
1854 2316 2170 2407 interius,
2189 2317 2464 2388 externi
2486 2338 2725 2389 curam
2745 2317 3219 2390 medicaminis
3237 2318 3674 2389 insensumm
3689 2316 3857 2414 (sic),

1059 2448 1192 2520 sub
1219 2446 1404 2517 mitis
1430 2442 1681 2516 medici
1711 2461 1878 2513 cura
1906 2439 2362 2535 computruit,
2399 2450 2471 2512 et
2496 2441 2725 2514 cordis
2752 2441 3029 2531 intima,
3061 2440 3238 2536 proh
3274 2439 3500 2534 dolor,
3531 2441 3865 2514 violenter

1059 2570 1339 2644 invasit.
1369 2565 1830 2659 congregavit
1857 2563 2044 2636 enim
2076 2563 2538 2656 Lugdunense
2570 2565 2937 2638 concilium
2953 2616 2972 2654 ‚
3006 2564 3199 2658 quod
3240 2564 3436 2636 inviti
3467 2563 3823 2637 referimus
3837 2616 3858 2654 ,

1060 2698 1409 2769 Romanus
1438 2690 1723 2762 antistes
1740 2741 1761 2779 ,
1785 2710 1911 2783 per
1936 2686 2126 2780 quod
2152 2687 2412 2758 sermm
2444 2687 2767 2779 gentibus
2794 2687 3107 2783 prebuit,
3130 2695 3202 2759 et
3226 2688 3417 2781 quod
3440 2687 3721 2760 sedasse
3745 2688 3863 2762 de·

1062 2821 1347 2910 buerat,
1392 2816 1597 2888 letale
1643 2812 2002 2885 dissidium
2041 2809 2297 2884 nostris
2349 2810 2773 2907 temporibus
2822 2810 3196 2884 enormiter
3250 2810 3586 2883 incitavit.
3640 2813 3866 2884 Restat

1063 2943 1298 3035 itaque
1327 2938 1590 3011 mederi
1619 2959 1745 3031 per
1774 2936 2083 3029 gladium
2108 2943 2349 3029 putres
2380 2944 2612 3030 partes
2644 2944 2716 3005 et
2739 2934 3073 3006 audacter
3106 2934 3542 3026 abscindere,
3578 2957 3669 3006 ne
3703 2936 3862 3008 sub-

1063 3073 1436 3157 sequenter
1484 3062 1818 3154 imputres
1865 3080 1992 3153 per
2035 3056 2595 3130 coadhereutiam
2635 3056 3033 3152 putrefiant.
3073 3057 3182 3129 Ad
3229 3057 3506 3129 salubre
3556 3058 3765 3152 igitur
3800 3069 3866 3131 et

1066 3187 1393 3258 festinum
1470 3181 1851 3253 subsidium
1921 3177 2041 3276 (a)
2100 3180 2614 3275 procurandum
2636 3232 2657 3269 ,
2726 3178 3036 3254 fidelium
3103 3191 3497 3254 nostrorum
3563 3182 3867 3254 omnium

1068 3317 1424 3406 promptas
1460 3304 1888 3398 exquirimus
1916 3305 2312 3376 voluntates
2337 3358 2359 3396 ,
2411 3303 2855 3375 ecclesiarum
2893 3304 3244 3398 potissime
3278 3315 3350 3375 et
3380 3304 3869 3377 ecclesiastica·

1068 3456 1224 3507 rum
1250 3452 1699 3529 personarum
1727 3451 2021 3524 quarum
2041 3428 2453 3524 profundius
2470 3429 2742 3499 laborat
2762 3424 3148 3518 infirmitas,
3170 3428 3468 3525 speciale
3489 3429 3867 3502 subsidium

1070 3558 1502 3652 requirentes
1544 3578 1560 3621 :
1598 3575 1894 3646 quorum
1926 3563 2089 3625 vota
2119 3547 2529 3623 concurrere
2556 3549 2917 3622 manifeste
2949 3550 3352 3644 conjicimus
3379 3551 3561 3623 votis
3592 3552 3864 3640 nostris,

1067 3692 1149 3754 ut
1176 3688 1438 3775 quanto
1474 3678 1683 3749 suerit
1722 3697 2087 3747 succursus
2126 3674 2399 3765 agilior,
2438 3683 2628 3745 tanto
2670 3673 2889 3766 magis
2925 3673 3244 3767 indigens
3275 3683 3346 3746 et
3378 3674 3759 3770 promptior
3784 3674 3868 3746 sit

1066 3806 1363 3879 cautela.
1408 3801 1742 3888 Quocirca
1782 3797 2096 3870 fidelitati
2129 3807 2247 3869 tue
2284 3794 2380 3893 (b)
2414 3794 2704 3868 firmiter
2744 3806 2816 3868 et
2846 3797 3151 3869 districte
3187 3797 3634 3894 precipiendo
3679 3819 3870 3870 man·

1065 3930 1347 4017 damus,
1396 3935 1739 4019 quatenus
1778 3924 1869 3993 ab
1899 3919 2160 3993 eisdem
2192 3920 2459 3991 clericis
2494 3916 2587 4015 (c)
2622 3929 2737 3990 tue
2765 3920 3227 4012 jurisdictioni
3259 3921 3551 3993 subditis
3604 3922 3865 3993 tertiam

1065 4062 1335 4147 partem
1361 4046 1857 4122 obventionum
1883 4054 1954 4115 et
1979 4052 2445 4138 proventuum
2480 4042 2786 4113 omnium
2820 4066 2947 4140 pro
2993 4054 3132 4116 tam
3160 4044 3417 4116 salubri
3448 4065 3531 4116 ac
3559 4064 3866 4117 necessa·

1066 4174 1169 4247 ria
1193 4171 1649 4247 subventione
1677 4167 2050 4264 prestanda
2077 4166 2414 4240 instanter
2441 4164 2682 4259 exigas
2714 4175 2784 4238 et
2812 4168 3170 4261 recolligas
3194 4168 3626 4260 festinanter,
3651 4169 3864 4264 ipsam

1153 4425 1238 4505 (a)
1283 4426 1356 4486 In
1378 4426 1513 4498 cod.
1545 4433 1724 4498 8567,
1755 4424 1969 4503 legitur
2001 4439 2017 4483 ε
2048 4420 2149 4483 Ad
2169 4418 2325 4504 quod
2341 4418 2652 4483 salubriter
2658 4418 2881 4501 satim
2904 4419 3175 4495 subsidio,
3202 4429 3318 4484 etc.

1154 4531 1240 4613 (b)
1283 4532 1356 4592 In
1377 4530 1508 4591 cod.
1542 4539 1695 4591 8567
1732 4548 1749 4591 t
1780 4527 2063 4591 amttam·
2093 4536 2210 4590 tua.

1153 4636 1228 4718 (c)
1282 4636 1508 4697 Ibidem
1540 4652 1556 4696 t
1585 4633 1663 4695 ab
1689 4632 1927 4696 oecleeiiae
1952 4632 2237 4696 omnibus.
