4364 5738
571 601 772 660 Ineter.
805 597 905 676 3.]
1455 594 1853 657 HISTORIA
1900 591 2495 655 DIPLOMATICA.
3272 588 3393 651 345

1008 867 1151 885 ..φ-.-Ἰ

681 1138 1161 1222 Innocentius
1196 1163 1395 1247 papa
1443 1139 1540 1220 de
1574 1136 1900 1221 fratrum
1936 1164 2256 1222 suorum
2292 1136 2608 1222 consilio
2653 1161 2912 1245 regem
2959 1136 3392 1244 Hungariae
3484 1156 3769 1262 guam·

577 1269 1014 1354 ahsolutum
1060 1268 1460 1351 denuntiat
1504 1294 1552 1350 a
1588 1268 2023 1378 juramento
2075 1270 2417 1379 homagii
2465 1269 2675 1379 quod
2722 1267 3157 1376 imperatori
3206 1266 3390 1349 Fri-

577 1402 830 1486 derico
887 1403 1278 1512 quondam
1345 1401 1491 1484 sub
1548 1403 1978 1486 conditione
2030 1405 2521 1511 postmodum
2575 1426 2732 1484 non
2791 1409 3084 1483 servata
3153 1425 3391 1508 prae-

579 1534 794 1617 stitit.

747 1746 935 1825 (Edit.
967 1762 1063 1824 ap.
1091 1746 1435 1827 Rumam„
1460 1744 1682 1810 annal.
1719 1745 1938 1825 eccles„
1964 1747 2044 1809 ad
2074 1764 2215 1809 ann.
2252 1755 2427 1820 1245,
2456 1746 2493 1823 S
2514 1746 2785 1825 LXXXI,
2809 1761 2844 1807 e
2870 1751 3108 1824 regest„
3138 1743 3244 1805 ub.
3276 1743 3393 1822 111,

819 1862 891 1913 κιο
929 1853 1054 1931 58.)

682 2037 1127 2108 Innocentius
1147 2090 1167 2127 ‚
1203 2047 1371 2126 etc„
1413 2038 1562 2128 regi
1596 2037 1960 2128 'Hungarie
1981 2089 2001 2126 ‚
2040 2046 2174 2108 etc.
2221 2038 2332 2108 Ex
2390 2047 2587 2131 parte
2632 2045 2751 2108 tua
2796 2038 2929 2108 fuit
2969 2034 3397 2131 propositum

584 2180 816 2232 coram
853 2160 1054 2232 nobis
1085 2159 1274 2251 quod
1304 2180 1463 2230 cum
1497 2159 1662 2231 olim
1693 2179 1913 2251 regno
1939 2159 2291 2251 Hungarie
2319 2159 2740 2253 depopulato
2767 2181 2811 2230 a
2836 2158 3150 2228 barbaris
3176 2158 3400 2230 natio-

585 2282 792 2354 nibus
810 2292 883 2353 et
898 2285 1336 2354 Tartarorum
1357 2282 1722 2377 tyrannide
1745 2303 1926 2378 pene
1949 2281 2227 2376 penitus
2240 2281 2629 2372 devastate,
2644 2281 3086 2376 permittente
3102 2282 3400 2354 Domino

586 2408 698 2479 vel
719 2407 1040 2499 jubente,
1078 2406 1328 2476 timens
1361 2427 1451 2476 ne
1485 2426 1776 2498 regnum
1804 2405 2032 2499 ipsum
2064 2405 2159 2477 ad
2191 2404 2736 2476 exinanitionem
2769 2404 3078 2475 ultimam
3113 2405 3403 2476 deveni-

588 2540 695 2603 ret
723 2552 807 2602 ac
835 2530 1239 2601 desiderans
1269 2539 1350 2599 nt
1373 2529 1588 2623 ipsius
1614 2528 1904 2623 reliquie
1936 2529 2126 2600 salve
2159 2530 2412 2618 forent,
2435 2526 2784 2599 Friderico
2811 2527 3163 2620 quondam
3189 2528 3409 2623 impe-

588 2654 798 2726 ratori
856 2652 987 2724 sub
1047 2674 1131 2724 ea
1190 2651 1586 2724 conditione
1649 2651 2032 2746 prestiteris
2084 2650 2388 2742 homagii
2440 2654 2913 2743 juramentum
2969 2659 3050 2722 ut
3098 2649 3285 2723 idem
3334 2652 3407 2722 in

587 2798 879 2868 regnum
910 2786 1105 2847 tuum
1139 2773 1233 2845 ad
1264 2772 1783 2845 defendendum
1819 2773 2050 2868 ipsum
2080 2783 2323 2843 contra
2357 2771 2825 2867 predictorum
2867 2772 3199 2866 impetum
3237 2775 3406 2845 Tar-

591 2908 895 2971 tarorum
931 2899 1109 2970 infra
1146 2907 1413 2969 certum
1453 2897 1822 2968 terminum
1861 2905 2184 2991 potenter
2214 2896 2576 2968 accederet
2606 2897 2719 2969 vel
2759 2896 2925 2968 illuc
2956 2918 3158 2968 suum
3189 2895 3408 2968 filium

591 3021 1004 3111 destinaret,
1042 3020 1233 3092 idem
1267 3019 1672 3091 Fredericus
1710 3019 1831 3091 diu
1869 3029 2277 3114 expectatus
2307 3028 2467 3113 post
2496 3020 2867 3092 terminum
2894 3041 3026 3093 nec
3055 3020 3251 3092 venit
3278 3040 3410 3092 nec

591 3145 757 3215 illuc
782 3142 1003 3214 filium
1033 3164 1237 3213 suum
1266 3150 1344 3212 ut
1377 3142 1787 3236 promiserat
1811 3141 2185 3214 destinavit
2208 3141 2269 3238 (4
2285 3141 2350 3239 );
2390 3165 2608 3236 quare
2639 3143 2840 3215 nobis
2864 3142 3219 3215 humiliter
3243 3165 3410 3238 sup-

595 3265 866 3361 plicasti
906 3273 987 3335 ut
1027 3285 1117 3334 ne
1144 3263 1279 3335 hac
1311 3264 1673 3336 occasione
1706 3264 1779 3334 in
1813 3275 1882 3336 te
1913 3266 2027 3336 vel
2056 3279 2351 3358 regnum
2383 3276 2578 3338 tuum
2612 3266 2831 3361 possit
2864 3286 2908 3337 a
2937 3266 3251 3338 Romano
3278 3266 3409 3337 im-

595 3388 789 3483 perio
814 3386 1079 3480 aliquid
1103 3387 1177 3457 in
1209 3396 1562 3481 posterum
1590 3387 1982 3477 vendicari,
2020 3389 2389 3482 providere
2424 3389 2862 3460 indemnitati
2895 3398 3010 3459 tue
3045 3410 3256 3483 super
3278 3387 3413 3462 hoc

591 3521 882 3605 paterna
913 3507 1374 3582 sollicitudine
1406 3529 1835 3581 curaremus.
1855 3509 2314 3582 Attendentes
2344 3510 2554 3601 igitur
2584 3508 2775 3602 quod
2805 3508 3126 3601 quotiens
3152 3509 3415 3603 aliquid

595 3635 727 3706 sub
758 3632 1155 3706 conditione
1187 3631 1617 3720 conceditur,
1651 3653 1794 3703 non
1830 3640 2117 3704 extante
2156 3631 2553 3704 conditione
2588 3630 2875 3725 perinde
2910 3652 2994 3702 ac
3026 3631 3084 3702 si
3125 3652 3411 3703 conces-

596 3779 750 3828 sum
777 3776 920 3828 non
952 3755 1162 3826 fuerit
1187 3753 1277 3825 sit
1301 3752 1739 3843 habendum3
1773 3754 2292 3827 considerantes
2319 3754 2528 3827 etiam
2559 3754 2752 3849 quod
2779 3774 2922 3824 non
2952 3762 3057 3824 est
3081 3773 3418 3844 conquas·

599 3889 788 3951 satus
831 3878 1138 3950 calamus
1182 3874 1647 3947 conterendus
1684 3897 1815 3948 nec
1849 3876 2060 3948 debet
2104 3877 2372 3949 afflictis
2406 3877 2682 3954 afflictio
2719 3874 3130 3970 superaddi,
3160 3875 3286 3946 sed
3329 3895 3415 3946 eo

603 4181 637 4254 5
664 4186 768 4239 445
791 4187 847 4238 et
869 4197 1023 4254 seqq.
1047 4179 1179 4236 Inde
1204 4178 1567 4251 comperimus
1589 4193 1688 4236 cur
1707 4178 1914 4252 legatos
1939 4180 2011 4239 ad
2037 4180 2229 4238 ducem
2255 4187 2312 4238 et
2340 4179 2623 4237 consilium
2645 4180 2974 4237 Venetorum
3003 4184 3131 4235 tunc
3162 4180 3420 4253 temporis

605 4277 896 4352 imperator
920 4277 1283 4336 destinaverit.

679 4375 753 4445 (4)
789 4375 867 4430 De
893 4375 1141 4449 homagio
1166 4378 1310 4453 rems
1336 4376 1660 4451 Hungariae,
1693 4374 1773 4432 Cf.
1815 4390 2007 4450 supra,
2058 4380 2098 4431 t.
2126 4376 2194 4445 V,
2221 4392 2277 4448 p.
2311 4375 2449 4433 4442
2472 4381 2527 4432 et
2549 4380 2675 4431 note
2703 4378 2755 4430 4.
2781 4374 3085 4432 Matthaeus
3105 4376 3423 4436 Parisiensis

608 4469 872 4542 praelium
903 4471 1103 4530 indicat
1129 4474 1269 4533 inter
1297 4474 1597 4532 conradum
1632 4471 1799 4528 filium
1825 4469 2085 4529 Friderici
2113 4477 2170 4528 et
2200 4471 2448 4531 Tartarus
2470 4471 2622 4544 juxta
2646 4470 2846 4530 flumen
2877 4471 3142 4547 Delpheos
3166 4473 3246 4547 (?)
3275 4490 3425 4532 com-

610 4568 837 4623 missum
866 4567 1045 4638 (Hist.
1073 4573 1209 4645 maj.
1236 4572 1484 4644 Astylon,
1508 4589 1564 4644 p.
1594 4571 1850 4641 384-382,
1881 4568 1952 4626 ad
1977 4584 2101 4626 ann.
2141 4567 2297 4640 4244)
2313 4611 2327 4639 ,
2357 4568 2425 4626 de
2449 4584 2557 4641 quo
2582 4574 2760 4626 tamen
2782 4569 2971 4627 caeteri
2995 4570 3287 4644 scriptores
3310 4577 3425 4629 tum

612 4663 878 4737 Hungari‚
920 4669 1035 4722 tum
1071 4666 1354 4738 Germani,
1393 4666 1610 4726 omnino
1635 4664 1818 4723 silent.

755 4762 860 4826 vt.
3072 4772 3146 4824 ⁴4

3607 1155 3716 1198 dnn!
3727 1185 3741 1205 .
