4364 5738
699 1382 752 1422 26
765 1383 896 1434 junii.

719 2705 891 2744 neventi
903 2735 915 2756 ,

687 2758 742 2798 28
759 2758 857 2808 juni
880 2785 889 2794 .

1028 609 1106 668 98
2026 615 2445 679 anssalcl
2498 618 2841 679 sEcuNm
3460 618 3623 696 [Asu.
3661 619 3833 680 1243.

1032 753 1213 816 trum
1238 739 1295 837 (l
1314 743 1374 840 ),
1401 746 1809 818 excellentie
1843 761 2076 820 nostre
2111 751 2374 843 legatos
2402 763 2475 825 et
2504 753 2797 825 nuncios
2828 752 3198 847 speciales,
3223 754 3317 826 ad
3349 764 3648 826 vestram
3682 777 3836 850 pre·

1029 869 1321 941 sentiam
1353 869 1682 942 duximus
1715 871 2186 946 destinandos.

1436 1150 2371 1159 ——ass—.-F-.--fl-,ffl*.-u.-
2412 1150 2453 1155 --
2488 1148 2665 1155 —-⁷*--—·
2704 1147 3430 1163 ’ῥοιῇ-ᾐώ-

1133 1382 1571 1464 Sinibaldus
1607 1382 1805 1464 tituli
1848 1382 2102 1464 Sancti
2140 1384 2522 1467 Laurentii
2568 1384 2646 1465 in
2686 1384 2972 1466 Lucina
3008 1382 3397 1494 presbyter
3428 1383 3834 1465 cardinalis

1027 1516 1125 1596 ad
1181 1537 1571 1596 summum
1628 1516 2019 1597 sacerdotii
2071 1513 2360 1624 apicem
2410 1563 2441 1599 -.
2475 1579 2493 1598 .
2530 1580 2548 1597 .
2610 1517 2708 1599 VI
2759 1519 2884 1600 die
2942 1527 3260 1600 exeunte
3316 1516 3534 1626 junio
3596 1516 3833 1599 extitit

1026 1647 1480 1729 sublimatus
1539 1709 1556 1727 .
1592 1709 1609 1728 .
1643 1711 1661 1728 .
1728 1659 1803 1731 et
1865 1651 2354 1756 postmodum
2412 1651 2510 1732 IV
2565 1650 2927 1734 kalendas
2970 1651 3143 1760 julii
3198 1647 3511 1764 feliciter
3562 1674 3835 1731 conse-

1024 1793 1301 1863 cratus,
1368 1782 1616 1865 Nrcor..
1673 1809 1763 1861 ns
1824 1782 2129 1884 Cunaro,
2203 1809 2326 1890 ap.
2393 1783 2712 1891 ΒΑιυΖΕ,
2768 1785 3221 1890 Miscentur„
3268 1794 3327 1864 t.
3385 1784 3456 1887 1,
3511 1809 3588 1890 p.
3650 1785 3826 1864 195.

1022 1962 1130 1977 —-
1151 1915 1322 2012 Quo
1362 1915 1618 1996 audito
1656 1915 2065 2023 imperator
2099 1913 2232 2022 qui
2270 1923 2453 1996 tunc
2487 1925 2649 1996 erat
2680 1913 3001 2021 Melfiae,
3029 1912 3313 2022 ubique
3343 1939 3479 2021 per
3508 1939 3831 2022 regnum

1021 2047 1287 2130 laudes
1313 2045 1540 2156 jussit
1565 2046 1887 2129 Domino
1925 2047 2219 2130 debitas
2246 2047 2659 2128 decantari.
2702 2045 2897 2127 Βίου.
2930 2050 3019 2126 de
3059 2054 3135 2128 S.
3174 2054 3409 2128 Germ.
3445 2046 3820 2142 Chr-onie„

1021 2208 1143 2289 ap.
1187 2179 1556 2263 Manuos.
1605 2180 2016 2290 Serimon,
2061 2192 2115 2261 t.
2159 2179 2328 2286 Vll,
2373 2207 2449 2288 p.
2501 2179 2733 2261 1050.

1016 2779 1026 2783 -
1127 2696 1588 2804 FridericuS,
1649 2698 2163 2792 Romanorum
2218 2700 2656 2807 imperator,
2716 2697 3054 2812 notificat
3124 2699 3300 2779 duci
3382 2697 3828 2780 Brabantiae

1021 2828 1459 2913 electionem
1519 2829 1885 2913 Sinibaldi
1951 2831 2148 2913 tituli
2208 2831 2458 2916 Sancti
2511 2832 2891 2921 Laurentii
2949 2831 3027 2912 in
3085 2830 3370 2912 Lucina
3427 2829 3832 2912 cardinalis

1023 2962 1098 3044 in
1137 2990 1452 3072 papam,
1493 2975 1896 3072 speratque
1939 2990 2203 3071 pacem
2249 2964 2442 3046 inter
2485 2964 2889 3073 imperium
2946 2973 3021 3045 et
3068 2962 3481 3045 Ecclesiam
3537 2962 3830 3043 facilius

1022 3096 1627 3202 reformandam,
1681 3123 1822 3180 nec
1884 3124 2038 3180 non
2087 3097 2264 3206 jura
2318 3098 2658 3183 fidelium
2723 3097 3016 3206 imperii
3081 3095 3449 3205 promittit
3505 3121 3827 3179 conser-

1020 3230 1295 3311 vanda.

1187 3413 1449 3503 (Edlder.
1483 3416 1784 3475 Minna-sus
1819 3423 1877 3477 et
1903 3415 2197 3488 Duum,
2229 3413 2498 3495 Ampliat.
2531 3410 2774 3491 collect„
2804 3424 2852 3477 t.
2882 3417 2976 3494 11,
3007 3416 3121 3477 col.
3159 3424 3333 3488 1145,
3364 3423 3430 3474 n⁰
3454 3413 3533 3474 X.
3563 3444 3643 3457 —
3675 3411 3826 3472 Coll.

1262 3537 1400 3581 eum
1426 3521 1623 3581 codice
1649 3522 1793 3582 bibl.
1825 3522 2023 3583 Cesar.
2048 3524 2268 3597 Paris„
2281 3521 2463 3601 sends
2490 3518 3255 3600 Saint-Gerntain·Haae-lay‚
3283 3529 3349 3580 n⁶
3379 3527 3491 3579 455
3509 3561 3526 3592 ‚
3550 3533 3706 3595 pars.
3732 3516 3817 3594 ι.)

1090 3758 1169 3830 (4)
1207 3757 1342 3814 Huic
1369 3759 1596 3831 tempori
1624 3760 1908 3816 convenire
1937 3760 2188 3817 libentius
2212 3760 2533 3818 crediderim
2562 3761 2768 3818 litteras
2792 3761 2861 3817 de
2880 3774 3071 3818 securo
3092 3758 3358 3817 conductu
3384 3746 3521 3831 quas'
3543 3757 3832 3830 imperator

1020 3872 1119 3930 pro
1145 3854 1425 3914 Gualterio
1458 3856 1525 3913 de
1559 3856 1695 3913 Ocra
1723 3857 1792 3914 ad
1833 3856 2019 3914 fideles
2053 3870 2181 3914 suos
2217 3858 2525 3916 destinavit.
2560 3859 2711 3926 Quae
2752 3857 2967 3930 quidem
3005 3857 3316 3914 inseruntur
3351 3856 3405 3912 in
3432 3856 3585 3911 Petri
3609 3851 3673 3909 de
3704 3852 3824 3908 Vin.

1021 3955 1224 4028 Epist„
1254 3953 1347 4011 lib.
1377 3954 1444 4026 V,
1476 3969 1593 4027 cap.
1626 3954 1902 4025 XXXVII,
1924 3969 2066 4010 nunc
2082 3954 2201 4013 coll.
2223 3970 2346 4011 cum
2373 3955 2490 4011 cod.
2520 3955 2652 4011 bibl.
2679 3954 2860 4012 Cesar.
2887 3955 3081 4037 Paris,
3105 3953 3265 4026 fonds
3282 3952 3664 4021 Nom-Dama,
3698 3950 3825 4011 202.

1022 4057 1077 4107 et
1110 4051 1183 4107 ita
1223 4059 1417 4108 sonant
1454 4070 1467 4107 :
1504 4071 1531 4104 α
1558 4051 1837 4108 Universis
1881 4055 2189 4124 praesentes
2224 4051 2405 4108 literas
2436 4052 2783 4124 inspecturis,
2823 4058 2924 4109 etc.
2962 4052 3096 4109 Cum
3139 4052 3455 4124 magistrum
3499 4048 3568 4104 G.
3618 4046 3686 4103 de
3727 4087 3741 4100 .
3771 4086 3783 4099 .
3810 4083 3825 4098 .

1021 4146 1243 4204 latorem
1260 4149 1650 4221 praesentium,
1672 4150 1933 4206 notarium
1950 4153 2007 4207 et
2026 4148 2359 4222 capellanum
2381 4147 2598 4205 fidelem
2623 4156 2888 4219 nostrum,
2920 4148 2988 4206 ad
3015 4148 3339 4206 Ludovicum
3358 4146 3617 4203 illustrem
3643 4155 3829 4213 regem

1024 4243 1373 4312 Francorum,
1405 4245 1656 4303 dilectum
1687 4248 1917 4303 amicum
1959 4253 2202 4303 nostrum
2228 4262 2325 4319 pro
2351 4246 2671 4318 quibusdam
2701 4246 2911 4320 magnis
2937 4252 2993 4303 et
3031 4244 3214 4302 arduis
3248 4241 3593 4301 excellentiae
3618 4243 3830 4295 nostrae

1023 4340 1254 4413 negociis
1291 4345 1614 4415 exequendis
1644 4346 2063 4403 transmittamus
2112 4344 2182 4401 ad
2222 4360 2501 4417 praesens,
2548 4343 2787 4400 fidelitati
2830 4349 3042 4401 vestrae
3086 4340 3462 4415 praecipiendo
3511 4335 3831 4395 mandamus

1023 4444 1294 4509 quatenus
1319 4439 1567 4497 eumdem
1594 4441 1905 4514 magistrum
1924 4442 1994 4499 G.
2023 4457 2144 4498 cum
2163 4440 2498 4514 equitaturis„
2521 4440 2787 4511 scuteriis,
2816 4445 2873 4497 et
2898 4439 3058 4498 rebus
3085 4438 3202 4496 suis
3225 4437 3341 4494 sine
3364 4435 3591 4507 alicujus
3614 4431 3828 4506 pedagii

1023 4535 1300 4593 exactione
1327 4535 1425 4606 ire,
1452 4543 1596 4593 stare
1621 4540 1766 4595 etad
1788 4540 1992 4596 curiam
2009 4546 2247 4596 nostram
2274 4538 2453 4596 redire
2477 4553 2668 4595 secun-e
2692 4542 2751 4594 et
2777 4536 2948 4594 libere
2970 4535 3318 4610 permittatis;
3348 4532 3526 4590 eidem
3551 4531 3608 4587 in
3635 4543 3828 4588 securo

1022 4633 1290 4692 conductu
1322 4648 1448 4691 cum
1482 4633 1778 4707 expedierit
1814 4642 1871 4693 et
1900 4636 1974 4695 ab
2009 4652 2074 4693 eo
2105 4636 2314 4693 fueritis
2342 4636 2615 4708 requisiti,
2644 4634 2938 4708 provisuri,
2978 4633 3048 4691 ob
3086 4637 3300 4692 nostrae
3335 4628 3630 4701 majestatis
3663 4641 3830 4684 reve-

1022 4733 1267 4791 rentiam.
1295 4753 1319 4786 ι
