4364 5738
999 582 1120 643 212
1991 582 2417 645 lemmcl
2466 583 2814 646 SECUNDI
3437 585 3602 664 [An.
3640 584 3817 647 1244.

999 729 1207 815 prout
1234 718 1532 791 dabatur
1556 717 1839 790 cuilibet
1865 717 2325 812 oportunitaS,
2360 719 2748 791 successive
2776 720 3033 791 multos
3060 739 3156 791 ex
3187 718 3443 790 nostris
3471 719 3823 815 exspolia·

999 852 1254 914 verunt
1283 842 1519 933 bonis,
1555 842 2129 936 mancipaverunt
2163 841 2559 913 carceribus
2591 852 2663 914 et
2693 843 3066 914 nonnullos
3102 842 3310 915 etiam
3344 842 3827 915 miserabiliter

1001 966 1431 1056 occiderunt,
1467 967 1665 1059 quasi
1706 965 2010 1060 quadam
2060 965 2390 1061 temporis
2426 967 2899 1062 oportunitate
2933 976 3210 1062 captata
3242 989 3382 1060 qua
3414 967 3545 1039 sub
3574 967 3823 1040 umbra

1001 1091 1190 1185 pacis
1231 1089 1473 1163 fideles
1518 1099 1792 1162 nostros
1832 1088 2266 1161 offenderent
2310 1089 2382 1159 in
2423 1091 2741 1185 personis
2782 1100 2854 1162 et
2901 1090 3135 1163 rebus.
3173 1091 3461 1186 Propter
3497 1090 3689 1183 quod
3731 1090 3824 1163 ad

1003 1215 1477 1288 defensionem
1516 1224 1912 1286 nostrorum
1952 1211 2265 1285 fidelium
2311 1235 2405 1285 ex
2449 1214 2827 1309 imperialis
2871 1214 3076 1286 officii
3132 1214 3370 1287 debito
3422 1237 3822 1310 quanquam

1000 1339 1501 1414 rationabiliter
1539 1337 1924 1434 provocati,
1962 1358 2105 1408 non
2139 1346 2369 1409 tamen
2404 1337 2787 1430 abjecimus
2818 1360 3030 1433 super
3062 1335 3387 1410 firmitate
3426 1339 3619 1434 pacis
3653 1359 3822 1412 con·

1001 1486 1350 1536 summare
1398 1473 1801 1552 tractatum,
1859 1462 2350 1533 instantissime
2398 1471 2792 1558 repetentes
2845 1471 2926 1533 ut
2978 1461 3259 1556 liquidis
3309 1461 3685 1554 designatis
3736 1463 3824 1537 de

1003 1589 1256 1681 quibus
1296 1597 1458 1659 ante
1498 1587 2004 1660 absolutionem
2047 1586 2454 1681 petebatur,
2503 1587 2903 1662 omnimoda
2949 1587 3335 1681 quantitate
3379 1597 3451 1660 et
3495 1587 3826 1680 qualitate

1004 1711 1548 1784 satisfactionum
1600 1709 1984 1805 expressis»,
2030 1709 2485 1783 absolutionis
2536 1723 2774 1785 nostre
2830 1711 3082 1783 modus
3127 1722 3199 1783 et
3246 1710 3580 1782 terminus
3623 1711 3824 1783 nobis

1004 1833 1379 1909 diceretur.
1427 1835 1743 1928 Denique
1790 1834 1848 1906 si
1890 1844 2225 1926 queratur
2264 1856 2391 1905 cur
2430 1846 2592 1907 ante
2641 1844 3153 1907 sacramentum
3194 1856 3336 1906 non
3376 1835 3659 1906 fuerunt
3698 1833 3859 1907 hec·

1006 1960 1240 2032 omnia
1296 1959 1661 2031 terminata
1711 1966 1782 2029 et
1832 1957 2224 2052 specialiter
2270 1958 2637 2051 negocium
2688 1957 3276 2047 Lombardorum,
3331 1957 3828 2052 respondemus

1005 2084 1195 2177 quod
1226 2083 1772 2155 Lombardorum
1803 2082 2075 2175 questio
2110 2092 2275 2154 ante
2307 2092 2815 2154 sacramentum
2853 2091 3141 2153 tractata
3182 2081 3412 2153 extitit
3445 2090 3517 2152 et
3555 2081 3822 2173 decisa,

1005 2229 1402 2301 quanquam
1450 2207 1772 2279 dominus
1816 2227 2034 2301 papa,
2081 2206 2138 2277 si
2177 2205 2411 2278 dicere
2455 2203 2684 2295 liceat,
2729 2205 2921 2278 aliud
2959 2206 3029 2276 in
3062 2204 3273 2276 corde
3308 2213 3578 2297 gereret
3615 2224 3827 2297 quam

1002 2353 1176 2405 voce
1207 2333 1572 2427 proferret.
1605 2332 1774 2403 Cum
1804 2331 1988 2401 enim
2027 2339 2313 2401 tractata
2346 2330 2586 2401 suisset
2612 2330 2966 2401 contentio
2996 2329 3084 2401 de
3116 2327 3520 2400 Lombardis
3547 2337 3617 2398 et
3648 2349 3829 2423 papa

1002 2466 1402 2529 constanter
1429 2456 1718 2526 instaret
1748 2465 1825 2523 ut
1851 2454 2116 2548 precise
2140 2454 2816 2547 compromitteretur
2838 2453 2909 2524 in
2944 2475 3133 2544 eum,
3160 2453 3337 2524 sicut
3369 2453 3440 2522 in
3470 2451 3826 2546 quondam

1005 2579 1365 2651 dominum
1388 2577 1794 2670 Gregorium
1819 2577 2045 2648 suerat
2077 2577 2455 2669 aliquando
2483 2577 3086 2672 compromissum,
3111 2587 3181 2648 et
3204 2576 3743 2672 responderetur
3764 2576 3826 2647 ei

1004 2703 1196 2796 quod
1232 2713 1395 2774 tunc
1422 2702 1703 2797 quando
1727 2701 2300 2796 compromissum
2330 2702 2556 2772 suerat
2582 2700 2650 2771 in
2678 2722 2930 2795 papam
2955 2701 3363 2793 Gregorium
3388 2711 3538 2771 erat
3563 2700 3828 2770 amicus

1000 2835 1239 2899 noster
1278 2848 1409 2899 nec
1453 2846 1583 2898 nos
1628 2825 2268 2898 excommunicatos
2307 2824 2613 2897 habebat
2658 2824 2837 2897 sicut
2875 2845 3004 2898 vos
3047 2823 3351 2915 habetiS,
3386 2833 3457 2896 et
3482 2823 3645 2917 quia
3681 2824 3823 2917 Jam

1002 2951 1276 3046 experti
1323 2973 1563 3022 sumus
1604 2950 1988 3044 periculum
2036 2948 2435 3041 hujusmodi
2477 2949 2763 3020 materie
2810 2948 2900 3021 de
2941 2948 3551 3043 compromissione
3596 2947 3669 3018 in
3696 2948 3825 3020 Ec·

1002 3074 1213 3146 clesia
1263 3074 1576 3146 facienda
1599 3127 1618 3164 ,
1663 3095 1789 3168 per
1842 3094 2052 3165 quam
2103 3072 2363 3144 nedum
2422 3072 2614 3166 quod
2673 3071 2883 3143 nichil
2938 3072 3446 3144 commoditatis
3499 3072 3645 3143 fere
3701 3092 3829 3166 per

1002 3197 1125 3269 XV
1153 3217 1373 3268 annos
1405 3196 1848 3286 haberemus,
1875 3215 2040 3291 ymo
2068 3194 2586 3269 incommodum
2612 3195 3148 3290 reportavimus,
3172 3195 3339 3267 dum
3360 3195 3554 3267 CCCC
3576 3195 3828 3267 milites

1002 3318 1095 3391 ad
1131 3342 1309 3413 quos
1360 3342 1486 3414 pro
1531 3319 1766 3390 multis
1811 3319 2089 3391 offensis
2129 3319 2454 3391 dominus
2494 3318 2841 3391 Honon‘us
2875 3320 2961 3391 111
2997 3319 3352 3413 quondam
3400 3339 3581 3413 papa
3620 3319 3824 3390 Lom-

1002 3443 1257 3515 bardos
1289 3465 1372 3514 ex
1412 3442 1909 3537 compromisso
1951 3442 2023 3513 in
2072 3464 2233 3513 eum
2280 3444 2462 3514 facto
2504 3441 3132 3534 condemnaverat,
3169 3442 3541 3534 Gregorius
3584 3451 3829 3514 contra

999 3588 1129 3639 nos
1166 3577 1505 3639 exeuntes
1536 3588 1663 3660 pro
1700 3567 1995 3640 servicio
2020 3568 2180 3639 Iesu
2212 3566 2461 3639 Christi
2495 3567 2810 3662 partibus
2844 3566 3318 3638 transmarinis
3352 3565 3729 3639 transmisit
3756 3566 3827 3637 in

999 3715 1324 3786 regnum3
1363 3691 1643 3763 tandem
1675 3692 1874 3787 petiit
1898 3700 1978 3762 ut
2005 3692 2171 3785 quia
2201 3691 2512 3764 Ecclesia
2539 3713 2615 3764 se
2645 3691 2738 3764 ad
2765 3691 2900 3763 hoc
2930 3691 3334 3763 Lombardis
3365 3690 3822 3783 obligaverat,

995 3817 1185 3911 quod
1232 3817 1432 3887 aliter
1476 3816 1838 3887 nobiscum
1885 3837 2130 3910 pacem
2175 3837 2315 3887 non
2365 3816 2624 3887 faceret
2665 3815 2799 3885 nisi
2845 3823 3137 3909 poneret
3177 3815 3363 3909 ipsos
3400 3815 3471 3885 in
3501 3835 3712 3909 pace,
3747 3822 3825 3884 ut

994 3942 1401 4015 Lombardis
1452 3940 1826 4012 rebellibus
1869 3940 2139 4035 imperii
2189 3962 2364 4033 quos
2408 3940 2715 4012 Ecclesie
2761 3938 3180 4011 adherentes
3224 3940 3529 4011 vocabat
3582 3958 3825 4033 pacem

994 4066 1321 4138 daremus
1349 4074 1419 4136 et
1449 4065 1904 4137 liberaremus
1937 4063 2250 4157 captivos
2289 4084 2555 4135 eorum.
2593 4063 2798 4149 Quod
2839 4084 2999 4135 cum
3041 4063 3270 4134 nuntii
3308 4061 3687 4158 supradicti
3731 4062 3821 4134 de

994 4188 1275 4261 datione
1307 4189 1495 4282 pacis
1531 4189 2025 4275 concederent,
2063 4188 2376 4282 captivos
2410 4198 2642 4260 tamen
2671 4209 2813 4260 non
2845 4187 3048 4258 aliter
3074 4187 3392 4259 dicerent
3422 4185 3820 4259 liberandos

990 4311 1124 4382 nisi
1156 4312 1348 4406 prius
1384 4313 1833 4385 sacramentis
1869 4311 2222 4385 fidelitatis
2254 4322 2324 4383 et
2356 4311 2675 4384 cautione
2709 4310 3015 4407 prestitis
3051 4332 3178 4406 per
3209 4310 3491 4383 eosdem
3524 4309 3716 4404 quod
3746 4302 3818 4383 in

992 4433 1181 4507 curia
1210 4441 1446 4504 nostra
1474 4445 1545 4505 et
1575 4457 1807 4507 coram
1843 4437 2150 4531 paribuS,
2180 4445 2389 4532 prout
2416 4445 2522 4507 est
2544 4434 2856 4508 omnium
2884 4455 3258 4527 regnorum
3279 4434 3458 4526 juris
3480 4442 3552 4506 et
3573 4433 3811 4526 moriS,

989 4578 1201 4652 super
1230 4556 1627 4629 detentione
1658 4561 1992 4652 regalium
2027 4572 2096 4633 et
2123 4561 2432 4656 ipsorum
2466 4558 3003 4632 obventionibus
3042 4566 3310 4630 starent
3341 4566 3412 4629 et
3435 4556 3576 4649 juri
3609 4577 3814 4652 pare·

988 4691 1180 4774 rent,
1213 4679 1535 4754 dominus
1575 4703 1755 4776 papa
1800 4684 2024 4777 primo
2066 4683 2156 4755 de
2196 4683 2602 4757 Lombardis
2647 4682 3148 4757 conveniendis
3190 4681 3262 4753 in
3307 4680 3500 4754 curia
3544 4679 3816 4776 imperii
