4364 5738
541 530 743 591 unm.
774 528 866 606 2.]
1426 523 1822 586 msTomA
1874 523 2466 590 DIPLOMATICA.
3246 523 3367 585 235

652 977 1115 1084 FridericuS,
1155 979 1676 1062 Romanorum
1721 978 2162 1088 imperator,
2206 978 2352 1060 sub
2399 1003 2539 1060 sua
2587 986 2665 1059 et
2715 976 3013 1084 imperii
3060 974 3365 1084 speciali
3417 1000 3514 1054 Διιιι
3485 1000 3546 1042 ua
3581 1000 3782 1051 ιιιοιιιιι.

545 1111 1003 1215 protectione
1038 1137 1446 1195 commune
1480 1109 1577 1193 de
1613 1111 1943 1194 Sarzana
1979 1136 2153 1193 cum
2196 1108 2555 1193 omnibus
2599 1108 2764 1219 ejus
2807 1107 3029 1191 bonis
3067 1108 3357 1217 recipit.

705 1323 906 1403 (Ined.
933 1342 1027 1402 ap.
1063 1327 1462 1402 Lmnmnu,
1484 1324 1636 1388 Delt'
1655 1328 1803 1408 oriq.
1826 1324 1981 1387 della
1999 1326 2126 1388 citt.
2153 1324 2218 1387 di
2241 1325 2399 1386 Luni
2423 1343 2454 1386 e
2482 1325 2766 1403 San-zan„
2791 1324 2935 1385 Mss.
2959 1328 3023 1385 in
3048 1283 3191 1386 bibl.
3211 1326 3367 1386 Berfl

783 1429 959 1502 Gen„
1006 1431 1111 1494 fol.
1157 1440 1268 1492 107
1296 1439 1453 1493 extr.
1482 1463 1562 1479 —
1589 1434 1990 1508 ScmArrmo,
2020 1430 2243 1494 Amal.
2276 1429 2407 1494 eccl.
2438 1433 2671 1513 ῥίφω,
2698 1432 2837 1492 Mss.
2869 1428 3018 1492 lbid.
3054 1431 3137 1504 11,
3167 1431 3213 1492 f.
3248 1438 3365 1492 664

781 1534 966 1615 extr.)

641 1723 1063 1817 FridericuS,
1101 1735 1235 1798 etc.
1268 1725 1401 1797 Per
1431 1748 1718 1822 presens
1758 1728 2091 1822 scriptum
2124 1736 2367 1799 notum
2406 1725 2694 1796 facimus
2723 1725 3067 1796 universis
3095 1726 3367 1821 imperii

546 1844 869 1938 fidelihus
904 1858 1044 1920 tam
1091 1849 1529 1943 presentibus
1570 1871 1782 1943 quam
1820 1850 2069 1921 futuris
2103 1850 2298 1941 quod
2335 1870 2465 1920 nos
2501 1847 2941 1920 attendentes
2980 1847 3192 1921 fidem
3232 1872 3365 1945 pu·

546 1992 696 2042 ram
734 1982 805 2043 et
835 1971 1176 2044 sinceram
1220 1993 1431 2066 quam
1472 1993 1840 2045 commune
1881 1972 1970 2045 de
2016 1974 2316 2043 Sarzana
2370 1970 2613 2043 fideles
2661 1972 2880 2044 nostri
2922 1994 3087 2065 erga
3128 1995 3258 2046 nos
3299 1984 3370 2046 et

546 2094 913 2190 imperium
956 2095 1292 2168 hactenus
1343 2096 1775 2186 habuerunt,
1829 2095 2351 2180 considerantes
2396 2094 2603 2166 etiam
2652 2104 2850 2185 grata
2894 2097 3175 2167 servitia
3228 2118 3366 2189 que

548 2217 714 2290 dicti
747 2217 991 2291 fideles
1030 2219 1251 2291 nostri
1301 2219 1505 2291 nobis
1548 2219 2017 2291 exhibuerunt
2060 2219 2398 2290 hactenus
2443 2227 2514 2289 et
2556 2216 2887 2289 exhibere
2923 2228 3251 2313 poterunt
3297 2221 3366 2289 in

545 2353 752 2414 antea
804 2342 1108 2435 gratiora
1131 2395 1152 2433 ,
1215 2364 1583 2414 commune
1646 2343 1872 2436 ipsum
1935 2364 2097 2414 cum
2155 2342 2481 2448 omnibus
2535 2341 2739 2412 bonis
2797 2341 2937 2412 suis
2984 2363 3122 2435 que
3181 2364 3369 2416 nunc

547 2464 807 2537 habent
837 2474 908 2536 et
937 2464 1027 2537 de
1058 2474 1292 2536 cetero
1322 2467 1514 2557 justo
1555 2465 1754 2537 titulo
1795 2464 2088 2561 adipisci
2137 2474 2500 2560 poterunt,
2537 2465 2670 2535 sub
2709 2474 2945 2537 nostra
2985 2474 3058 2537 et
3098 2466 3369 2561 imperii

547 2589 975 2682 protectione
1007 2589 1379 2685 recipimus
1421 2588 1739 2684 speciali;
1778 2590 2259 2683 promittentes
2298 2589 2563 2663 eisdem
2601 2587 2793 2682 quod
2824 2589 3019 2661 nullo
3058 2612 3369 2685 unquam

551 2721 859 2808 tempore
899 2711 1210 2786 dominio
1251 2721 1491 2785 nostro
1532 2720 1606 2782 et
1646 2711 1922 2806 imperii
1960 2710 2448 2783 subtrahemus
2483 2733 2616 2784 nec
2644 2712 3108 2803 jurisdictioni
3148 2716 3366 2807 subji-

547 2837 811 2910 ciemus
838 2836 1156 2929 alterius,
1198 2836 1324 2910 sed
1361 2857 1481 2910 eos
1517 2836 1590 2908 in
1622 2836 1945 2909 manibus
1983 2836 2240 2909 nostris
2275 2845 2348 2942 et
2373 2836 2648 2932 imperii
2678 2836 3066 2910 tenebimus
3096 2860 3369 2935 semper

548 2971 618 3033 et
643 2962 1074 3034 servabimus
1091 3014 1112 3053 ,
1153 2961 1251 3034 ita
1285 2960 1480 3056 quod
1508 2958 1711 3033 nobis
1749 2969 1956 3032 erunt
1986 2959 2383 3033 immediate
2415 2959 2710 3052 subjecti
2744 2962 3134 3057 nostrisque
3177 2965 3365 3038 vica·

548 3084 668 3157 riis
683 3137 704 3175 ,
742 3084 942 3157 sicuti
973 3086 1255 3159 fuerunt
1286 3085 1715 3179 temporibus
1723 3136 3360 3160 .....................

548 3330 963 3402 mandantes
993 3339 1337 3424 quatenus
1367 3331 1602 3403 nullus
1640 3330 1730 3403 sit
1759 3331 1881 3423 qui
1916 3330 2307 3426 predictum
2342 3353 2710 3404 commune
2751 3344 2993 3405 contra
3027 3337 3370 3430 presentis

549 3452 1000 3551 protectionis
1035 3464 1271 3526 nostre
1312 3462 1625 3526 tenorem
1658 3452 1997 3548 impedire
2029 3455 2144 3527 vel
2174 3455 2544 3527 molestare
2585 3466 2963 3550 presumat.
3004 3456 3210 3542 Quod
3248 3462 3370 3553 qui

550 3578 1082 3675 presumpserit,
1122 3586 1232 3649 etc
1237 3628 3361 3652 ...........................

552 3824 662 3897 Ad
690 3825 900 3917 hujus
930 3823 1165 3917 igitur,
1198 3832 1310 3896 etc
1315 3874 3360 3897 ..........................

644 3948 896 4020 Datum
925 3947 1116 4043 apud
1146 3948 1428 4039 Lucam,
1458 3968 1646 4020 anno
1671 3946 1968 4027 Domini
1977 3946 2071 4021 Μ.
2091 3945 2218 4021 CC.
2236 3948 2469 4039 XLIV,
2497 3968 2737 4020 mense
2768 3948 3042 4041 augusti
3099 4001 3116 4019 .
3178 4002 3196 4019 .
3260 4004 3277 4020 .
3343 4007 3359 4022 .

659 4459 1081 4545 Fridericus
1095 4525 1119 4570 ,
1167 4464 1687 4547 Romanorum
1742 4462 2184 4570 imperator,
2238 4460 2590 4570 potestati
2642 4472 2717 4544 et
2762 4462 3081 4547 consilio
3130 4462 3367 4547 Man-

550 4600 725 4676 tuae
785 4594 1105 4677 mandat
1161 4606 1248 4678 ut
1298 4595 1620 4678 Hem-ico
1679 4595 1779 4677 ‘de
1824 4593 2044 4678 Ulma
2093 4619 2234 4703 pro
2288 4593 2585 4703 imperii
2646 4597 2969 4706 negotiis
3025 4596 3107 4677 in
3170 4595 3368 4681 Ale-

3497 1060 3700 1107 sumto.

3494 4456 3710 4513 lunam,

3440 4513 3497 4557 20
3511 4490 3794 4568 septembris.
