4364 5738
547 542 751 605 lrmtcr.
782 543 874 621 4.]
1440 544 1835 606 HISTORIA
1883 544 2480 609 nlpnoua'rch.
3246 546 3373 610 403

649 677 750 750 Ne
797 677 983 749 fama
1039 678 1483 773 preambula,
1531 700 1670 771 que
1730 681 2111 753 multorum
2160 680 2427 753 variata
2480 678 2846 769 relatibus,
2909 678 3079 752 dum
3141 679 3371 753 varias

549 799 819 873 invenit
857 801 1131 873 noviter
1160 803 1592 892 voluntates,
1635 803 1986 875 interdum
2021 804 2400 877 enormiter
2423 824 2467 875 a
2491 803 2784 876 veritate
2811 802 3133 894 discedit,
3166 803 3369 877 audi-

554 935 703 1002 tum
755 937 1066 998 vestrum
1112 927 1345 997 forsan
1400 926 1817 1017 offenderet,
1873 928 2257 1001 amicorum
2312 928 2525 1002 corda
2573 928 2888 1000 turbaret
2904 980 2925 1019 ,
2976 929 3246 1001 animos
3299 939 3372 1001 et

551 1069 757 1121 aures
787 1047 1092 1122 hostium
1122 1049 1585 1139 demulceret3
1626 1071 1791 1123 ecce
1830 1052 2026 1145 quod
2054 1051 2279 1147 ipsam
2309 1072 2558 1148 puram
2590 1061 2663 1123 et
2702 1050 2963 1123 nudam
3003 1050 3371 1124 veritatem

552 1191 797 1244 eorum
840 1193 978 1264 que
1022 1172 1225 1243 nobis
1267 1155 1549 1244 noviter
1583 1174 2058 1267 contigerunt,
2093 1185 2329 1247 vestre
2371 1173 2724 1247 dilectioni
2767 1173 3207 1269 presentibus
3254 1196 3369 1247 se-

552 1295 782 1368 riatim
827 1305 899 1367 et
940 1296 1247 1367 breviter
1286 1296 1724 1371 denotamus.
1771 1299 2337 1394 conspirantibus
2381 1298 2618 1393 itaque
2666 1297 2739 1368 in
2783 1318 3029 1369 necem
3063 1308 3374 1370 nostram

550 1419 902 1514 aliquibus
957 1420 1368 1491 excellentie
1440 1429 1676 1492 nostre
1743 1418 2100 1513 fidelibus,
2168 1422 2482 1516 quinimo
2550 1420 2949 1493 domesticis
3009 1420 3241 1515 potius
3302 1431 3374 1492 et

552 1542 885 1632 alumnis,
940 1543 1267 1614 videlicet
1309 1543 1710 1618 Theobaldo
1766 1546 1817 1616 F
1817 1545 2164 1637 rancisco,
2215 1545 2556 1617 Pandult'o
2599 1545 2689 1617 de
2738 1544 3135 1635 Fasanella,
3173 1543 3366 1616 Guil-
3497 1575 3500 1578 ¹

552 1666 786 1737 belmo
830 1664 920 1737 de
961 1665 1213 1738 Sancto
1256 1667 1587 1739 Severino
1626 1679 1697 1740 et
1740 1689 1984 1741 eorum
2022 1668 2512 1763 complicibus,
2560 1665 2897 1760 nobisque
2938 1688 3064 1761 per
3101 1667 3374 1761 aliquos

555 1810 650 1862 ex
702 1790 1256 1883 conjuratoribus
1299 1790 1616 1863 factionis
1669 1792 1978 1887 ipsorum
2030 1791 2509 1885 conjuratione
2566 1790 2828 1862 nefaria
2882 1790 3225 1882 revelata,
3279 1812 3375 1865 ex

555 1914 864 2009 ipsorum
902 1914 1224 1984 manibus
1261 1913 1478 1985 vitam
1510 1924 1817 1986 nostram
1851 1915 2211 1987 innoxiam
2249 1915 2580 1987 Dominus
2613 1913 3021 1985 mirabiliter
3054 1935 3371 1986 reserva-

553 2036 681 2109 vit.
718 2037 859 2109 Sed
888 2058 1051 2109 cum
1082 2057 1210 2108 nos
1242 2045 1513 2108 tantum
1548 2038 1773 2108 scelus
1808 2038 1987 2109 sicut
2016 2037 2466 2127 immeritum,
2500 2037 2600 2108 sic
2624 2034 3028 2108 incredibile
3056 2035 3374 2130 primitus

553 2159 1005 2252 haberemus,
1063 2160 1466 2255 priusquam
1511 2160 1603 2232 ad
1648 2160 2046 2232 ulteriorem
2096 2159 2411 2232 veritatis
2457 2158 2856 2252 indaginem
2899 2168 3138 2230 nostra
3180 2180 3369 2232 sere·

555 2283 735 2370 nitas
763 2284 1189 2379 perveniret,
1229 2285 1459 2356 subito
1489 2282 1869 2356 Pandulfus
1904 2284 1994 2357 de
2023 2284 2382 2356 Fasanella
2416 2293 2488 2355 et
2510 2282 2807 2355 lacobus
2838 2282 2929 2353 de
2968 2282 3195 2354 Morra
3240 2303 3368 2354 ex·
3457 2371 3464 2376 θ

554 2408 851 2501 cogitate
901 2408 1161 2479 malitie
1212 2407 1561 2503 principes
1583 2459 1604 2498 ,
1649 2428 1825 2500 quos
1865 2409 2011 2480 lesa
2065 2406 2490 2480 conscientia
2533 2405 2973 2494 stimulabat,
3023 2426 3163 2476 una
3212 2427 3373 2477 cum

554 2532 705 2603 aliis
746 2531 950 2604 sociis
994 2542 1065 2603 et
1107 2531 1559 2627 participibus
1609 2531 2053 2626 perpetrandi
2087 2529 2412 2602 facinoris
2448 2529 2521 2600 in
2565 2527 2757 2600 curia
2807 2537 3045 2599 nostra
3085 2550 3372 2623 presen-

559 2656 769 2746 tibus,
796 2678 872 2728 se
902 2678 1026 2750 per
1055 2656 1216 2748 fuge
1249 2655 1631 2728 subsidium
1661 2655 2139 2726 absentarunt.
2177 2652 2614 2726 Theobaldus
2642 2672 2812 2724 vero
2845 2661 2918 2722 et
2946 2651 3375 2724 Guilhelmus

558 2778 847 2873 predicti
888 2788 1237 2851 morantes
1284 2778 1357 2848 in
1403 2800 1619 2872 regno
1668 2788 1741 2849 et
1785 2777 2044 2849 ibidem
2092 2777 2335 2849 mortis
2380 2787 2615 2848 nostre
2664 2775 2996 2846 nuncium
3042 2786 3372 2868 tanquam

554 2902 1084 2976 indubitabilem
1143 2912 1630 2998 expectantes,
1683 2924 1777 2973 ex
1835 2903 2187 2998 insperato
2235 2901 2657 2974 contrarium
2720 2900 3122 2988 audienteS,
3181 2911 3375 2974 metu

558 3024 882 3115 terribili,
915 3027 1107 3097 velut
1133 3026 1221 3097 de
1249 3028 1400 3097 celo
1435 3026 1742 3097 fulminis
1777 3025 1919 3098 ictu
1955 3026 2300 3121 percussi,
2342 3025 2434 3097 ad
2477 3024 2619 3097 duo
2664 3046 2760 3097 ex
2802 3025 3044 3096 castris
3088 3025 3369 3117 nostriS,

556 3145 967 3242 Capaccium
1010 3146 1337 3218 videlicet
1389 3157 1460 3218 et
1498 3150 1768 3220 Scalam
1788 3201 1810 3241 ,
1867 3150 1998 3221 sub
2044 3148 2356 3221 fidelium
2407 3148 2648 3220 babitu
2700 3147 2952 3219 furtive
3002 3147 3368 3244 subrepto,

558 3268 935 3363 proditorie
983 3269 1468 3360 confugerunt.
1521 3271 1652 3342 Ubi
1702 3272 2102 3366 priusquam
2151 3294 2227 3343 se
2281 3279 2566 3367 possent
2608 3293 2842 3342 rerum
2892 3281 2965 3342 et
3014 3270 3375 3349 hominum

557 3391 961 3465 defensione
996 3392 1303 3482 munire,
1340 3394 1620 3464 fuerunt
1652 3405 1972 3489 prompta
2008 3392 2146 3467 fide
2187 3394 2692 3486 regnicolarum
2720 3394 3164 3488 preoccupati
3192 3392 3371 3467 fide-

558 3517 728 3589 lium
757 3525 828 3587 et
851 3516 1157 3588 collectis
1189 3516 1499 3609 undique
1530 3517 1795 3588 viribus
1830 3517 2296 3613 circumsepti.
2330 3518 2473 3588 Nos
2512 3515 2722 3625 etiam
2753 3515 2944 3610 apud
2975 3516 3373 3588 Grossetum

561 3650 727 3711 tunc
758 3638 1086 3733 temporis
1116 3637 1529 3729 existentes,
1561 3648 1927 3734 postquam
1967 3661 2263 3735 persone
2298 3648 2532 3710 nostre
2559 3636 2943 3732 periculum
2972 3646 3173 3707 caute
3212 3659 3374 3731 pre-

559 3762 894 3852 vidimus,
939 3762 1011 3832 in
1050 3761 1469 3834 hereditario
1513 3784 1731 3855 regno
1768 3774 2007 3834 nostro
2047 3762 2311 3853 Sicilie,
2357 3762 2552 3834 velut
2589 3759 2662 3830 in
2705 3758 2971 3855 pupilla
3013 3760 3375 3832 oculorum

559 3896 992 3976 nostrorum,
1033 3884 1291 3957 offendi
1323 3887 1720 3958 nullatenus
1753 3887 2094 3981 patientes
2106 3939 2127 3977 ,
2164 3883 2586 3958 continuatis
2629 3881 2981 3954 laboribus
3031 3890 3103 3953 et
3132 3882 3368 3974 dietis,

560 4010 632 4080 in
664 4031 956 4102 regnum
998 4031 1158 4079 cum
1202 4009 1390 4080 omni
1439 4009 1791 4081 celeritate
1835 4009 2265 4105 providimus
2312 4006 2858 4104 procedendum.
2904 4006 3067 4076 Post
3103 4005 3375 4077 felicem

556 4142 794 4203 autem
823 4133 1209 4225 ingressum
1244 4132 1312 4202 in
1344 4154 1638 4225 regnum
1671 4144 1904 4206 nostre
1938 4132 2344 4225 maJ’estatiS,
2377 4151 2587 4223 quam
2615 4129 2852 4224 plures
2883 4126 3126 4201 fideles
3156 4130 3376 4202 nostri

560 4255 906 4346 regnicole
933 4255 1055 4347 qui
1090 4256 1181 4327 ad
1209 4256 1640 4350 proditorum
1674 4267 2063 4329 nostrorum
2095 4256 2268 4326 false
2296 4251 2756 4345 suggestionis
2782 4252 3206 4344 instantiam,
3248 4242 3376 4350 per

556 4377 844 4449 mentite
888 4378 1127 4450 mortis
1173 4390 1406 4450 nostre
1452 4401 1649 4475 spem
1696 4379 2049 4468 frivolam,
2089 4374 2676 4478 conspiratoribus
2719 4376 3038 4448 factionis
3074 4377 3373 4451 adhese-

557 4510 740 4591 rant,
770 4511 1134 4596 postquam
1158 4524 1306 4573 rem
1338 4503 1410 4574 in
1436 4502 1861 4575 contrarium
1886 4501 2018 4574 sibi
2048 4500 2336 4574 cessisse
2364 4497 2791 4591 videntibus,
2825 4500 3135 4574 veritatis
3159 4501 3377 4596 ipsius

558 4625 794 4695 lumen
839 4623 1152 4716 emicuit,
1196 4626 1587 4721 proditores
1620 4626 1941 4718 eosdem,
1984 4635 2314 4719 tanquam
2355 4623 2665 4719 ipsorum
2705 4623 3022 4699 nolentes
3058 4645 3373 4697 commu-
