4364 5738
998 586 1079 646 60
2001 589 2435 650 minume!
2486 589 2830 651 summm
3440 590 3603 666 [Arm.
3641 589 3813 651 1242.

998 743 1243 795 cursus
1290 744 1627 816 aquarum
1669 724 1978 818 plantata
2016 735 2184 796 sunt
2223 725 2410 815 ligna
2450 725 2771 813 scientie,
2818 723 3113 818 pastoris
3155 723 3402 795 solatio
3442 734 3711 814 careat,
3750 735 3818 797 et

997 866 1134 939 que
1181 846 1367 917 viam
1427 848 1718 940 prebere
1784 857 2060 919 tenetur
2123 847 2309 938 aliis,
2377 848 2655 941 penitus
2713 847 3046 919 oberrans
3106 846 3179 916 in
3247 845 3475 936 invi0,
3532 858 3818 940 cogatur

995 967 1358 1061 addiscere
1405 991 1544 1063 que
1598 971 1826 1042 facere
1877 969 2123 1042 debuit
2180 979 2252 1041 et
2305 970 2582 1042 docere.
2638 971 2818 1042 Sane
2874 978 3116 1042 contra
3163 970 3497 1041 naturalis
3553 970 3814 1042 ordinis

945 1166 952 1173 ,
997 1093 1304 1163 tramites
1342 1092 1517 1164 mira
1573 1115 1684 1165 res
1724 1094 1978 1186 agitur,
2030 1092 2200 1165 dum
2243 1095 2592 1167 revolutas
2635 1093 2947 1186 undique
3002 1114 3223 1186 aquas
3275 1093 3565 1188 abyssus
3600 1094 3812 1166 dene·

990 1224 1142 1307 gat,
1184 1236 1357 1307 quas
1396 1216 1735 1288 virtutum
1772 1216 2096 1305 ariditaS,
2132 1225 2212 1287 ut
2246 1217 2629 1306 credimus,
2661 1218 2806 1309 jam
2836 1216 3159 1306 siccavit,
3194 1216 3361 1288 dum
3397 1216 3581 1288 Petri
3611 1217 3807 1288 navi-

989 1337 1181 1427 cula,
1217 1359 1428 1430 quam
1461 1337 1859 1432 cupiditatis
1900 1336 2179 1410 flamma
2218 1341 2490 1412 voravit
2522 1340 2592 1411 in
2640 1340 2906 1433 girum,
2948 1348 3317 1411 nautarum
3354 1340 3557 1433 culpa
3596 1340 3809 1433 presi-

989 1458 1330 1549 dentium,
1378 1462 1702 1555 procellis
1744 1461 2366 1535 intumescentibus
2409 1471 2949 1555 conquassatur;
2988 1461 3156 1534 dum
3198 1471 3419 1532 mater
3461 1462 3801 1552 Ecclesia,

990 1602 1128 1675 que
1170 1583 1243 1652 in
1292 1583 1522 1673 Petro,
1560 1583 1772 1655 immo
1811 1584 1884 1655 in
1931 1595 2129 1679 petra
2165 1586 2398 1680 posuit
2431 1584 2990 1675 fundamentum,
3021 1585 3172 1658 viro
3204 1585 3473 1679 privata
3499 1586 3800 1679 proprio,

992 1707 1323 1778 remansit
1361 1716 1441 1776 ut
1476 1707 1801 1799 indigena
1831 1707 2143 1781 viduata.
2182 1710 2359 1781 Ecce
2392 1710 2735 1803 siquidem
2768 1709 3105 1805 perdente
3135 1709 3403 1782 Christo
3437 1708 3798 1796 vicarium,

988 1829 1311 1925 princeps
1355 1829 1843 1926 Apostolorum
1887 1833 2194 1927 perdidit
2238 1854 2706 1904 successorem
2766 1842 2836 1904 et
2873 1832 3202 1927 pastorali
3251 1830 3583 1921 regimine
3632 1852 3803 1923 grex

986 1951 1374 2025 dominicus
1415 1963 1522 2026 est
1574 1955 1910 2049 privatus.
1957 1956 2099 2028 Sed
2138 1956 2565 2045 cardinales,
2604 1956 2913 2041 Ecclesie
2955 1955 3274 2027 cardines
3322 1964 3393 2026 et
3440 1954 3794 2042 columne,

986 2096 1163 2171 quos
1223 2077 1587 2151 diminutio
1648 2079 1893 2174 capitis
1953 2080 2350 2174 eclipsavit,
2421 2081 2666 2174 quales
2743 2080 2993 2152 ceteris
3055 2079 3258 2151 venie
3326 2078 3801 2172 impetratores

985 2200 1310 2289 existitis,
1350 2202 1470 2296 qui
1507 2201 1564 2273 si
1609 2203 1868 2273 veritas
1917 2202 2048 2273 sub
2081 2203 2317 2275 modio
2349 2225 2492 2274 non
2538 2204 2830 2295 celatur,
2868 2225 3010 2274 non
3056 2182 3366 2274 sufficitis
3401 2201 3492 2273 ad
3531 2200 3795 2273 vindic-

984 2335 1123 2397 tam
1153 2322 1300 2422 (a)?
1327 2326 1581 2411 Quales
1615 2327 1896 2399 semitas
1936 2327 2301 2398 ostenditis
2333 2328 2756 2418 errantibuS,
2792 2328 2912 2420 qui
2945 2348 2987 2399 a
3019 2324 3420 2399 directionis
3449 2325 3795 2418 gressibus

981 2449 1323 2521 deviatis?
1361 2448 1697 2520 Sedentes
1735 2449 1923 2518 enim
1981 2458 2063 2520 ut
2104 2449 2407 2537 colubri,
2454 2470 2596 2519 non
2639 2472 2775 2542 que
2816 2471 3090 2521 sursum
3139 2457 3303 2520 sunt
3350 2448 3623 2541 sapitis,
3672 2446 3794 2518 sed

979 2593 1118 2664 que
1163 2581 1325 2643 ante
1367 2572 1604 2642 oculos
1639 2572 1770 2642 sita
1811 2582 2007 2660 sunt,
2052 2570 2445 2662 mundana,
2491 2593 2634 2644 non
2677 2573 3057 2665 spiritualia
3095 2572 3522 2644 intuentibus
3560 2570 3793 2664 provi-

982 2694 1186 2765 detis.
1232 2693 1386 2766 Sitit
1448 2694 1633 2765 enim
1679 2694 1973 2786 quilibet
2013 2696 2440 2789 presulatum
2483 2706 2554 2767 et
2597 2699 2921 2791 papalem
2974 2696 3190 2768 esurit
3233 2696 3537 2790 apicem,
3588 2703 3791 2790 prout

980 2817 1300 2889 voluntas
1327 2817 1540 2890 dictat
1569 2817 1834 2889 arbitrii
1867 2828 1939 2890 et
1965 2818 2211 2890 merita
2244 2840 2382 2891 non
2422 2820 2865 2892 subserviunt
2896 2820 3183 2910 rationi,
3217 2840 3514 2913 quorum
3558 2818 3789 2888 vultus

978 2939 1237 3012 invidie
1320 2943 1605 3014 maculis
1697 2943 1797 3013 sic
1872 2952 1942 3014 et
2018 2944 2239 3015 livore
2307 2944 2704 3038 cupiditatis
2776 2943 3149 3015 obducitur
3178 2996 3197 3033 ,
3286 2942 3476 3037 quod
3544 2952 3788 3013 neuter

975 3065 1213 3138 vivere
1265 3067 1436 3138 velit
1478 3069 1810 3157 alterum,
1850 3065 2110 3138 nedum
2154 3065 2594 3161 pontificatus
2632 3067 2902 3159 fastigio
2945 3067 3294 3161 suspicere
3351 3064 3778 3136 decoratum.

975 3188 1291 3260 Movetur
1339 3189 1571 3282 igitur,
1611 3199 1929 3260 movetur
1970 3199 2042 3260 et
2087 3190 2334 3261 merito
2376 3202 2611 3261 nostre
2660 3191 3036 3282 maJestatis
3071 3189 3443 3279 industria,
3485 3198 3555 3259 et
3596 3197 3786 3261 tanto

975 3311 1217 3384 fortius
1262 3312 1520 3385 doloris
1551 3313 1793 3384 aculeo
1832 3312 2232 3406 pungimur,
2275 3323 2537 3405 quanto
2569 3315 2854 3409 propius
2894 3335 3017 3409 pre
3050 3314 3318 3385 cunctis
3352 3312 3675 3403 gentibus
3714 3323 3785 3383 et

973 3436 1215 3507 mundi
1253 3435 1678 3530 principibus
1720 3439 2024 3509 Romane
2062 3436 2371 3509 Ecclesie
2418 3438 2782 3533 imperium
2825 3438 3194 3509 vicinatur.
3243 3437 3474 3508 Cesset
3515 3434 3777 3527 itaque,

971 3569 1193 3632 cesset
1241 3560 1531 3632 materia
1584 3561 1995 3650 factionum,
2053 3572 2278 3633 cesset
2337 3563 2515 3634 inter
2565 3585 2691 3635 vos
2754 3563 2991 3633 innata
3041 3560 3415 3650 dissensio,
3460 3579 3603 3631 non
3657 3580 3780 3632 vos

969 3681 1256 3755 seducat
1295 3684 1584 3774 angelus
1628 3684 2098 3774 tenebrarum,
2144 3685 2264 3777 qui
2300 3707 2463 3780 sepe
2497 3686 2568 3757 in
2624 3687 2797 3758 lucis
2844 3687 3170 3778 angelum
3212 3706 3287 3757 se
3339 3684 3781 3755 transformat

968 3816 1039 3879 et
1067 3807 1405 3879 unitatem
1437 3807 1666 3900 gregis
1702 3806 2131 3902 disrumpere
2177 3810 2574 3899 consuevit;
2620 3810 2746 3882 sed
2790 3831 2933 3903 pax
2966 3819 3037 3880 et
3064 3807 3368 3901 justitia,
3411 3828 3550 3899 que
3586 3806 3780 3878 velut

965 3931 1101 4003 due
1129 3953 1400 4004 sorores
1441 3953 1515 4002 se
1547 3931 1848 4003 invicem
1896 3934 2408 4026 amplexantur,
2464 3933 2534 4003 in
2576 3932 3032 4005 cardinalium
3075 3930 3367 4023 collegio
3406 3929 3779 4001 vendicent

963 4053 1094 4124 sibi
1124 4055 1383 4144 locum,
1419 4064 1491 4127 et
1519 4055 1843 4128 invocata
1861 4056 2228 4127 clementia
2255 4056 2462 4145 illius,
2496 4036 2694 4147 cujus
2718 4065 2892 4128 esta
2923 4056 3119 4128 coelo
3142 4074 3413 4125 summo
3441 4052 3770 4143 egressio,

963 4174 1056 4247 ad
1095 4178 1499 4250 electionem
1534 4179 1701 4250 novi
1748 4177 2091 4273 pontificis
2139 4179 2562 4251 unanimiter
2600 4179 3098 4275 procedenteS,
3150 4177 3351 4251 nobis
3396 4187 3469 4248 et
3515 4174 3776 4246 mundo

963 4301 1310 4393 presulem
1345 4301 1637 4393 eligatis.
1676 4302 1806 4374 Ubi
1837 4300 1937 4398 (b)
1968 4303 2247 4375 divinus
2276 4303 2565 4376 intuitus
2593 4325 2721 4375 vos
2756 4303 3004 4376 invitet
3036 4313 3108 4374 et
3136 4300 3446 4396 pondera
3482 4300 3776 4372 subeant

1046 4485 1127 4564 (a)
1168 4488 1239 4546 In
1266 4490 1550 4563 impresso
1577 4488 1788 4566 legitur
1822 4506 1836 4548 ε
1969 4491 2246 4564 existitis,
2271 4491 2572 4552 veritatem
2598 4491 2785 4570 ipsam
2811 4508 2943 4551 cum
2969 4489 3300 4572 opprimitis
3322 4504 3392 4548 ac
3416 4485 3775 4566 vosmetipsos

957 4591 1267 4654 vindicetis.
1298 4593 1469 4669 Quod
1495 4611 1669 4654 sensu
1695 4598 1934 4656 omnino
1959 4605 2132 4656 caret.

1042 4697 1120 4778 (b)
1164 4699 1260 4760 Sic
1287 4702 1351 4759 ln
1379 4699 1685 4772 omnibus3
1718 4700 2027 4777 legendum
2052 4709 2253 4762 tamen
2279 4703 2509 4762 utinam
2533 4701 2902 4763 arbitramur.
