4364 5738
544 530 756 612 gunter.
788 524 880 610 4.]
1438 523 1835 586 HISTORIA
1884 524 2478 588 mPLOMATch.
3253 514 3372 578 411

553 673 819 736 trorum
849 662 1037 733 clara
1067 658 1377 732 fidelium
1413 658 1783 732 devotione
1814 659 2325 751 mandavimus,
2358 661 2745 757 proditores
2771 657 3095 756 predicti,
3124 653 3378 750 quibus

552 786 749 858 nulla
804 783 1260 881 prospicimus
1324 782 1783 876 suffragatura
1824 783 2134 857 remedia
2154 837 2176 875 ,
2235 784 2430 857 velut
2474 806 2567 857 ex
2616 784 2890 858 duobus
2942 778 3184 854 castris
3235 796 3378 849 uno

556 909 823 984 fortiori
849 908 1124 1004 perdito
1157 905 1288 1003 (a),
1326 927 1574 978 manus
1604 916 1878 979 nostras
1900 906 2204 1002 effugere
2232 928 2375 981 non
2398 909 2756 981 valebunt.
2788 906 3056 994 Quibus
3087 904 3160 974 in
3182 900 3381 975 brevi

550 1031 823 1108 traditis
856 1031 1232 1127 promerito
1270 1039 1450 1126 pene
1486 1030 1847 1122 martii-iis,
1889 1040 1962 1103 et
1994 1031 2195 1124 regni
2237 1031 2454 1104 nostri
2498 1042 2685 1105 statu
2704 1085 2726 1122 ‚
2785 1038 2995 1127 prout
3042 1028 3381 1099 instanter

558 1155 944 1251 incepimus
963 1207 985 1245 ‚
1024 1175 1152 1250 pro
1182 1163 1349 1227 voto
1380 1154 1750 1226 salubriter
1781 1154 2138 1247 ordinato,
2168 1154 2263 1227 ad
2295 1155 2523 1228 Ytalie
2560 1153 2841 1248 negotia
2879 1154 3080 1245 cujus
3110 1171 3241 1223 nos
3271 1148 3379 1220 in·

559 1297 733 1370 gens
776 1287 946 1349 cura
984 1275 1284 1350 solicitat
1317 1276 1689 1349 efficaciter
1722 1277 2191 1351 intendemus.
2236 1279 2378 1351 Vos
2410 1279 2647 1373 itaque
2688 1275 2933 1349 fideles
2971 1274 3244 1371 imperii
3282 1272 3380 1345 sic

559 1400 654 1473 ad
692 1421 778 1474 ea
820 1421 958 1496 que
1000 1400 1335 1474 honorem
1388 1410 1704 1474 nostrum
1753 1401 2165 1497 respiciunt,
2216 1400 2585 1474 efficaciter
2627 1400 3002 1474 intendatis
3039 1409 3120 1471 ut
3157 1395 3383 1469 fideli-

566 1525 724 1598 tatis
752 1534 985 1598 vestre
1009 1524 1398 1597 constantia
1422 1524 1514 1597 de
1545 1525 1737 1599 bono
1762 1525 1838 1598 in
1862 1526 2112 1598 melius
2141 1547 2379 1599 coram
2403 1526 2605 1599 nobis
2635 1525 2846 1618 digne
2883 1524 3159 1596 titulum
3189 1541 3381 1594 com-

567 1648 1030 1722 mendationis
1060 1649 1397 1742 acquirat.

676 2206 1160 2291 Innocentius
1230 2234 1428 2318 papa
1501 2208 1858 2318 praelatis
1928 2218 2004 2292 et
2080 2206 2466 2291 nobilibus
2536 2205 2834 2289 Siciliae
2853 2267 2878 2313 ,
2948 2201 3389 2288 Theobaldo
3491 2211 3749 2321 ,ξᾞξυᾋχ

570 2338 972 2424 Francisco
1025 2350 1100 2424 et
1148 2341 1316 2424 aliis
1371 2343 1468 2424 de
1521 2368 1761 2453 regno
1810 2343 1910 2424 ad
1960 2341 2440 2426 devotionem
2502 2340 2878 2424 Ecclesiae
2944 2335 3262 2420 reversis
3315 2345 3392 2418 et

570 2470 1083 2556 cardinalibus
1119 2472 1400 2584 quibus
1450 2475 1528 2555 in
1566 2500 1805 2584 regno
1839 2475 2107 2558 eodem
2144 2473 2546 2584 legationis
2581 2471 2915 2557 officium
2950 2468 3384 2576 committit,

573 2606 888 2687 mandat
941 2614 1027 2688 ut
1077 2606 1393 2689 insimul
1447 2606 1846 2712 intendant
1898 2607 1997 2688 ad
2050 2604 2482 2689 liberiorem
2538 2603 2769 2714 hujus
2831 2601 3048 2714 regni
3105 2610 3388 2685 statum

572 2737 1163 2843 procurandum.

1957 2892 2011 3026 ις

743 3125 933 3205 (Edit.
975 3144 1073 3206 ap.
1113 3128 1462 3204 Busan„
1502 3126 1722 3191 annal.
1766 3125 1955 3191 eccles.
1997 3129 2075 3191 ad
2115 3146 2258 3191 aun.
2304 3137 2490 3206 12⁴6,
2523 3125 2571 3210 S
2598 3129 2717 3189 x11
2751 3135 2812 3189 ot
2851 3127 3030 3202 XIII,
3063 3144 3097 3189 e
3122 3127 3229 3190 llb.
3267 3125 3393 3205 111,

819 3235 992 3309 epist.
1019 3235 1254 3309 cur-lul„
1278 3243 1348 3295 n⁰
1376 3234 1464 3312 8.)

676 3434 1144 3526 Innocentius,
1178 3444 1347 3526 etc„
1369 3435 1908 3531 archiepiscopis
1944 3445 2017 3507 et
2048 3436 2417 3531 episcopis,
2448 3434 2848 3524 abbatibus,
2874 3436 3245 3530 prior-ihm,
3276 3433 3398 3507 de-

585 3558 809 3651 canis,
853 3558 1358 3632 archidiaconis
1391 3571 1463 3632 et
1496 3560 1648 3632 aliis
1683 3560 2131 3632 ecclesiarum
2162 3559 2446 3655 prelatis
2481 3567 2552 3629 et
2595 3558 2945 3630 nobilibus
2984 3558 3155 3632 viris
3185 3559 3401 3631 comi-

585 3682 805 3767 tibus,
849 3682 1260 3774 baronibuS,
1313 3684 1641 3756 militibus
1687 3693 1760 3756 et
1801 3683 2077 3779 populis
2123 3683 2481 3755 civitatum
2503 3735 2523 3771 ‚
2558 3691 2942 3755 castrorum
2973 3691 3046 3752 et
3089 3682 3399 3753 locorum

588 3826 712 3901 per
752 3826 1047 3897 regnum
1092 3806 1321 3878 Sicilie
1366 3806 1781 3879 constitutis.
1826 3806 1904 3877 In
1953 3827 2234 3878 omnem
2283 3817 2534 3878 terram
2586 3815 2814 3877 vestre
2855 3825 3068 3877 sonus
3112 3804 3401 3876 tribula-

588 3929 791 4001 tionis
822 3930 1044 4002 exivit
1073 3940 1146 4002 et
1175 3930 1248 4001 in
1284 3927 1459 4003 fines
1492 3931 1682 4003 orbis
1718 3941 1898 4003 terre
1933 3932 2413 4027 compassione
2444 3929 2829 4023 dignissimi
2863 3928 3075 4000 vestri
3105 3928 3406 4020 gemitus

588 4063 1119 4146 processerunt,
1171 4054 1407 4125 multis
1458 4075 1587 4149 pro
1622 4054 1797 4126 miro
1844 4055 2242 4127 vehementi
2289 4053 2704 4127 ducentibus
2753 4050 2945 4146 quod
2995 4050 3211 4147 pressi
3263 4061 3405 4123 tam

587 4173 739 4245 dire
770 4176 1122 4248 servitutis
1166 4178 1541 4272 opprobrio
1582 4188 1653 4250 et
1690 4196 2144 4273 personarum
2178 4200 2263 4250 ac
2298 4199 2531 4249 rerum
2570 4175 2840 4269 gravati
2874 4175 3238 4270 multiplici
3276 4175 3404 4248 de-

594 4296 914 4369 trimento
957 4300 1410 4391 neglexeritis
1448 4299 1708 4373 habere
1739 4303 2101 4373 consilium
2127 4323 2253 4395 per
2280 4299 2470 4393 quod
2497 4299 2696 4371 vobis
2728 4298 2907 4370 sicut
2936 4299 3260 4391 gentibus
3290 4319 3407 4372 ce·

589 4418 752 4490 teris
786 4420 1019 4515 aliqua
1059 4424 1510 4519 provenirent
1547 4425 1792 4497 solatia
1825 4424 2185 4497 libertatis.
2229 4423 2487 4496 Verum
2519 4443 2730 4517 super
2759 4423 2894 4495 hoc
2929 4422 3118 4519 apud
3154 4423 3409 4496 Sedem

674 4618 765 4703 (a)
804 4622 877 4684 In
902 4622 1038 4685 cod.
1057 4622 1339 4704 predicto,
1367 4626 1539 4688 male.
