<?xml version="1.0" encoding="UTF-8"?>
<!DOCTYPE html PUBLIC "-//W3C//DTD XHTML 1.0 Transitional//EN"
    "http://www.w3.org/TR/xhtml1/DTD/xhtml1-transitional.dtd">
<html xmlns="http://www.w3.org/1999/xhtml" xml:lang="en" lang="en">
 <head>
  <title>
</title>
<meta http-equiv="Content-Type" content="text/html;charset=utf-8" />
  <meta name='ocr-system' content='tesseract 3.04.00' />
  <meta name='ocr-capabilities' content='ocr_page ocr_carea ocr_par ocr_line ocrx_word'/>
</head>
<body>
  <div class='ocr_page' id='page_1' title='image "./historiadiploma00degoog_0326.png"; bbox 0 0 4364 5738; ppageno 0'>
   <div class='ocr_carea' id='block_1_1' title="bbox 694 4183 917 4290">
    <p class='ocr_par' dir='ltr' id='par_1_1' title="bbox 694 4183 917 4290">
     <span class='ocr_line' id='line_1_1' title="bbox 694 4183 917 4237; baseline -0.004 -11"><span class='ocrx_word' id='word_1_1' title='bbox 694 4183 892 4226; x_wconf 73' lang='lat' dir='ltr'><strong>Veronae</strong></span> <span class='ocrx_word' id='word_1_2' title='bbox 904 4216 917 4237; x_wconf 90' lang='lat'><strong>,</strong></span> 
     </span>
     <span class='ocr_line' id='line_1_2' title="bbox 736 4237 872 4290; baseline -0.007 -10"><span class='ocrx_word' id='word_1_3' title='bbox 736 4237 872 4290; x_wconf 71' lang='lat' dir='ltr'><strong>jauo.</strong></span> 
     </span>
    </p>
   </div>
   <div class='ocr_carea' id='block_1_2' title="bbox 1028 581 3837 666">
    <p class='ocr_par' dir='ltr' id='par_1_2' title="bbox 1028 581 3837 666">
     <span class='ocr_line' id='line_1_3' title="bbox 1028 581 3837 666; baseline 0.002 -22"><span class='ocrx_word' id='word_1_4' title='bbox 1028 584 1154 645; x_wconf 76' lang='lat'><strong>312</strong></span> <span class='ocrx_word' id='word_1_5' title='bbox 2026 583 2458 647; x_wconf 72' lang='lat' dir='ltr'><strong>ramatum</strong></span> <span class='ocrx_word' id='word_1_6' title='bbox 2506 581 2857 647; x_wconf 65' lang='lat' dir='ltr'><strong>saeuum</strong></span> <span class='ocrx_word' id='word_1_7' title='bbox 3466 584 3630 666; x_wconf 66' lang='lat' dir='ltr'><strong>[Anu.</strong></span> <span class='ocrx_word' id='word_1_8' title='bbox 3665 585 3837 651; x_wconf 71' lang='lat'><strong>1245.</strong></span> 
     </span>
    </p>
   </div>
   <div class='ocr_carea' id='block_1_3' title="bbox 1027 713 3839 956">
    <p class='ocr_par' dir='ltr' id='par_1_3' title="bbox 1027 713 3839 956">
     <span class='ocr_line' id='line_1_4' title="bbox 1027 713 3839 825; baseline 0.001 -28"><span class='ocrx_word' id='word_1_9' title='bbox 1027 715 1176 825; x_wconf 89' lang='lat' dir='ltr'><strong>pha</strong></span> <span class='ocrx_word' id='word_1_10' title='bbox 1224 741 1358 824; x_wconf 87' lang='lat' dir='ltr'><strong>per</strong></span> <span class='ocrx_word' id='word_1_11' title='bbox 1402 714 1869 797; x_wconf 88' lang='lat' dir='ltr'><strong>Fridericum</strong></span> <span class='ocrx_word' id='word_1_12' title='bbox 1909 715 2260 798; x_wconf 86' lang='lat' dir='ltr'><strong>Austriae</strong></span> <span class='ocrx_word' id='word_1_13' title='bbox 2299 715 2571 797; x_wconf 91' lang='lat' dir='ltr'><strong>ducem</strong></span> <span class='ocrx_word' id='word_1_14' title='bbox 2620 714 2699 795; x_wconf 92' lang='lat' dir='ltr'><strong>in</strong></span> <span class='ocrx_word' id='word_1_15' title='bbox 2747 713 3070 821; x_wconf 81' lang='lat' dir='ltr'><strong>gratiam</strong></span> <span class='ocrx_word' id='word_1_16' title='bbox 3124 739 3345 797; x_wconf 90' lang='lat' dir='ltr'><strong>suam</strong></span> <span class='ocrx_word' id='word_1_17' title='bbox 3388 716 3839 801; x_wconf 88' lang='lat' dir='ltr'><strong>reformatus</strong></span> 
     </span>
     <span class='ocr_line' id='line_1_5' title="bbox 1030 846 3097 956; baseline -0.001 -26"><span class='ocrx_word' id='word_1_18' title='bbox 1030 848 1313 930; x_wconf 88' lang='lat' dir='ltr'><strong>eisdem</strong></span> <span class='ocrx_word' id='word_1_19' title='bbox 1352 873 1493 956; x_wconf 87' lang='lat' dir='ltr'><strong>pro</strong></span> <span class='ocrx_word' id='word_1_20' title='bbox 1531 848 1853 930; x_wconf 89' lang='lat' dir='ltr'><strong>emenda</strong></span> <span class='ocrx_word' id='word_1_21' title='bbox 1903 873 2037 956; x_wconf 88' lang='lat' dir='ltr'><strong>per</strong></span> <span class='ocrx_word' id='word_1_22' title='bbox 2073 873 2351 929; x_wconf 90' lang='lat' dir='ltr'><strong>manus</strong></span> <span class='ocrx_word' id='word_1_23' title='bbox 2397 872 2578 928; x_wconf 90' lang='lat' dir='ltr'><strong>suas</strong></span> <span class='ocrx_word' id='word_1_24' title='bbox 2615 846 3097 929; x_wconf 78' lang='lat' dir='ltr'>contradidit.</span> 
     </span>
    </p>
   </div>
   <div class='ocr_carea' id='block_1_4' title="bbox 1193 1059 3837 1247">
    <p class='ocr_par' dir='ltr' id='par_1_4' title="bbox 1193 1059 3837 1247">
     <span class='ocr_line' id='line_1_6' title="bbox 1193 1059 3835 1149; baseline 0.002 -29"><span class='ocrx_word' id='word_1_25' title='bbox 1193 1061 1453 1139; x_wconf 83' lang='lat' dir='ltr'><strong>(Edlder.</strong></span> <span class='ocrx_word' id='word_1_26' title='bbox 1484 1062 1710 1139; x_wconf 77' lang='lat' dir='ltr'><strong>Lumo,</strong></span> <span class='ocrx_word' id='word_1_27' title='bbox 1746 1059 2167 1135; x_wconf 69' lang='lat' dir='ltr'><strong>Reiclmrchiv,</strong></span> <span class='ocrx_word' id='word_1_28' title='bbox 2198 1069 2249 1123; x_wconf 87' lang='lat' dir='ltr'><strong>t.</strong></span> <span class='ocrx_word' id='word_1_29' title='bbox 2275 1062 2471 1139; x_wconf 85' lang='lat' dir='ltr'><strong>XXII,</strong></span> <span class='ocrx_word' id='word_1_30' title='bbox 2497 1079 2558 1140; x_wconf 88' lang='lat' dir='ltr'><strong>p.</strong></span> <span class='ocrx_word' id='word_1_31' title='bbox 2587 1071 2727 1123; x_wconf 79' lang='lat'><strong>281.</strong></span> <span class='ocrx_word' id='word_1_32' title='bbox 2747 1094 2830 1106; x_wconf 90' lang='lat'><strong>—</strong></span> <span class='ocrx_word' id='word_1_33' title='bbox 2859 1062 3185 1134; x_wconf 66' lang='lat' dir='ltr'><strong>Lucumo,</strong></span> <span class='ocrx_word' id='word_1_34' title='bbox 3217 1059 3402 1144; x_wconf 69' lang='lat' dir='ltr'><strong>Reliq.</strong></span> <span class='ocrx_word' id='word_1_35' title='bbox 3433 1066 3835 1149; x_wconf 60' lang='lat' dir='ltr'><strong>manuscript„</strong></span> 
     </span>
     <span class='ocr_line' id='line_1_7' title="bbox 1269 1164 3837 1247; baseline 0.001 -18"><span class='ocrx_word' id='word_1_36' title='bbox 1269 1176 1315 1229; x_wconf 85' lang='lat' dir='ltr'><strong>t.</strong></span> <span class='ocrx_word' id='word_1_37' title='bbox 1352 1169 1501 1246; x_wconf 84' lang='lat' dir='ltr'><strong>x11,</strong></span> <span class='ocrx_word' id='word_1_38' title='bbox 1533 1186 1595 1246; x_wconf 81' lang='lat' dir='ltr'><strong>p.</strong></span> <span class='ocrx_word' id='word_1_39' title='bbox 1637 1177 1776 1230; x_wconf 72' lang='lat'><strong>228.</strong></span> <span class='ocrx_word' id='word_1_40' title='bbox 1808 1201 1887 1216; x_wconf 93' lang='lat'><strong>—-</strong></span> <span class='ocrx_word' id='word_1_41' title='bbox 1922 1169 2406 1242; x_wconf 61' lang='lat' dir='ltr'><strong>Emanium«,</strong></span> <span class='ocrx_word' id='word_1_42' title='bbox 2447 1164 2927 1247; x_wconf 66' lang='lat' dir='ltr'><strong>Dtplomatiecher</strong></span> <span class='ocrx_word' id='word_1_43' title='bbox 2960 1169 3203 1229; x_wconf 66' lang='lat' dir='ltr'><strong>Bewdu</strong></span> <span class='ocrx_word' id='word_1_44' title='bbox 3234 1167 3334 1231; x_wconf 72' lang='lat' dir='ltr'><strong>den</strong></span> <span class='ocrx_word' id='word_1_45' title='bbox 3365 1170 3588 1232; x_wconf 67' lang='lat' dir='ltr'><strong>Hm</strong></span> <span class='ocrx_word' id='word_1_46' title='bbox 3619 1170 3837 1232; x_wconf 62' lang='lat' dir='ltr'><strong>Euhan»</strong></span> 
     </span>
    </p>
   </div>
   <div class='ocr_carea' id='block_1_5' title="bbox 1269 1272 3311 1364">
    <p class='ocr_par' dir='ltr' id='par_1_5' title="bbox 1269 1272 3311 1364">
     <span class='ocr_line' id='line_1_8' title="bbox 1269 1272 3311 1364; baseline 0.001 -25"><span class='ocrx_word' id='word_1_47' title='bbox 1269 1272 1416 1349; x_wconf 70' lang='lat'><strong>1010,</strong></span> <span class='ocrx_word' id='word_1_48' title='bbox 1444 1281 1493 1340; x_wconf 80' lang='lat' dir='ltr'><strong>t.</strong></span> <span class='ocrx_word' id='word_1_49' title='bbox 1524 1275 1576 1352; x_wconf 91' lang='lat'><strong>1,</strong></span> <span class='ocrx_word' id='word_1_50' title='bbox 1609 1276 1887 1354; x_wconf 73' lang='lat' dir='ltr'><strong>Beytrag,</strong></span> <span class='ocrx_word' id='word_1_51' title='bbox 1916 1285 1983 1337; x_wconf 88' lang='lat' dir='ltr'><strong>n·</strong></span> <span class='ocrx_word' id='word_1_52' title='bbox 2009 1274 2258 1349; x_wconf 77' lang='lat' dir='ltr'><strong>XXXV,</strong></span> <span class='ocrx_word' id='word_1_53' title='bbox 2288 1292 2366 1364; x_wconf 74' lang='lat'><strong>⁶¹.</strong></span> <span class='ocrx_word' id='word_1_54' title='bbox 2392 1276 2664 1353; x_wconf 71' lang='lat' dir='ltr'><strong>originali</strong></span> <span class='ocrx_word' id='word_1_55' title='bbox 2689 1278 2753 1341; x_wconf 79' lang='lat' dir='ltr'><strong>ln</strong></span> <span class='ocrx_word' id='word_1_56' title='bbox 2778 1275 3005 1341; x_wconf 58' lang='lat' dir='ltr'><strong>archim</strong></span> <span class='ocrx_word' id='word_1_57' title='bbox 3030 1275 3311 1354; x_wconf 72' lang='lat' dir='ltr'><strong>nubent)</strong></span> 
     </span>
    </p>
   </div>
   <div class='ocr_carea' id='block_1_6' title="bbox 1027 1460 3844 3780">
    <p class='ocr_par' dir='ltr' id='par_1_6' title="bbox 1027 1460 3843 3384">
     <span class='ocr_line' id='line_1_9' title="bbox 1122 1460 3835 1559; baseline -0 -22"><span class='ocrx_word' id='word_1_58' title='bbox 1122 1461 1544 1551; x_wconf 77' lang='lat' dir='ltr'><strong>FridericuS,</strong></span> <span class='ocrx_word' id='word_1_59' title='bbox 1581 1460 1704 1531; x_wconf 92' lang='lat' dir='ltr'><strong>Dei</strong></span> <span class='ocrx_word' id='word_1_60' title='bbox 1738 1460 1962 1553; x_wconf 79' lang='lat' dir='ltr'><strong>gratia</strong></span> <span class='ocrx_word' id='word_1_61' title='bbox 1993 1461 2459 1537; x_wconf 89' lang='lat' dir='ltr'><strong>Romanorum</strong></span> <span class='ocrx_word' id='word_1_62' title='bbox 2502 1460 2878 1555; x_wconf 88' lang='lat' dir='ltr'><strong>imperator</strong></span> <span class='ocrx_word' id='word_1_63' title='bbox 2915 1483 3191 1559; x_wconf 83' lang='lat' dir='ltr'><strong>semper</strong></span> <span class='ocrx_word' id='word_1_64' title='bbox 3225 1472 3599 1557; x_wconf 77' lang='lat' dir='ltr'><strong>augustuS,</strong></span> <span class='ocrx_word' id='word_1_65' title='bbox 3641 1466 3835 1536; x_wconf 85' lang='lat' dir='ltr'><strong>Jeru-</strong></span> 
     </span>
     <span class='ocr_line' id='line_1_10' title="bbox 1032 1584 3839 1679; baseline 0.001 -24"><span class='ocrx_word' id='word_1_66' title='bbox 1032 1586 1248 1656; x_wconf 83' lang='lat' dir='ltr'><strong>salem</strong></span> <span class='ocrx_word' id='word_1_67' title='bbox 1280 1594 1352 1655; x_wconf 88' lang='lat' dir='ltr'><strong>et</strong></span> <span class='ocrx_word' id='word_1_68' title='bbox 1381 1584 1609 1655; x_wconf 87' lang='lat' dir='ltr'><strong>Sicilie</strong></span> <span class='ocrx_word' id='word_1_69' title='bbox 1646 1605 1797 1655; x_wconf 86' lang='lat' dir='ltr'><strong>rex.</strong></span> <span class='ocrx_word' id='word_1_70' title='bbox 1835 1586 1964 1655; x_wconf 89' lang='lat' dir='ltr'><strong>Per</strong></span> <span class='ocrx_word' id='word_1_71' title='bbox 1995 1605 2283 1678; x_wconf 82' lang='lat' dir='ltr'>presens</span> <span class='ocrx_word' id='word_1_72' title='bbox 2324 1584 2656 1679; x_wconf 87' lang='lat' dir='ltr'><strong>scriptum</strong></span> <span class='ocrx_word' id='word_1_73' title='bbox 2696 1584 2787 1656; x_wconf 91' lang='lat' dir='ltr'><strong>ad</strong></span> <span class='ocrx_word' id='word_1_74' title='bbox 2827 1585 3317 1657; x_wconf 89' lang='lat' dir='ltr'><strong>modernorum</strong></span> <span class='ocrx_word' id='word_1_75' title='bbox 3352 1596 3423 1657; x_wconf 88' lang='lat' dir='ltr'><strong>et</strong></span> <span class='ocrx_word' id='word_1_76' title='bbox 3456 1587 3839 1658; x_wconf 85' lang='lat' dir='ltr'><strong>futurorum</strong></span> 
     </span>
     <span class='ocr_line' id='line_1_11' title="bbox 1032 1707 3837 1804; baseline 0.001 -26"><span class='ocrx_word' id='word_1_77' title='bbox 1032 1708 1346 1778; x_wconf 84' lang='lat' dir='ltr'><strong>notitiam</strong></span> <span class='ocrx_word' id='word_1_78' title='bbox 1380 1708 1744 1802; x_wconf 85' lang='lat' dir='ltr'><strong>pervenire</strong></span> <span class='ocrx_word' id='word_1_79' title='bbox 1784 1709 2105 1779; x_wconf 88' lang='lat' dir='ltr'><strong>volumus</strong></span> <span class='ocrx_word' id='word_1_80' title='bbox 2141 1718 2214 1779; x_wconf 86' lang='lat' dir='ltr'><strong>et</strong></span> <span class='ocrx_word' id='word_1_81' title='bbox 2244 1707 2566 1801; x_wconf 90' lang='lat' dir='ltr'><strong>protendi</strong></span> <span class='ocrx_word' id='word_1_82' title='bbox 2599 1708 2787 1800; x_wconf 88' lang='lat' dir='ltr'><strong>quod</strong></span> <span class='ocrx_word' id='word_1_83' title='bbox 2824 1708 2992 1780; x_wconf 89' lang='lat' dir='ltr'><strong>dum</strong></span> <span class='ocrx_word' id='word_1_84' title='bbox 3014 1710 3219 1800; x_wconf 78' lang='lat' dir='ltr'><strong>juxta</strong></span> <span class='ocrx_word' id='word_1_85' title='bbox 3258 1730 3541 1804; x_wconf 88' lang='lat' dir='ltr'><strong>precum</strong></span> <span class='ocrx_word' id='word_1_86' title='bbox 3579 1711 3837 1781; x_wconf 85' lang='lat' dir='ltr'><strong>instan-</strong></span> 
     </span>
     <span class='ocr_line' id='line_1_12' title="bbox 1036 1830 3838 1931; baseline 0.001 -30"><span class='ocrx_word' id='word_1_87' title='bbox 1036 1830 1198 1901; x_wconf 86' lang='lat' dir='ltr'><strong>tiam</strong></span> <span class='ocrx_word' id='word_1_88' title='bbox 1251 1831 1580 1902; x_wconf 89' lang='lat' dir='ltr'><strong>Friderici</strong></span> <span class='ocrx_word' id='word_1_89' title='bbox 1631 1832 1916 1905; x_wconf 90' lang='lat' dir='ltr'><strong>illustris</strong></span> <span class='ocrx_word' id='word_1_90' title='bbox 1967 1831 2163 1907; x_wconf 87' lang='lat' dir='ltr'><strong>ducis</strong></span> <span class='ocrx_word' id='word_1_91' title='bbox 2215 1830 2538 1925; x_wconf 82' lang='lat' dir='ltr'><strong>Austrie,</strong></span> <span class='ocrx_word' id='word_1_92' title='bbox 2592 1830 2826 1907; x_wconf 88' lang='lat' dir='ltr'><strong>dilecti</strong></span> <span class='ocrx_word' id='word_1_93' title='bbox 2873 1831 3200 1929; x_wconf 80' lang='lat' dir='ltr'><strong>principis</strong></span> <span class='ocrx_word' id='word_1_94' title='bbox 3241 1842 3312 1907; x_wconf 86' lang='lat' dir='ltr'><strong>et</strong></span> <span class='ocrx_word' id='word_1_95' title='bbox 3353 1833 3838 1931; x_wconf 80' lang='lat' dir='ltr'><strong>consanguinei</strong></span> 
     </span>
     <span class='ocr_line' id='line_1_13' title="bbox 1033 1953 3837 2049; baseline 0.001 -25"><span class='ocrx_word' id='word_1_96' title='bbox 1033 1953 1287 2044; x_wconf 85' lang='lat' dir='ltr'><strong>nostri,</strong></span> <span class='ocrx_word' id='word_1_97' title='bbox 1321 1954 1729 2025; x_wconf 87' lang='lat' dir='ltr'><strong>Lodewicus</strong></span> <span class='ocrx_word' id='word_1_98' title='bbox 1758 1954 1845 2025; x_wconf 92' lang='lat' dir='ltr'><strong>de</strong></span> <span class='ocrx_word' id='word_1_99' title='bbox 1874 1954 2149 2049; x_wconf 83' lang='lat' dir='ltr'><strong>Schipse</strong></span> <span class='ocrx_word' id='word_1_100' title='bbox 2177 1964 2411 2026; x_wconf 89' lang='lat' dir='ltr'><strong>nostre</strong></span> <span class='ocrx_word' id='word_1_101' title='bbox 2446 1955 2623 2026; x_wconf 85' lang='lat' dir='ltr'><strong>foret</strong></span> <span class='ocrx_word' id='word_1_102' title='bbox 2647 1955 2866 2045; x_wconf 82' lang='lat' dir='ltr'><strong>gratie</strong></span> <span class='ocrx_word' id='word_1_103' title='bbox 2900 1956 3341 2045; x_wconf 83' lang='lat' dir='ltr'><strong>reformatus,</strong></span> <span class='ocrx_word' id='word_1_104' title='bbox 3383 1956 3837 2028; x_wconf 86' lang='lat' dir='ltr'><strong>assistentium</strong></span> 
     </span>
     <span class='ocr_line' id='line_1_14' title="bbox 1034 2073 3838 2151; baseline 0.001 -4"><span class='ocrx_word' id='word_1_105' title='bbox 1034 2097 1266 2148; x_wconf 88' lang='lat' dir='ltr'><strong>coram</strong></span> <span class='ocrx_word' id='word_1_106' title='bbox 1309 2078 1510 2149; x_wconf 91' lang='lat' dir='ltr'><strong>nobis</strong></span> <span class='ocrx_word' id='word_1_107' title='bbox 1550 2078 1840 2150; x_wconf 86' lang='lat' dir='ltr'><strong>Gotfridi</strong></span> <span class='ocrx_word' id='word_1_108' title='bbox 1883 2088 1953 2150; x_wconf 91' lang='lat' dir='ltr'><strong>et</strong></span> <span class='ocrx_word' id='word_1_109' title='bbox 1992 2073 2288 2150; x_wconf 86' lang='lat' dir='ltr'><strong>Conradi</strong></span> <span class='ocrx_word' id='word_1_110' title='bbox 2336 2080 2624 2149; x_wconf 80' lang='lat' dir='ltr'><strong>fratrum</strong></span> <span class='ocrx_word' id='word_1_111' title='bbox 2669 2078 2758 2150; x_wconf 90' lang='lat' dir='ltr'><strong>de</strong></span> <span class='ocrx_word' id='word_1_112' title='bbox 2792 2077 3181 2150; x_wconf 87' lang='lat' dir='ltr'><strong>Hohinloch</strong></span> <span class='ocrx_word' id='word_1_113' title='bbox 3225 2079 3636 2151; x_wconf 87' lang='lat' dir='ltr'><strong>dilectorum</strong></span> <span class='ocrx_word' id='word_1_114' title='bbox 3670 2079 3838 2151; x_wconf 82' lang='lat' dir='ltr'><strong>flde-</strong></span> 
     </span>
     <span class='ocr_line' id='line_1_15' title="bbox 1035 2200 3836 2294; baseline 0.002 -25"><span class='ocrx_word' id='word_1_115' title='bbox 1035 2200 1203 2270; x_wconf 92' lang='lat' dir='ltr'><strong>lium</strong></span> <span class='ocrx_word' id='word_1_116' title='bbox 1230 2211 1654 2290; x_wconf 89' lang='lat' dir='ltr'><strong>nostrorum,</strong></span> <span class='ocrx_word' id='word_1_117' title='bbox 1685 2223 1984 2294; x_wconf 88' lang='lat' dir='ltr'><strong>quorum</strong></span> <span class='ocrx_word' id='word_1_118' title='bbox 2012 2200 2185 2274; x_wconf 86' lang='lat' dir='ltr'><strong>fides</strong></span> <span class='ocrx_word' id='word_1_119' title='bbox 2227 2211 2298 2273; x_wconf 88' lang='lat' dir='ltr'><strong>et</strong></span> <span class='ocrx_word' id='word_1_120' title='bbox 2336 2202 2578 2273; x_wconf 90' lang='lat' dir='ltr'><strong>merita</strong></span> <span class='ocrx_word' id='word_1_121' title='bbox 2620 2222 2853 2273; x_wconf 88' lang='lat' dir='ltr'><strong>coram</strong></span> <span class='ocrx_word' id='word_1_122' title='bbox 2900 2202 3306 2274; x_wconf 81' lang='lat' dir='ltr'><strong>celsitudine</strong></span> <span class='ocrx_word' id='word_1_123' title='bbox 3344 2214 3580 2275; x_wconf 86' lang='lat' dir='ltr'><strong>nostra</strong></span> <span class='ocrx_word' id='word_1_124' title='bbox 3624 2204 3836 2276; x_wconf 85' lang='lat' dir='ltr'><strong>conti-</strong></span> 
     </span>
     <span class='ocr_line' id='line_1_16' title="bbox 1034 2324 3835 2421; baseline 0.001 -26"><span class='ocrx_word' id='word_1_125' title='bbox 1034 2335 1246 2396; x_wconf 88' lang='lat' dir='ltr'><strong>nuata</strong></span> <span class='ocrx_word' id='word_1_126' title='bbox 1287 2325 1787 2419; x_wconf 89' lang='lat' dir='ltr'><strong>supplicatione</strong></span> <span class='ocrx_word' id='word_1_127' title='bbox 1824 2336 2190 2421; x_wconf 86' lang='lat' dir='ltr'><strong>perorant,</strong></span> <span class='ocrx_word' id='word_1_128' title='bbox 2238 2325 2508 2397; x_wconf 89' lang='lat' dir='ltr'><strong>devotis</strong></span> <span class='ocrx_word' id='word_1_129' title='bbox 2543 2324 2863 2418; x_wconf 89' lang='lat' dir='ltr'><strong>precibus</strong></span> <span class='ocrx_word' id='word_1_130' title='bbox 2905 2326 3375 2397; x_wconf 85' lang='lat' dir='ltr'><strong>favorabiliter</strong></span> <span class='ocrx_word' id='word_1_131' title='bbox 3422 2337 3835 2416; x_wconf 80' lang='lat' dir='ltr'><strong>annuentes,</strong></span> 
     </span>
     <span class='ocr_line' id='line_1_17' title="bbox 1039 2449 3842 2543; baseline -0.001 -22"><span class='ocrx_word' id='word_1_132' title='bbox 1039 2459 1178 2521; x_wconf 84' lang='lat' dir='ltr'><strong>tam</strong></span> <span class='ocrx_word' id='word_1_133' title='bbox 1214 2451 1399 2543; x_wconf 91' lang='lat' dir='ltr'><strong>ipsos</strong></span> <span class='ocrx_word' id='word_1_134' title='bbox 1433 2471 1643 2541; x_wconf 90' lang='lat' dir='ltr'><strong>quam</strong></span> <span class='ocrx_word' id='word_1_135' title='bbox 1677 2471 1917 2521; x_wconf 85' lang='lat' dir='ltr'><strong>eorum</strong></span> <span class='ocrx_word' id='word_1_136' title='bbox 1968 2449 2262 2521; x_wconf 89' lang='lat' dir='ltr'><strong>heredes</strong></span> <span class='ocrx_word' id='word_1_137' title='bbox 2298 2449 2602 2543; x_wconf 89' lang='lat' dir='ltr'><strong>presenti</strong></span> <span class='ocrx_word' id='word_1_138' title='bbox 2638 2449 2894 2543; x_wconf 88' lang='lat' dir='ltr'><strong>scripto</strong></span> <span class='ocrx_word' id='word_1_139' title='bbox 2930 2460 3156 2521; x_wconf 86' lang='lat' dir='ltr'><strong>certos</strong></span> <span class='ocrx_word' id='word_1_140' title='bbox 3193 2449 3488 2522; x_wconf 88' lang='lat' dir='ltr'><strong>reddere</strong></span> <span class='ocrx_word' id='word_1_141' title='bbox 3521 2450 3842 2523; x_wconf 84' lang='lat' dir='ltr'><strong>duximus</strong></span> 
     </span>
     <span class='ocr_line' id='line_1_18' title="bbox 1036 2571 3839 2671; baseline 0.001 -28"><span class='ocrx_word' id='word_1_142' title='bbox 1036 2573 1229 2670; x_wconf 87' lang='lat' dir='ltr'><strong>quod</strong></span> <span class='ocrx_word' id='word_1_143' title='bbox 1263 2593 1384 2645; x_wconf 93' lang='lat' dir='ltr'><strong>eos</strong></span> <span class='ocrx_word' id='word_1_144' title='bbox 1420 2573 1613 2643; x_wconf 90' lang='lat' dir='ltr'><strong>nullo</strong></span> <span class='ocrx_word' id='word_1_145' title='bbox 1659 2594 1967 2671; x_wconf 90' lang='lat' dir='ltr'><strong>unquam</strong></span> <span class='ocrx_word' id='word_1_146' title='bbox 2016 2583 2325 2670; x_wconf 89' lang='lat' dir='ltr'><strong>tempore</strong></span> <span class='ocrx_word' id='word_1_147' title='bbox 2373 2593 2465 2645; x_wconf 81' lang='lat' dir='ltr'><strong>ex</strong></span> <span class='ocrx_word' id='word_1_148' title='bbox 2503 2571 2704 2642; x_wconf 91' lang='lat' dir='ltr'><strong>nobis</strong></span> <span class='ocrx_word' id='word_1_149' title='bbox 2739 2573 2850 2649; x_wconf 85' lang='lat' dir='ltr'><strong>vel</strong></span> <span class='ocrx_word' id='word_1_150' title='bbox 2888 2572 3186 2643; x_wconf 86' lang='lat' dir='ltr'><strong>viventis</strong></span> <span class='ocrx_word' id='word_1_151' title='bbox 3226 2574 3635 2671; x_wconf 84' lang='lat' dir='ltr'><strong>cujusquam</strong></span> <span class='ocrx_word' id='word_1_152' title='bbox 3680 2594 3839 2667; x_wconf 88' lang='lat' dir='ltr'><strong>sup-</strong></span> 
     </span>
     <span class='ocr_line' id='line_1_19' title="bbox 1036 2694 3843 2797; baseline -0.001 -30"><span class='ocrx_word' id='word_1_153' title='bbox 1036 2696 1521 2790; x_wconf 88' lang='lat' dir='ltr'><strong>plicationibus</strong></span> <span class='ocrx_word' id='word_1_154' title='bbox 1546 2705 1668 2768; x_wconf 88' lang='lat' dir='ltr'><strong>aut</strong></span> <span class='ocrx_word' id='word_1_155' title='bbox 1695 2696 2008 2791; x_wconf 89' lang='lat' dir='ltr'><strong>inductu,</strong></span> <span class='ocrx_word' id='word_1_156' title='bbox 2024 2718 2148 2797; x_wconf 88' lang='lat' dir='ltr'><strong>per</strong></span> <span class='ocrx_word' id='word_1_157' title='bbox 2171 2717 2413 2795; x_wconf 89' lang='lat' dir='ltr'><strong>preces</strong></span> <span class='ocrx_word' id='word_1_158' title='bbox 2430 2696 2542 2767; x_wconf 87' lang='lat' dir='ltr'><strong>vel</strong></span> <span class='ocrx_word' id='word_1_159' title='bbox 2573 2694 3134 2788; x_wconf 90' lang='lat' dir='ltr'><strong>cohercitionem,</strong></span> <span class='ocrx_word' id='word_1_160' title='bbox 3152 2695 3221 2765; x_wconf 91' lang='lat' dir='ltr'><strong>in</strong></span> <span class='ocrx_word' id='word_1_161' title='bbox 3250 2709 3475 2771; x_wconf 85' lang='lat' dir='ltr'><strong>castro</strong></span> <span class='ocrx_word' id='word_1_162' title='bbox 3499 2696 3588 2770; x_wconf 91' lang='lat' dir='ltr'><strong>de</strong></span> <span class='ocrx_word' id='word_1_163' title='bbox 3611 2695 3843 2796; x_wconf 88' lang='lat' dir='ltr'><strong>Schip-</strong></span> 
     </span>
     <span class='ocr_line' id='line_1_20' title="bbox 1038 2818 3838 2917; baseline 0 -26"><span class='ocrx_word' id='word_1_164' title='bbox 1038 2820 1174 2916; x_wconf 93' lang='lat' dir='ltr'><strong>phe</strong></span> <span class='ocrx_word' id='word_1_165' title='bbox 1203 2821 1315 2893; x_wconf 86' lang='lat' dir='ltr'><strong>vel</strong></span> <span class='ocrx_word' id='word_1_166' title='bbox 1348 2820 1489 2892; x_wconf 90' lang='lat' dir='ltr'><strong>suis</strong></span> <span class='ocrx_word' id='word_1_167' title='bbox 1520 2820 1954 2915; x_wconf 88' lang='lat' dir='ltr'><strong>pertinentiis</strong></span> <span class='ocrx_word' id='word_1_168' title='bbox 1988 2841 2127 2917; x_wconf 87' lang='lat' dir='ltr'><strong>que</strong></span> <span class='ocrx_word' id='word_1_169' title='bbox 2164 2818 2354 2894; x_wconf 89' lang='lat' dir='ltr'><strong>idem</strong></span> <span class='ocrx_word' id='word_1_170' title='bbox 2388 2818 2803 2893; x_wconf 86' lang='lat' dir='ltr'><strong>Ludewicus</strong></span> <span class='ocrx_word' id='word_1_171' title='bbox 2838 2840 3048 2916; x_wconf 91' lang='lat' dir='ltr'><strong>super</strong></span> <span class='ocrx_word' id='word_1_172' title='bbox 3080 2819 3288 2891; x_wconf 91' lang='lat' dir='ltr'><strong>illatis</strong></span> <span class='ocrx_word' id='word_1_173' title='bbox 3328 2819 3600 2896; x_wconf 87' lang='lat' dir='ltr'><strong>damnis</strong></span> <span class='ocrx_word' id='word_1_174' title='bbox 3637 2833 3707 2892; x_wconf 88' lang='lat' dir='ltr'><strong>et</strong></span> <span class='ocrx_word' id='word_1_175' title='bbox 3734 2820 3838 2891; x_wconf 91' lang='lat' dir='ltr'><strong>in-</strong></span> 
     </span>
     <span class='ocr_line' id='line_1_21' title="bbox 1027 2942 3836 3039; baseline -0 -24"><span class='ocrx_word' id='word_1_176' title='bbox 1027 2944 1231 3037; x_wconf 86' lang='lat' dir='ltr'><strong>juriis</strong></span> <span class='ocrx_word' id='word_1_177' title='bbox 1262 2944 1522 3017; x_wconf 90' lang='lat' dir='ltr'><strong>eisdem</strong></span> <span class='ocrx_word' id='word_1_178' title='bbox 1565 2966 1694 3038; x_wconf 92' lang='lat' dir='ltr'><strong>pro</strong></span> <span class='ocrx_word' id='word_1_179' title='bbox 1741 2944 2036 3018; x_wconf 91' lang='lat' dir='ltr'><strong>emenda</strong></span> <span class='ocrx_word' id='word_1_180' title='bbox 2069 2953 2140 3015; x_wconf 88' lang='lat' dir='ltr'><strong>et</strong></span> <span class='ocrx_word' id='word_1_181' title='bbox 2174 2943 2638 3014; x_wconf 78' lang='lat' dir='ltr'><strong>satisfactione</strong></span> <span class='ocrx_word' id='word_1_182' title='bbox 2667 2942 3085 3016; x_wconf 88' lang='lat' dir='ltr'><strong>contradidit</strong></span> <span class='ocrx_word' id='word_1_183' title='bbox 3114 2965 3241 3039; x_wconf 90' lang='lat' dir='ltr'><strong>per</strong></span> <span class='ocrx_word' id='word_1_184' title='bbox 3269 2965 3516 3015; x_wconf 89' lang='lat' dir='ltr'><strong>manus</strong></span> <span class='ocrx_word' id='word_1_185' title='bbox 3546 2954 3836 3030; x_wconf 78' lang='lat' dir='ltr'><strong>nostraS,</strong></span> 
     </span>
     <span class='ocr_line' id='line_1_22' title="bbox 1037 3066 3838 3161; baseline 0 -23"><span class='ocrx_word' id='word_1_186' title='bbox 1037 3068 1480 3159; x_wconf 82' lang='lat' dir='ltr'><strong>gravabimus</strong></span> <span class='ocrx_word' id='word_1_187' title='bbox 1513 3076 1635 3138; x_wconf 87' lang='lat' dir='ltr'><strong>aut</strong></span> <span class='ocrx_word' id='word_1_188' title='bbox 1668 3067 2104 3161; x_wconf 90' lang='lat' dir='ltr'><strong>aliquatenus</strong></span> <span class='ocrx_word' id='word_1_189' title='bbox 2144 3067 2599 3139; x_wconf 83' lang='lat' dir='ltr'><strong>offendemus.</strong></span> <span class='ocrx_word' id='word_1_190' title='bbox 2641 3066 2753 3138; x_wconf 89' lang='lat' dir='ltr'><strong>Ad</strong></span> <span class='ocrx_word' id='word_1_191' title='bbox 2788 3068 2986 3158; x_wconf 87' lang='lat' dir='ltr'><strong>cujus</strong></span> <span class='ocrx_word' id='word_1_192' title='bbox 3019 3066 3118 3138; x_wconf 89' lang='lat' dir='ltr'><strong>rei</strong></span> <span class='ocrx_word' id='word_1_193' title='bbox 3151 3067 3553 3139; x_wconf 88' lang='lat' dir='ltr'><strong>memoriam</strong></span> <span class='ocrx_word' id='word_1_194' title='bbox 3596 3078 3668 3139; x_wconf 86' lang='lat' dir='ltr'><strong>et</strong></span> <span class='ocrx_word' id='word_1_195' title='bbox 3701 3078 3838 3139; x_wconf 89' lang='lat' dir='ltr'><strong>sta-</strong></span> 
     </span>
     <span class='ocr_line' id='line_1_23' title="bbox 1039 3187 3842 3288; baseline 0.001 -29"><span class='ocrx_word' id='word_1_196' title='bbox 1039 3189 1249 3259; x_wconf 88' lang='lat' dir='ltr'><strong>bilem</strong></span> <span class='ocrx_word' id='word_1_197' title='bbox 1282 3187 1704 3279; x_wconf 88' lang='lat' dir='ltr'><strong>firmitatem,</strong></span> <span class='ocrx_word' id='word_1_198' title='bbox 1727 3211 2010 3284; x_wconf 87' lang='lat' dir='ltr'><strong>presens</strong></span> <span class='ocrx_word' id='word_1_199' title='bbox 2042 3190 2374 3288; x_wconf 89' lang='lat' dir='ltr'><strong>scriptum</strong></span> <span class='ocrx_word' id='word_1_200' title='bbox 2398 3189 2545 3262; x_wconf 84' lang='lat' dir='ltr'><strong>lieri</strong></span> <span class='ocrx_word' id='word_1_201' title='bbox 2574 3190 2887 3280; x_wconf 81' lang='lat' dir='ltr'><strong>fecimus,</strong></span> <span class='ocrx_word' id='word_1_202' title='bbox 2910 3190 3134 3283; x_wconf 79' lang='lat' dir='ltr'><strong>sigillo</strong></span> <span class='ocrx_word' id='word_1_203' title='bbox 3161 3202 3393 3263; x_wconf 90' lang='lat' dir='ltr'><strong>nostre</strong></span> <span class='ocrx_word' id='word_1_204' title='bbox 3422 3191 3842 3264; x_wconf 81' lang='lat' dir='ltr'><strong>celsitudinis</strong></span> 
     </span>
     <span class='ocr_line' id='line_1_24' title="bbox 1040 3312 1567 3384; baseline -0.004 0"><span class='ocrx_word' id='word_1_205' title='bbox 1040 3312 1567 3384; x_wconf 89' lang='lat' dir='ltr'><strong>communitum.</strong></span> 
     </span>
    </p>

    <p class='ocr_par' dir='ltr' id='par_1_7' title="bbox 1037 3434 3844 3653">
     <span class='ocr_line' id='line_1_25' title="bbox 1136 3434 3844 3511; baseline 0.002 -6"><span class='ocrx_word' id='word_1_206' title='bbox 1136 3434 1310 3507; x_wconf 85' lang='lat' dir='ltr'><strong>Acta</strong></span> <span class='ocrx_word' id='word_1_207' title='bbox 1358 3444 1520 3508; x_wconf 86' lang='lat' dir='ltr'><strong>sunt</strong></span> <span class='ocrx_word' id='word_1_208' title='bbox 1574 3435 1704 3507; x_wconf 87' lang='lat' dir='ltr'><strong>hec</strong></span> <span class='ocrx_word' id='word_1_209' title='bbox 1760 3457 1946 3508; x_wconf 91' lang='lat' dir='ltr'><strong>anno</strong></span> <span class='ocrx_word' id='word_1_210' title='bbox 2006 3436 2352 3508; x_wconf 89' lang='lat' dir='ltr'><strong>dominice</strong></span> <span class='ocrx_word' id='word_1_211' title='bbox 2411 3436 2904 3508; x_wconf 88' lang='lat' dir='ltr'><strong>incarnationis</strong></span> <span class='ocrx_word' id='word_1_212' title='bbox 2956 3436 3321 3509; x_wconf 84' lang='lat' dir='ltr'><strong>millesimo</strong></span> <span class='ocrx_word' id='word_1_213' title='bbox 3372 3436 3844 3511; x_wconf 81' lang='lat' dir='ltr'><strong>ducentesimo</strong></span> 
     </span>
     <span class='ocr_line' id='line_1_26' title="bbox 1037 3560 3036 3653; baseline 0.001 -23"><span class='ocrx_word' id='word_1_214' title='bbox 1037 3560 1569 3652; x_wconf 81' lang='lat' dir='ltr'><strong>quadragesimo</strong></span> <span class='ocrx_word' id='word_1_215' title='bbox 1596 3560 1876 3652; x_wconf 86' lang='lat' dir='ltr'><strong>quinto,</strong></span> <span class='ocrx_word' id='word_1_216' title='bbox 1907 3583 2145 3632; x_wconf 86' lang='lat' dir='ltr'><strong>mense</strong></span> <span class='ocrx_word' id='word_1_217' title='bbox 2166 3561 2353 3653; x_wconf 83' lang='lat' dir='ltr'><strong>julii,</strong></span> <span class='ocrx_word' id='word_1_218' title='bbox 2393 3561 2592 3632; x_wconf 84' lang='lat' dir='ltr'><strong>tertie</strong></span> <span class='ocrx_word' id='word_1_219' title='bbox 2619 3560 3036 3636; x_wconf 78' lang='lat' dir='ltr'><strong>indictionis.</strong></span> 
     </span>
    </p>

    <p class='ocr_par' dir='ltr' id='par_1_8' title="bbox 1134 3681 3599 3780">
     <span class='ocr_line' id='line_1_27' title="bbox 1134 3681 3599 3780; baseline 0 -25"><span class='ocrx_word' id='word_1_220' title='bbox 1134 3686 1387 3756; x_wconf 88' lang='lat' dir='ltr'><strong>Datum</strong></span> <span class='ocrx_word' id='word_1_221' title='bbox 1419 3684 1609 3778; x_wconf 89' lang='lat' dir='ltr'><strong>apud</strong></span> <span class='ocrx_word' id='word_1_222' title='bbox 1639 3684 2020 3776; x_wconf 81' lang='lat' dir='ltr'><strong>Veronam,</strong></span> <span class='ocrx_word' id='word_1_223' title='bbox 2056 3705 2280 3775; x_wconf 90' lang='lat' dir='ltr'><strong>anno,</strong></span> <span class='ocrx_word' id='word_1_224' title='bbox 2314 3705 2594 3773; x_wconf 85' lang='lat' dir='ltr'><strong>mense,</strong></span> <span class='ocrx_word' id='word_1_225' title='bbox 2628 3683 3004 3760; x_wconf 84' lang='lat' dir='ltr'><strong>indictione</strong></span> <span class='ocrx_word' id='word_1_226' title='bbox 3040 3682 3439 3779; x_wconf 75' lang='lat' dir='ltr'><strong>prescriptis</strong></span> <span class='ocrx_word' id='word_1_227' title='bbox 3468 3681 3531 3780; x_wconf 75' lang='lat' dir='ltr'><strong>(l</strong></span> <span class='ocrx_word' id='word_1_228' title='bbox 3549 3684 3599 3778; x_wconf 85' lang='lat'><strong>).</strong></span> 
     </span>
    </p>
   </div>
   <div class='ocr_carea' id='block_1_7' title="bbox 1146 4151 3848 4267">
    <p class='ocr_par' dir='ltr' id='par_1_9' title="bbox 1146 4151 3848 4267">
     <span class='ocr_line' id='line_1_28' title="bbox 1146 4151 3848 4267; baseline -0.006 -20"><span class='ocrx_word' id='word_1_229' title='bbox 1146 4165 1201 4246; x_wconf 89' lang='lat' dir='ltr'><strong>F</strong></span> <span class='ocrx_word' id='word_1_230' title='bbox 1205 4164 1571 4247; x_wconf 88' lang='lat' dir='ltr'><strong>ridericus</strong></span> <span class='ocrx_word' id='word_1_231' title='bbox 1588 4223 1612 4267; x_wconf 89' lang='lat'><strong>,</strong></span> <span class='ocrx_word' id='word_1_232' title='bbox 1668 4162 2186 4244; x_wconf 87' lang='lat' dir='ltr'><strong>Romanorum</strong></span> <span class='ocrx_word' id='word_1_233' title='bbox 2246 4157 2683 4265; x_wconf 87' lang='lat' dir='ltr'><strong>imperator,</strong></span> <span class='ocrx_word' id='word_1_234' title='bbox 2744 4156 2844 4237; x_wconf 90' lang='lat' dir='ltr'><strong>ad</strong></span> <span class='ocrx_word' id='word_1_235' title='bbox 2899 4152 3526 4263; x_wconf 86' lang='lat' dir='ltr'><strong>supplicationem</strong></span> <span class='ocrx_word' id='word_1_236' title='bbox 3570 4151 3848 4236; x_wconf 84' lang='lat' dir='ltr'><strong>civium</strong></span> 
     </span>
    </p>
   </div>
   <div class='ocr_carea' id='block_1_8' title="bbox 1039 4392 3852 4753">
    <p class='ocr_par' dir='ltr' id='par_1_10' title="bbox 1039 4392 3852 4753">
     <span class='ocr_line' id='line_1_29' title="bbox 1112 4392 3847 4484; baseline -0.003 -28"><span class='ocrx_word' id='word_1_237' title='bbox 1112 4401 1186 4484; x_wconf 67' lang='lat' dir='ltr'><strong>(t)</strong></span> <span class='ocrx_word' id='word_1_238' title='bbox 1211 4400 1369 4460; x_wconf 72' lang='lat' dir='ltr'><strong>Extat</strong></span> <span class='ocrx_word' id='word_1_239' title='bbox 1388 4417 1476 4476; x_wconf 84' lang='lat' dir='ltr'><strong>ap.</strong></span> <span class='ocrx_word' id='word_1_240' title='bbox 1498 4401 1905 4472; x_wconf 73' lang='lat' dir='ltr'><strong>Hnnsselmann,</strong></span> <span class='ocrx_word' id='word_1_241' title='bbox 1923 4396 2085 4469; x_wconf 65' lang='lat' dir='ltr'><strong>ibid„</strong></span> <span class='ocrx_word' id='word_1_242' title='bbox 2104 4406 2169 4454; x_wconf 81' lang='lat' dir='ltr'><strong>n‘·</strong></span> <span class='ocrx_word' id='word_1_243' title='bbox 2190 4396 2518 4466; x_wconf 76' lang='lat' dir='ltr'><strong>xxxv1‚et</strong></span> <span class='ocrx_word' id='word_1_244' title='bbox 2537 4411 2630 4470; x_wconf 79' lang='lat' dir='ltr'><strong>ap.</strong></span> <span class='ocrx_word' id='word_1_245' title='bbox 2658 4392 3125 4470; x_wconf 58' lang='lat' dir='ltr'><strong>Ludewigsttaliq.</strong></span> <span class='ocrx_word' id='word_1_246' title='bbox 3151 4408 3450 4464; x_wconf 65' lang='lat' dir='ltr'><strong>mm..</strong></span> <span class='ocrx_word' id='word_1_247' title='bbox 3476 4399 3520 4453; x_wconf 78' lang='lat' dir='ltr'><strong>t.</strong></span> <span class='ocrx_word' id='word_1_248' title='bbox 3546 4394 3615 4464; x_wconf 87' lang='lat'><strong>11,</strong></span> <span class='ocrx_word' id='word_1_249' title='bbox 3640 4408 3700 4465; x_wconf 85' lang='lat' dir='ltr'><strong>p.</strong></span> <span class='ocrx_word' id='word_1_250' title='bbox 3722 4392 3847 4458; x_wconf 75' lang='lat'><strong>226,</strong></span> 
     </span>
     <span class='ocr_line' id='line_1_30' title="bbox 1040 4485 3852 4570; baseline -0.004 -15"><span class='ocrx_word' id='word_1_251' title='bbox 1040 4513 1166 4555; x_wconf 90' lang='lat' dir='ltr'><strong>cum</strong></span> <span class='ocrx_word' id='word_1_252' title='bbox 1185 4495 1321 4553; x_wconf 84' lang='lat' dir='ltr'><strong>notis</strong></span> <span class='ocrx_word' id='word_1_253' title='bbox 1338 4495 1720 4570; x_wconf 85' lang='lat' dir='ltr'><strong>chronologicis</strong></span> <span class='ocrx_word' id='word_1_254' title='bbox 1737 4496 1935 4553; x_wconf 88' lang='lat' dir='ltr'><strong>eisdem</strong></span> <span class='ocrx_word' id='word_1_255' title='bbox 1957 4492 2293 4568; x_wconf 86' lang='lat' dir='ltr'><strong>privilegium</strong></span> <span class='ocrx_word' id='word_1_256' title='bbox 2313 4488 2543 4551; x_wconf 79' lang='lat' dir='ltr'><strong>Conradi</strong></span> <span class='ocrx_word' id='word_1_257' title='bbox 2569 4489 2711 4562; x_wconf 84' lang='lat' dir='ltr'><strong>regis</strong></span> <span class='ocrx_word' id='word_1_258' title='bbox 2734 4488 2983 4545; x_wconf 83' lang='lat' dir='ltr'><strong>Friderici</strong></span> <span class='ocrx_word' id='word_1_259' title='bbox 3003 4488 3117 4560; x_wconf 84' lang='lat' dir='ltr'><strong>filii,</strong></span> <span class='ocrx_word' id='word_1_260' title='bbox 3131 4503 3241 4559; x_wconf 83' lang='lat' dir='ltr'><strong>quo</strong></span> <span class='ocrx_word' id='word_1_261' title='bbox 3262 4489 3660 4550; x_wconf 83' lang='lat' dir='ltr'><strong>concessionem</strong></span> <span class='ocrx_word' id='word_1_262' title='bbox 3679 4485 3852 4562; x_wconf 80' lang='lat' dir='ltr'><strong>patris</strong></span> 
     </span>
     <span class='ocr_line' id='line_1_31' title="bbox 1039 4582 3849 4659; baseline -0.005 -7"><span class='ocrx_word' id='word_1_263' title='bbox 1039 4597 1123 4652; x_wconf 85' lang='lat' dir='ltr'><strong>sui</strong></span> <span class='ocrx_word' id='word_1_264' title='bbox 1151 4593 1372 4651; x_wconf 85' lang='lat' dir='ltr'><strong>mutatis</strong></span> <span class='ocrx_word' id='word_1_265' title='bbox 1398 4592 1760 4649; x_wconf 83' lang='lat' dir='ltr'><strong>tantummodo</strong></span> <span class='ocrx_word' id='word_1_266' title='bbox 1780 4590 2049 4650; x_wconf 83' lang='lat' dir='ltr'><strong>mutandis</strong></span> <span class='ocrx_word' id='word_1_267' title='bbox 2067 4594 2310 4646; x_wconf 83' lang='lat' dir='ltr'><strong>renovat.</strong></span> <span class='ocrx_word' id='word_1_268' title='bbox 2332 4586 2486 4656; x_wconf 90' lang='lat' dir='ltr'><strong>Quod</strong></span> <span class='ocrx_word' id='word_1_269' title='bbox 2505 4585 2720 4659; x_wconf 81' lang='lat' dir='ltr'><strong>quidem</strong></span> <span class='ocrx_word' id='word_1_270' title='bbox 2739 4600 2829 4658; x_wconf 79' lang='lat' dir='ltr'><strong>ap.</strong></span> <span class='ocrx_word' id='word_1_271' title='bbox 2860 4586 3073 4643; x_wconf 75' lang='lat' dir='ltr'><strong>Hister.</strong></span> <span class='ocrx_word' id='word_1_272' title='bbox 3099 4583 3384 4658; x_wconf 66' lang='lat' dir='ltr'><strong>diplomat.</strong></span> <span class='ocrx_word' id='word_1_273' title='bbox 3404 4584 3574 4658; x_wconf 83' lang='lat' dir='ltr'><strong>ipsius</strong></span> <span class='ocrx_word' id='word_1_274' title='bbox 3598 4582 3849 4649; x_wconf 80' lang='lat' dir='ltr'><strong>conradi,</strong></span> 
     </span>
     <span class='ocr_line' id='line_1_32' title="bbox 1039 4689 1852 4753; baseline -0.004 -2"><span class='ocrx_word' id='word_1_275' title='bbox 1039 4694 1108 4751; x_wconf 82' lang='lat' dir='ltr'><strong>ad</strong></span> <span class='ocrx_word' id='word_1_276' title='bbox 1130 4708 1292 4753; x_wconf 72' lang='lat' dir='ltr'><strong>suum</strong></span> <span class='ocrx_word' id='word_1_277' title='bbox 1319 4691 1496 4752; x_wconf 77' lang='lat' dir='ltr'><strong>locum</strong></span> <span class='ocrx_word' id='word_1_278' title='bbox 1523 4689 1704 4749; x_wconf 72' lang='lat' dir='ltr'><strong>videm</strong></span> <span class='ocrx_word' id='word_1_279' title='bbox 1729 4689 1852 4750; x_wconf 84' lang='lat' dir='ltr'><strong>erit.</strong></span> 
     </span>
    </p>
   </div>
  </div>
 </body>
</html>
