4364 5738
529 602 733 664 mmm.
764 599 857 684 5.]
1416 599 1813 662 ms'ronm
1862 596 2456 661 mrnoMA'ncA.
3233 595 3354 662 497

532 737 623 808 ab
650 736 919 809 oriente
951 733 1267 828 ejusdem
1302 755 1441 827 que
1477 735 1610 806 suit
1636 735 1885 808 Leonis
1913 734 2321 809 Cambitoris
2352 743 2425 806 et
2454 735 2525 806 in
2556 743 2763 806 antea
2797 731 3046 806 eodem
3075 729 3215 804 fine
3251 739 3358 804 est

534 858 786 932 domus
828 878 967 953 que
1003 856 1136 927 fuit
1161 856 1410 928 Barchi
1441 856 1530 929 de
1561 858 1879 950 Trencia,
1918 879 2094 951 quas
2121 857 2367 930 domos
2401 855 2671 930 dudum
2698 864 2964 928 emerat
2982 853 3359 928 Riccardus

534 979 627 1053 de
669 980 1177 1053 Montefusculo
1209 979 1646 1075 supradictus
1653 1031 3136 1054 ...................
3186 996 3357 1050 con-
3416 1020 3434 1060 ,

536 1104 756 1197 tangit
807 1103 1313 1198 aliquantulum
1371 1103 1627 1176 dictam
1688 1104 1973 1177 domum
2030 1125 2169 1197 que
2221 1103 2352 1174 fuit
2396 1100 2642 1174 Barchi
2687 1102 2779 1174 de
2826 1101 3117 1175 Trencia
3164 1110 3236 1174 et
3284 1100 3360 1172 in

534 1235 741 1299 antea
773 1226 1022 1299 eodem
1056 1225 1197 1297 fine
1229 1234 1336 1297 est
1364 1227 1479 1298 via
1510 1228 1788 1322 puplica
1813 1228 1904 1300 ab
1937 1226 2326 1317 occidente,
2359 1236 2464 1297 est
2495 1225 2744 1299 domus
2775 1224 3078 1298 filiorum
3111 1225 3361 1299 Leonis

537 1349 626 1423 de
667 1349 972 1423 Schifato
1007 1370 1050 1421 a
1083 1350 1581 1445 septentrione.
1629 1350 1744 1422 Ad
1790 1352 1990 1443 cujus
2021 1349 2123 1421 rei
2154 1351 2459 1421 futuram
2503 1351 2907 1424 memoriam
2948 1360 3020 1422 et
3068 1349 3363 1445 predicti

536 1475 936 1546 monasterii
981 1474 1236 1546 Montis
1274 1473 1577 1565 Virginis
1619 1475 1964 1546 cautelam
2008 1494 2296 1570 presens
2338 1473 2790 1546 restitutionis
2836 1473 3169 1567 scriptum
3212 1471 3364 1544 fieri

537 1596 670 1668 feci
717 1617 843 1691 per
883 1618 1131 1668 manus
1174 1595 1471 1691 Philippi
1518 1596 1777 1692 puplici
1785 1646 2777 1670 .............
2839 1592 3365 1694 [predicJtorum

531 1718 848 1811 judicum
885 1730 956 1791 et
987 1719 1266 1790 testium
1294 1718 1914 1814 subscriptionibus
1949 1719 2380 1791 roboratum.

636 1841 690 1934 †
739 1841 1118 1937 Imperialis
1151 1841 1558 1913 Barensium
1588 1842 1817 1933 judex
1848 1841 2092 1914 Petrus
2125 1841 2613 1937 Appollonius.

630 1963 684 2056 †
731 1964 1080 2036 lusdanus
1113 1962 1297 2034 filius
1331 1964 1596 2036 domini
1641 1964 1864 2056 Sergii
1901 1965 2152 2060 Papiri.

639 2089 693 2178 Ἰ-
742 2088 1023 2180 Sergius
1050 2087 1302 2158 Cesarii
1344 2087 1565 2159 Cafari
1601 2083 1810 2159 filius.

640 2210 694 2303 †
739 2212 1062 2285 Nicolaus
1098 2210 1408 2303 magistri
1442 2209 1773 2306 Stephani
1809 2208 2018 2316 filius.

654 2819 1117 2927 FridericuS,
1183 2819 1706 2905 Romanorum
1770 2818 2221 2929 imperator,
2280 2818 2492 2903 varia
2537 2818 2901 2902 mandata
2966 2817 3227 2929 dirigit
3286 2826 3373 2902 ut
3450 2840 3756 2894 tremum-1

551 2978 728 3034 cum
787 2953 972 3035 villa
1040 2953 1300 3036 Pontis
1373 2953 1710 3037 Tremuli
1769 2979 1814 3035 a
1886 2952 2244 3036 fidelitate
2316 2952 2614 3063 imperii
2687 2952 3047 3059 deviarit,
3122 2959 3372 3035 castro

551 3084 892 3194 ejusdem
930 3086 1010 3165 in
1062 3086 1456 3168 devotione
1492 3113 1632 3169 sua
1665 3098 2225 3195 perseverante,
2268 3088 2367 3168 ad
2405 3085 2979 3196 requisitionem
3017 3083 3374 3168 Friderici

551 3219 649 3299 de
685 3215 1084 3298 Antiochia
1128 3218 1424 3298 comitis
1460 3219 1739 3325 Albae,
1782 3219 2042 3301 vicarii
2090 3221 2170 3300 in
2213 3220 2488 3303 Tuscia
2522 3230 2598 3302 et
2632 3220 2768 3301 filii
2809 3220 2966 3328 sui,
3011 3246 3146 3328 per
3179 3218 3376 3301 vires

552 3359 629 3431 et
680 3348 1064 3432 solertiam
1121 3349 1517 3431 edometur
1570 3348 1880 3431 rebellio
1932 3350 2155 3433 villae
2209 3360 2283 3431 et
2337 3361 2675 3433 castrum
2727 3351 3012 3434 ibidem
3058 3377 3379 3433 succur-

553 3492 798 3587 ratur,
829 3481 1244 3591 itidemque
1276 3480 1581 3563 nuntiat
1616 3507 1696 3563 se
1735 3480 1945 3564 brevi
1982 3491 2320 3589 tempore
2356 3483 2455 3563 ad
2490 3492 2742 3591 partes
2776 3482 3034 3564 Italiae
3069 3507 3377 3591 regres-

558 3639 856 3697 surum.

1945 3828 2003 3900 1.

723 4004 969 4085 (Inedit.
1000 4020 1035 4065 e
1059 4003 1194 4065 cod.
1223 4003 1375 4065 Bibl.
1408 4003 1687 4065 Univers.
1718 4003 1997 4081 Leipzic„
2027 4012 2094 4064 n⁰
2131 4011 2321 4077 1268,
2351 4003 2455 4065 fol.
2491 4013 2526 4065 8
2560 4002 2685 4084 (17)
2718 4020 2912 4081 verso,
2958 4011 2994 4063 9
3029 4001 3155 4083 (18)
3187 4010 3375 4078 recto;

800 4102 933 4169 coll.
967 4127 1104 4170 cum
1144 4110 1278 4170 cod.
1317 4109 1472 4170 Bibl.
1517 4127 1641 4187 reg.
1672 4109 1894 4187 Berol.,
1925 4118 1990 4168 n⁰
2027 4117 2162 4183 188,
2195 4109 2298 4169 fol.
2335 4118 2403 4170 71
2439 4118 2630 4181 recto,
2664 4116 2725 4170 et
2750 4109 2882 4170 cod.
2907 4109 3062 4170 Bibl.
3092 4110 3381 4172 Athenaei

800 4216 1074 4290 Taurin„
1102 4224 1169 4274 n⁰
1199 4223 1337 4292 78⁴,
1368 4214 1472 4275 ubi
1497 4214 1594 4275 hic
1623 4215 1829 4275 titulus
1855 4218 2206 4293 exprimitur
2231 4212 2604 4275 :Fi-idemus
2628 4215 2918 4275 communi
2943 4214 3235 4296 Aretino.)

663 4423 1120 4524 modericus,
1152 4425 1322 4526 etc.]
1344 4429 1628 4500 Plenam
1676 4426 1846 4499 dant
1892 4426 2093 4500 nobis
2133 4428 2465 4522 preterita
2508 4428 2597 4500 de
2636 4429 2890 4501 futuris
2932 4428 3260 4505 fiduciam
3304 4444 3386 4505 ut

566 4571 784 4643 quum
835 4549 1246 4622 sinceritatis
1286 4560 1516 4623 vestre
1563 4551 2024 4623 constantiam
2067 4572 2343 4646 semper
2386 4551 2779 4624 invenimus
2823 4553 2917 4626 ad
2948 4555 3384 4651 beneplacita

567 4683 804 4746 nostra
863 4683 1214 4767 paratam,
1280 4673 1812 4768 quamtumlibet
1865 4673 1935 4744 in
1992 4673 2247 4747 nostris
2298 4674 2595 4748 servitiis
2644 4677 2933 4770 fatigata
2987 4678 3341 4752 laboribus
3361 4733 3381 4772 ,

729 4795 840 4857 VI.
2994 4809 3070 4863 68
