4364 5738
626 517 829 577 horor.
863 515 954 593 3.]
1515 515 1911 577 HISTORIA
1959 516 2551 579 MPLOMATIGA.
3321 515 3442 578 321

626 672 911 745 precum
946 650 1262 722 insistere
1308 650 1781 723 curaverimus
1829 652 2149 742 lenitate,
2196 652 2382 724 idem
2430 661 2664 722 tamen
2713 649 3088 721 Pharaonis
3135 649 3446 723 imitatus

619 774 963 847 duriciam
996 784 1067 844 et
1098 773 1431 871 obturans
1473 795 1668 847 more
1697 775 1959 871 aspidis
1988 796 2194 848 aures
2237 797 2427 864 suas,
2463 774 2862 866 hujusmodi
2897 795 3141 869 preces
3173 782 3244 845 et
3287 795 3439 846 mo-

622 896 765 968 nita
801 898 982 969 elata
1012 896 1478 969 obstinatione
1523 919 1607 969 ac
1639 899 1985 971 obstinata
2024 899 2328 971 elatione
2368 897 2714 992 despexit.
2765 897 2851 967 Et
2900 896 3063 967 licet
3111 917 3441 991 processu

621 1020 952 1113 temporis
971 1020 1041 1091 in
1069 1020 1182 1092 die
1206 1021 1388 1092 Cene
1413 1021 1687 1093 Domini
1711 1022 2033 1117 proximo
2058 1044 2286 1116 nuper
2307 1021 2707 1117 preteritam
2730 1019 3175 1115 precedente,
3202 1041 3437 1091 coram

619 1142 823 1214 nobis
850 1151 923 1214 et
957 1144 1285 1215 fratribus
1321 1144 1574 1217 nostris
1604 1145 2111 1236 cardinalibus,-
2149 1147 2591 1241 presentibus
2627 1143 3028 1216 charissimo
3070 1143 3137 1212 in
3170 1143 3436 1215 Christo

616 1261 760 1337 filio
817 1275 1056 1338 nostro
1115 1267 1875 1364 Constantinopolitano
1928 1270 2342 1365 imperatore
2393 1270 2677 1358 illustri,
2734 1278 2893 1340 cetu
2957 1266 3234 1360 quoque
3293 1287 3434 1338 non

612 1388 889 1460 modico
929 1391 1383 1484 prelatorum,
1427 1393 1866 1464 senatoribus
1897 1414 2178 1487 quoque
2218 1392 2456 1488 populi
2488 1391 2776 1463 Romani
2811 1399 2883 1461 et
2918 1390 3217 1461 maxima
3252 1390 3432 1460 mul-

614 1509 909 1582 titudine
941 1513 1237 1584 aliorum
1265 1514 1385 1606 qui
1412 1515 1659 1586 eadem
1694 1515 1808 1586 die
1845 1526 2132 1611 propter
2162 1516 2744 1611 sollempnitatem
2773 1513 2989 1609 ipsius
3019 1513 3108 1585 de
3143 1513 3435 1584 diversis

612 1635 856 1706 mundi
891 1636 1204 1729 partibus
1246 1638 1338 1709 ad
1369 1638 1837 1732 Apostolicam
1874 1640 2125 1711 Sedem
2162 1614 2672 1729 convenerant,
2708 1636 2899 1730 quod
2938 1646 3152 1708 staret
3180 1637 3434 1709 nostris

612 1766 684 1827 et
720 1757 1026 1829 Ecclesie
1063 1761 1410 1832 mandatis
1444 1784 1571 1856 per
1611 1763 1914 1834 nobilem
1956 1763 2187 1834 virum
2217 1764 2542 1835 comitem
2573 1761 3038 1833 'tholosanum
3074 1770 3145 1831 et
3174 1760 3431 1851 magis-

611 1889 754 1950 tros
784 1880 1060 1952 Petrum
1093 1882 1182 1953 de
1210 1884 1428 1954 Vinea
1461 1893 1533 1954 et
1566 1885 1923 1955 Taddeum
1951 1884 2041 1956 de
2071 1888 2359 1975 Suessa,
2411 1884 2601 1956 curie
2641 1906 2766 1955 sue
2796 1884 3103 1977 judiceS,
3141 1882 3433 1954 nuncios

608 2012 679 2073 et
727 2014 1210 2098 procuratores
1257 2027 1418 2077 suos
1467 2007 1766 2100 speciale
1816 2028 2029 2101 super
2077 2006 2215 2078 boc
2257 2009 2347 2077 ab
2401 2007 2552 2101 ipso
2605 2006 3008 2077 mandatum
3057 2006 3423 2097 habenteS,

606 2126 984 2219 prestiterit
1020 2129 1536 2220 juramentum,
1583 2129 2028 2223 postmodum
2075 2141 2305 2200 tamen
2350 2129 2541 2222 quod
2581 2131 2941 2222 juraverat
2988 2151 3129 2200 non
3180 2129 3426 2224 imple·

602 2249 739 2337 vit;
777 2250 944 2342 quin
985 2252 1201 2323 immo
1238 2273 1320 2323 ea
1358 2253 1743 2325 intentione
1787 2255 2012 2348 ipsum
2055 2253 2430 2347 prestitisse
2460 2253 2934 2343 juramentum
2979 2251 3428 2345 probabiliter

601 2372 935 2463 creditur,
975 2374 1156 2446 sicut
1182 2397 1275 2445 ex
1304 2375 1501 2447 factis
1532 2376 1983 2468 sequentibus
2015 2376 2361 2466 colligitur
2398 2375 2780 2463 evidenter,
2821 2385 2898 2445 ut
2924 2373 3152 2446 eidem
3181 2375 3421 2446 Eccle-

600 2494 700 2566 sie
741 2517 824 2567 ac
881 2497 1082 2569 nobis
1132 2498 1461 2569 illuderet
1506 2499 1746 2593 pocius
1786 2521 1995 2593 quam
2047 2509 2361 2593 pareret,
2410 2519 2570 2570 cum
2613 2519 2798 2568 anno
2837 2506 2908 2569 et
2950 2498 3247 2592 amplius
3273 2499 3420 2590 jam

600 2619 835 2713 elapso
865 2642 993 2691 nec
1020 2619 1114 2691 ad
1147 2620 1365 2716 ipsius
1391 2622 1696 2693 Ecclesie
1722 2623 2060 2714 gremium
2096 2621 2409 2694 revocari
2434 2619 2739 2715 potuerit
2768 2641 2901 2691 nec
2933 2620 3063 2690 sibi
3088 2621 3177 2692 de
3213 2621 3421 2692 illatis

599 2742 664 2812 ei
721 2743 1043 2838 dampnis
1094 2754 1167 2814 et
1221 2744 1488 2836 injuriis
1545 2745 1895 2817 curaverit
1947 2745 2378 2835 satisfacere,
2437 2745 2598 2815 licet
2656 2765 2866 2839 super
2923 2744 3058 2816 hoc
3111 2744 3418 2816 extiterit

593 2866 984 2960 requisitus
1035 2869 1326 2964 Propter
1375 2869 1565 2964 quod
1613 2872 1931 2942 nolentes
1979 2871 2242 2963 absque
2292 2868 2485 2960 gravi
2536 2868 2777 2942 Christi
2812 2868 3071 2940 offensa
3104 2867 3255 2959 ejus
3281 2868 3414 2939 ini-

595 2989 896 3081 quitates
941 2991 1238 3085 amplius
1281 2994 1639 3084 tollerare,
1691 2994 2004 3086 cogimur
2053 3002 2345 3083 urgente
2393 3012 2523 3062 nos
2572 2991 2990 3063 conscientia
3026 2992 3216 3084 juste
3255 2991 3408 3060 ani-

593 3111 1030 3183 madvertere
1064 3112 1135 3183 in
1168 3114 1531 3206 eumdem,
1573 3125 1644 3187 et
1692 3126 1770 3186 ut
1811 3115 1904 3187 ad
1932 3136 2220 3209 presens
2258 3113 2347 3185 de
2388 3115 2635 3185 ceteris
2682 3115 2833 3205 ejus
2863 3113 3237 3184 sceleribus
3290 3123 3407 3184 ta·-

593 3253 908 3322 ceamuS,
957 3244 1259 3325 quatuor
1296 3236 1700 3325 gravissima
1743 3259 1881 3329 que
1929 3238 2119 3308 nulla
2169 3245 2461 3331 possunt
2512 3236 2751 3307 cellari
2797 3235 3397 3328 tergiversatione,

592 3356 955 3427 commisit.
1015 3357 1363 3449 Dejeravit
1411 3359 1595 3430 enim
1642 3360 2050 3431 multociens
2098 3381 2342 3454 pacem
2399 3360 2751 3452 quondam
2801 3360 2982 3430 inter
3024 3360 3403 3431 Ecclesiam

589 3489 662 3549 et
690 3479 1057 3573 imperium
1084 3482 1526 3553 reformatam
1557 3492 1814 3553 temere
1844 3483 2205 3572 violando;
2240 3483 2664 3578 perpetravit
2696 3484 2901 3552 etiam
2931 3483 3393 3575 sacrilegium,

586 3601 740 3694 capi
785 3602 1043 3674 faciens
1083 3603 1470 3675 cardinales
1516 3614 1754 3676 sancte
1795 3606 2099 3677 Romane
2149 3605 2455 3677 Ecclesie
2496 3625 2579 3675 ac
2624 3603 2914 3673 aliarum
2955 3605 3397 3675 ecclesiarum

585 3726 887 3816 prelatos
931 3736 1003 3798 et
1047 3727 1338 3798 clericos
1382 3728 1740 3820 religiosos
1790 3737 1862 3799 et
1912 3730 2257 3800 seculares
2294 3729 2651 3800 venientes
2684 3725 2770 3796 ad
2806 3727 3173 3796 concilium
3207 3728 3397 3818 quod

581 3845 769 3918 idem
808 3850 1260 3944 predecessor
1305 3851 1606 3922 duxerat
1640 3852 2204 3942 convocandum3
2257 3851 2347 3923 de
2373 3850 2613 3921 heresi
2646 3870 2924 3941 quoque
2976 3869 3116 3919 non
3167 3849 3394 3920 dubiis

581 3979 652 4039 et
685 3971 984 4061 levibus,
1023 3973 1147 4045 sed
1181 3973 1576 4045 difficilibus
1608 3971 1710 4070 (a)
1744 3984 1814 4045 et
1847 3974 2285 4067 evidentibus
2318 3971 2742 4064 argumentis
2781 3981 3139 4064 suspectus
3176 3971 3392 4043 habe·

466 4169 475 4184 ‚
583 4099 718 4164 tur.
763 4094 1063 4167 Plurima
1109 4096 1167 4167 si
1207 4096 1492 4188 quidem
1534 4119 1694 4168 eum
1742 4097 2164 4169 commisisse
2216 4095 2518 4191 perjuria
2554 4094 2717 4165 satis
2753 4103 2970 4187 patet.
3008 4096 3183 4165 Nam
3225 4095 3391 4166 olim

578 4234 735 4285 cum
767 4217 837 4287 in
880 4218 1149 4291 Scicilie
1189 4220 1503 4313 partibus
1534 4220 1961 4310 morabatur,
1998 4220 2402 4314 priusquam
2432 4227 2614 4288 esset
2656 4216 2748 4287 ad
2789 4218 3057 4312 imperii
3089 4219 3390 4312 dignita·

584 4345 721 4408 tem
754 4340 1011 4414 electus
1031 4393 1051 4432 ,
1089 4363 1325 4415 coram
1350 4343 1535 4415 bone
1565 4344 1897 4415 memorie
1930 4344 2013 4415 G.
2050 4341 2284 4413 Sancti
2314 4339 2658 4413 Theodori
2687 4340 2982 4413 diacono
3016 4344 3383 4432 cardinali,

599 4641 607 4656 ·
664 4599 749 4678 (a)
791 4601 911 4679 Sic,
938 4603 1184 4665 forsitan
1208 4604 1549 4684 Μαι,
1580 4612 1651 4668 ut
1675 4606 1865 4681 infra,
1887 4623 1951 4684 p.
1991 4614 2127 4666 ωε.

737 4704 836 4766 v1.
2991 4721 3057 4771 4,
