4364 5738
497 481 699 539 lnmcr.
733 479 824 555 4.]
1393 474 1788 537 HISTORIA
1838 475 2430 538 DIPLOMATICA.
3199 476 3314 539 381

499 613 814 708 ampliat,
849 620 1014 682 tunc
1043 608 1248 681 officii
1275 610 1382 680 sui
1415 609 1722 681 debitum
1749 609 2004 699 reddit,
2036 633 2195 682 cum
2235 611 2510 681 favente
2536 610 2832 683 Domino
2888 661 3310 683 ......

501 739 651 829 ejus
677 735 933 807 intuitu
963 756 1091 829 per
1119 755 1327 828 quem
1353 741 1585 827 preest
1613 734 2038 827 principibus
2070 734 2258 806 orbis
2288 742 2469 804 terre
2488 785 2507 821 ,
2541 733 2669 803 Dei
2709 734 3033 805 ecclesias
3062 743 3132 804 et
3167 736 3317 807 loca

498 858 817 950 religiosa
867 856 984 952 pio
1030 857 1266 928 favore
1314 856 1754 949 prosequitur
1794 866 1864 927 et
1901 857 2107 948 justis
2143 875 2384 927 eorum
2433 855 2755 950 precibus
2795 856 3312 929 condescendit.

497 981 882 1076 Eapropter
910 1001 1038 1075 per
1067 1000 1355 1074 presens
1386 978 1824 1073 privilegium
1866 980 2138 1050 noverit
2174 989 2314 1050 tam
2346 1001 2632 1074 presens
2668 989 2816 1050 etas
2846 1000 3055 1071 quam
3088 982 3316 1053 futura

498 1105 865 1199 posteritas
900 1102 1095 1196 quod
1138 1102 1499 1173 Heinricus
1538 1102 1954 1173 venerabilis
1994 1085 2211 1173 abbas
2248 1103 2644 1173 monasterii
2677 1103 2907 1173 Sancti
2939 1103 3212 1195 Georgii
3244 1105 3314 1174 in

500 1229 708 1319 Nigra
738 1228 951 1317 Silva,
972 1225 1196 1298 fidelis
1213 1235 1473 1316 noster,
1501 1226 1853 1319 quoddam
1888 1226 2325 1320 privilegium
2352 1225 2616 1297 dudum
2645 1225 2867 1297 eidem
2900 1229 3317 1300 monasterio

499 1372 541 1421 a
569 1349 728 1422 dive
758 1349 1088 1422 memorie
1115 1349 1467 1441 quondam
1500 1349 1912 1444 imperatore
1939 1349 2259 1420 Heinrico
2289 1360 2537 1441 quarto
2569 1350 2948 1421 clementer
2969 1350 3314 1423 indultum

500 1484 737 1546 nostro
760 1472 1042 1544 culmini
1070 1472 1519 1566 presentavit,
1538 1472 1933 1566 supplicans
1954 1472 2304 1543 humiliter
2329 1494 2412 1544 ac
2444 1472 2695 1544 devote
2717 1483 2798 1543 ut
2821 1476 3317 1547 monasterium

500 1600 728 1694 ipsum
760 1597 891 1669 sub
924 1605 1158 1670 nostra
1190 1607 1260 1666 et
1290 1597 1561 1690 imperii
1593 1597 2022 1690 protectione
2058 1597 2366 1691 recipere
2400 1608 2470 1668 et
2500 1597 2684 1668 idem
2723 1598 3160 1691 privilegium
3199 1622 3313 1671 re-

500 1743 760 1793 novare
792 1742 876 1792 ac
906 1720 1138 1792 omnia
1171 1742 1306 1812 que
1338 1720 1779 1790 continentur
1804 1719 1876 1789 in
1906 1740 1989 1790 eo
2017 1719 2424 1792 confirmare
2449 1720 2538 1792 de
2565 1730 2802 1792 nostra
2829 1723 3049 1812 gratia
3080 1724 3317 1814 digna-

498 1865 772 1933 remur;
805 1844 1006 1935 cujus
1042 1853 1238 1913 tenor
1267 1863 1395 1936 per
1427 1841 1655 1913 omnia
1691 1842 1847 1911 talis
1877 1850 1983 1911 est
2019 1867 2037 1909 :

596 1968 675 2037 ln
702 1967 983 2038 nomine
1012 1975 1249 2037 sancte
1282 1973 1353 2036 et
1380 1964 1735 2035 individue
1769 1963 2142 2034 Trinitatis.
2181 1964 2540 2035 Heinricus
2572 1964 2806 2036 divina
2853 1968 3129 2040 favente
3166 1973 3316 2042 cle-

497 2090 756 2162 mentia
787 2098 1072 2182 quartus
1102 2089 1567 2160 Romanorum
1596 2086 1970 2180 imperator
1999 2095 2329 2177 augustus
2365 2097 2436 2157 et
2467 2088 2752 2179 quintus
2789 2111 2940 2159 rex.
2975 2093 3315 2177 Quoniam

496 2211 923 2306 imperialem
953 2210 1154 2282 decet
1176 2209 1605 2300 dignitatem,
1633 2209 1966 2299 justitiam
1987 2217 2058 2278 et
2083 2208 2412 2302 pietatem
2439 2208 2962 2281 necessitatibus
2990 2214 3314 2286 ecclesia-

496 2357 651 2404 rum
686 2355 1112 2421 succurrere,
1146 2331 1568 2428 profectibus
1596 2332 1900 2424 gaudere
1926 2331 2421 2402 etutilitatibus
2448 2333 2806 2404 consulere
2836 2343 2906 2405 et
2932 2336 3196 2428 fovere,
3222 2341 3314 2411 oh

497 2457 673 2530 hanc
707 2481 854 2529 rem
889 2480 1026 2551 que
1059 2458 1129 2527 in
1162 2456 1409 2527 litteris
1437 2454 1583 2526 istis
1619 2464 2006 2548 sequuntur
2031 2454 2327 2545 agenda,
2361 2456 2452 2527 ob
2476 2455 2945 2526 interventum
2973 2460 3316 2552 Mogunti-

499 2583 728 2653 nensis
756 2579 1256 2674 archiepiscopi
1292 2578 1675 2669 Adelberti,
1703 2577 2125 2650 Coloniensis
2156 2577 2654 2672 archiepiscopi
2693 2579 3044 2672 Friderici,
3075 2584 3312 2655 Trevi-

500 2706 720 2776 rensis
776 2702 1272 2799 archiepiscopi
1322 2701 1695 2791 BrunoniS,
1747 2700 2087 2794 Spirensis
2134 2700 2437 2795 episcopi
2486 2701 2826 2774 Brunonis
2886 2713 2957 2774 et
3019 2706 3312 2778 aliorum

499 2827 959 2922 quorumdam
994 2826 1209 2899 nostri
1251 2825 1443 2917 regni
1489 2823 1914 2920 principum,
1956 2825 2214 2896 scilicet
2245 2825 2607 2919 Leopoldi‚
2658 2826 3000 2899 Odachori
3039 2840 3109 2901 et
3138 2832 3310 2902 Her·

500 2952 734 3022 manni
772 2952 861 3021 de
899 2952 1137 3021 Baden
1168 2949 1679 3038 marchionum,
1724 2949 2051 3019 comitum
2093 2970 2371 3042 quoque
2416 2949 2831 3020 Willehelmi
2877 2952 2966 3023 de
3013 2956 3308 3026 Luozze-

498 3074 771 3145 linhurc
792 3125 812 3162 ,
869 3072 1223 3144 Godefridi
1281 3072 1368 3142 de
1419 3072 1700 3144 Calwen
1722 3125 1741 3161 ,
1794 3071 2147 3143 Bertholdi
2188 3072 2275 3144 de
2311 3073 2677 3165 Nueringis
2699 3126 2718 3162 ,
2778 3075 3313 3150 misericorditer

499 3194 964 3289 suscepimus,
1001 3194 1389 3266 ordinando
1425 3195 1803 3264 clementer
1836 3193 2340 3288 disposuimus,
2380 3197 2895 3291 comprobando
2948 3200 3311 3292 diligenter

499 3315 1083 3390 confirmavimus.
1121 3317 1374 3386 Notum
1410 3316 1620 3406 igitur
1661 3317 1808 3386 fore
1852 3317 2175 3387 volumus
2225 3327 2295 3387 et
2338 3318 2654 3411 cupimus
2696 3320 3018 3392 omnibus
3062 3322 3307 3396 Christi

498 3441 821 3513 fidelihus
840 3449 980 3511 tam
1008 3440 1253 3509 futuris
1273 3460 1482 3530 quam
1505 3438 1853 3509 modernis
1879 3437 2068 3530 quod
2089 3439 2228 3510 duo
2246 3439 2547 3510 illustres
2572 3440 2702 3510 viri
2723 3443 2972 3514 Hezelo
3000 3455 3071 3514 et
3093 3448 3308 3520 Hesso

497 3567 818 3639 cellulam
840 3562 1302 3635 condiderunt
1323 3562 1392 3632 in
1421 3582 1637 3653 regno
1660 3571 1925 3650 nostro,
1960 3563 2029 3631 in
2057 3563 2567 3635 Constanciensi
2596 3565 2991 3659 episcopatu
3021 3568 3094 3637 in
3126 3591 3306 3663 pago

498 3690 778 3761 nomine
804 3689 1013 3775 Bara,
1051 3688 1123 3757 in
1156 3686 1489 3757 comitatu
1519 3684 1891 3756 Asenheim
1924 3684 1996 3754 in
2026 3686 2201 3760 silva
2241 3709 2377 3780 que
2416 3686 2668 3759 dicitur
2696 3689 2905 3780 Nigra
2935 3691 3139 3781 juxta
3172 3692 3307 3764 ssu-

497 3810 689 3881 vium
713 3808 1041 3900 Brigana,
1082 3806 1154 3877 in
1196 3805 1459 3878 honore
1492 3815 1564 3876 et
1591 3806 1720 3877 Dei
1756 3806 2247 3900 omnipotentis
2278 3817 2348 3879 et
2378 3809 2609 3880 Sancti
2642 3809 2915 3901 Georgii
2947 3813 3303 3905 martyris,

500 3951 791 4023 eamque
844 3931 1010 4001 satis
1059 3930 1173 4025 pie
1227 3938 1297 4000 et
1345 3929 1633 4000 honeste
1688 3929 2083 4023 prediorum
2129 3952 2412 4002 suorum
2461 3930 2813 4003 beneficiis
2862 3932 3310 4008 initiaverunt

500 4053 589 4125 ad
637 4053 1118 4125 necessitatem
1165 4051 1662 4123 monachorum
1699 4062 2006 4151 sanctam
2054 4054 2363 4144 regulam
2400 4055 2618 4124 sancti
2656 4055 3008 4127 Benedicti
3045 4056 3306 4150 degen-

504 4176 675 4246 tium
714 4176 785 4246 in
832 4184 1241 4271 perpetuum
1289 4176 1564 4246 favente
1611 4174 2078 4247 misericordia
2106 4176 2232 4246 Dei
2271 4177 2367 4245 ibi
2408 4178 2820 4249 futurorum.
2860 4180 2948 4250 Ut
2991 4180 3199 4272 igitur
3233 4183 3307 4255 id

498 4298 763 4370 firmius
792 4308 862 4369 et
892 4299 1203 4370 stabilius
1236 4320 1384 4370 esse
1425 4308 1700 4393 posset,
1734 4298 1995 4393 placuit
2037 4298 2170 4368 illis
2216 4298 2534 4370 eamdem
2568 4301 2814 4372 cellam
2860 4303 3064 4375 beato
3105 4306 3307 4379 Petro

502 4421 817 4516 apostolo
853 4430 924 4490 et
951 4422 1256 4493 Romane
1284 4421 1482 4492 Sedis
1508 4420 1794 4491 antistiti
1825 4419 2202 4514 mancipari
2242 4429 2312 4490 et
2344 4419 2434 4491 ad
2467 4422 2616 4513 ejus
2656 4424 2988 4518 palatium
3031 4429 3304 4499 Latera-

502 4563 721 4616 nense
745 4542 1029 4634 singulis
1059 4544 1260 4615 annis
1289 4563 1577 4615 aureum
1605 4564 1814 4636 quem
1836 4542 2077 4615 dicunt
2103 4543 2478 4615 Bisantium
2507 4548 2924 4640 presentari3
2963 4570 3046 4621 ea
3076 4550 3308 4622 inten-
