4364 5738
1005 545 1087 605 96
2005 541 2427 603 ramnum!
2479 539 2819 603 SECUNDI
3451 536 3613 618 [Arm.
3651 537 3827 599 1243.

1006 680 1277 773 aliquos
1313 679 1385 749 in
1418 677 1657 749 odium
1702 686 2014 748 nostrum
2061 676 2242 748 duro
2283 697 2601 767 carcere,
2639 672 3011 746 nonnullos
3047 671 3253 744 etiam
3292 671 3585 744 diversis
3623 672 3835 744 afflic-

1012 803 1313 874 tionibus
1367 811 1438 872 et
1485 800 1792 895 penuriis
1836 799 2324 890 cohartarunt,
2375 800 2822 872 intendentes
2866 795 3401 868 ecclesiasticam
3445 795 3834 867 libertatem

1011 926 1286 1022 penitus
1345 925 1732 1012 inculcare,
1791 923 1902 994 cui
1953 924 2150 994 velut
2197 920 2516 997 advocati
2576 934 2648 995 et
2690 922 3094 993 defensores
3151 919 3459 991 Ecclesie
3517 929 3837 1013 potenter

1012 1052 1255 1125 adesse
1309 1070 1438 1120 nos
1501 1047 1725 1119 modis
1787 1046 2111 1118 omnibus
2166 1046 2632 1141 competebat.
2698 1044 3007 1136 Cumque
3061 1044 3290 1115 forent
3352 1042 3837 1114 irrevocabiles

1012 1175 1101 1247 ab
1155 1195 1481 1264 excessu,
1533 1181 1612 1243 ut
1662 1170 1921 1243 nedum
1974 1169 2069 1243 ad
2123 1170 2660 1243 satisfactionem
2718 1167 3224 1240 meditarentur
3263 1167 3499 1239 induci
3543 1166 3835 1238 sanioris

1012 1306 1362 1391 resumpta
1405 1295 1801 1390 provisione
1836 1294 2139 1386 consilii,
2176 1295 2346 1388 quin
2389 1294 2621 1391 potius
2652 1293 2746 1365 ad
2787 1302 3178 1364 nostrorum
3224 1291 3834 1387 depopulationem

1012 1421 1320 1493 fidelium
1382 1419 1782 1490 continuata
1835 1416 2314 1490 vicissitudine
2369 1427 2759 1513 temporum
2808 1416 3230 1505 insevirent‚
3283 1437 3489 1487 sensu
3539 1416 3836 1510 reprobo

1016 1545 1398 1636 cogitantes
1443 1541 1633 1634 quod
1679 1541 1914 1612 nullus
1958 1562 2077 1612 eos
2131 1550 2368 1636 posset
2411 1562 2656 1612 eruere
2709 1540 2798 1611 de
2854 1539 3173 1610 manibus
3227 1538 3829 1632 persequentium,

1017 1690 1144 1740 nos
1182 1667 1386 1759 justis
1431 1665 1734 1738 motibus
1776 1665 2039 1738 incitati
2079 1686 2220 1736 non
2269 1665 2521 1756 injuste
2561 1663 3033 1736 convertimus
3081 1672 3320 1735 contra
3365 1684 3487 1734 eos
3532 1661 3836 1756 potentie

1017 1803 1251 1864 nostre
1300 1811 1624 1880 manum;
1686 1787 2104 1885 prefigentes
2154 1810 2341 1860 anuo
2404 1788 2735 1883 preterito
2789 1788 2862 1859 in
2918 1809 3160 1859 eorum
3218 1787 3563 1858 territorio
3612 1794 3835 1856 castra

1017 1927 1288 2005 nostra,
1322 1914 1377 1984 si
1419 1913 1720 2008 dampna
1756 1913 1988 1984 forsan
2023 1912 2210 1983 illata
2246 1923 2313 1983 et
2352 1934 2596 1984 recens
2628 1912 2912 1983 vexatio
2956 1911 3294 1983 indomito
3328 1909 3584 2006 populo
3628 1908 3831 1979 intel-

1019 2041 1274 2111 lectum
1317 2038 1679 2126 afferrent,
1724 2058 1881 2108 cum
1924 2037 2249 2131 pulveres
2302 2036 2684 2107 labentium
2726 2036 3055 2122 turrium,
3109 2045 3381 2128 segetes
3431 2053 3712 2127 quoque
3755 2052 3836 2103 ac

1017 2163 1257 2258 predia
1296 2163 1476 2233 ferro
1517 2160 1933 2254 flammaque
1960 2172 2266 2248 vastata,
2305 2182 2601 2253 quorum
2634 2160 2864 2231 fumus
2901 2161 3290 2231 teterrimus
3324 2159 3490 2231 belli
3528 2179 3835 2252 prenun-

997 2288 1152 2376 ‚tius
1175 2306 1295 2357 eos
1329 2295 1600 2381 poterat
1632 2285 1954 2375 edocere,
1987 2307 2111 2378 pre
2146 2284 2410 2356 foribus
2434 2284 2636 2356 Urbis
2661 2284 3082 2378 aspicerent,
3118 2292 3190 2354 et
3219 2283 3541 2355 victrices
3568 2281 3835 2376 imperii

1013 2409 1281 2502 aquilas
1326 2429 1452 2479 sue
1486 2407 2024 2502 presumptionis
2059 2407 2342 2478 ultrices
2377 2388 2619 2477 eorum
2651 2405 2898 2478 viculis
2932 2405 3326 2477 insistentes
3367 2426 3409 2476 a
3450 2405 3656 2495 longe
3689 2405 3837 2476 for-

1015 2534 1397 2619 midarent,
1451 2552 1685 2601 coram
1726 2530 1982 2624 quibus
2036 2531 2154 2601 illa
2204 2530 2470 2602 dudum
2523 2530 2757 2622 magni
2807 2529 3106 2600 nominis
3154 2531 3371 2601 Roma
3425 2539 3495 2601 et
3541 2527 3837 2619 ingentis

1015 2655 1251 2747 lingue
1292 2654 1592 2750 populus
1630 2653 1862 2748 potius
1915 2655 2129 2724 latere
2175 2654 2663 2725 conduxerant
2709 2675 2921 2745 quam
2963 2653 3210 2725 videri.
3253 2655 3497 2725 Denuo
3552 2653 3625 2723 iu
3677 2672 3836 2746 pre·

1016 2779 1193 2850 senti
1231 2779 1320 2849 ad
1362 2779 1577 2850 verba
1615 2777 1922 2873 ipsorum
1967 2778 2345 2848 insanierat
2383 2777 2572 2848 virus
2609 2799 2850 2849 eorum
2895 2774 3036 2873 (a),
3085 2799 3210 2871 per
3254 2777 3654 2872 vaniloquia
3686 2777 3835 2868 jac·

1018 2904 1295 2975 titantes
1332 2901 1522 2995 quod
1563 2911 1800 2974 noster
1836 2903 1927 2973 ad
1973 2923 2094 2973 eos
2130 2912 2269 2973 tam
2317 2901 2588 2973 vicinus
2628 2923 2766 2972 non
2820 2910 3205 2973 tentaretur
3241 2923 3603 2992 accessuS,
3644 2921 3836 2972 arma

1011 3028 1410 3122 paravimus
1478 3037 1786 3097 nostram
1853 3041 1923 3097 et
1973 3027 2436 3118 quarumdam
2493 3024 2801 3097 fidelium
2860 3026 3372 3120 provinciarum
3445 3035 3837 3098 nostrarum

1012 3151 1394 3245 potentiam
1432 3159 1932 3239 convocanteS‚
1981 3172 2139 3221 cum
2182 3150 2436 3241 quibus
2483 3159 2725 3220 contra
2763 3149 3168 3240 jactantiam
3221 3170 3460 3221 eorum
3504 3149 3838 3221 viciniora

1019 3273 1255 3368 predia
1287 3272 1488 3343 Urbis
1522 3272 1901 3363 adivimus,
1935 3272 2057 3343 ubi
2099 3273 2343 3343 castris
2382 3272 2635 3343 nostris
2681 3272 2980 3344 admotis
3012 3295 3170 3344 cum
3207 3274 3553 3368 preelecta
3588 3273 3833 3343 militia

1018 3407 1086 3468 et
1128 3394 1391 3465 infinita
1447 3395 1645 3488 copia
1701 3396 2012 3488 peditum
2059 3406 2522 3486 armatorum,
2570 3396 2682 3466 cui
2737 3416 2974 3490 parem
3004 3397 3303 3473 ‘Libicus
3360 3395 3663 3468 Annibal
3716 3397 3839 3467 vix

1016 3518 1267 3610 legitur
1301 3518 1660 3608 habuisse,
1704 3539 1830 3612 per
1870 3521 2320 3612 quamplures
2357 3517 2509 3590 dies
2555 3519 2851 3613 publicis
2896 3541 3139 3591 eorum
3182 3519 3837 3614 depopulationibus

1011 3637 1248 3714 noster
1292 3642 1592 3712 instabat
1635 3641 2048 3714 victoriosus
2099 3643 2486 3730 exercituS,
2538 3663 2664 3736 per
2706 3664 2915 3735 quem
2961 3642 3220 3714 deforis
3264 3641 3498 3734 gladio
3533 3652 3605 3714 et
3653 3643 3837 3714 intus

1012 3787 1271 3861 pavore
1305 3764 1548 3835 intimo
1581 3765 2100 3858 premebantur.
2143 3765 2289 3836 Nec
2330 3764 2585 3836 abinde
2619 3764 2947 3837 recedere
2977 3766 3434 3838 credebamus
3463 3765 3594 3837 nisi
3621 3767 3839 3837 Roma

1010 3913 1137 3985 per
1188 3891 1395 3961 cedes
1446 3899 1516 3960 et
1571 3889 1873 3982 dampna
1912 3889 2191 3982 publica
2242 3887 2601 3960 humiliata
2666 3891 2845 3960 foret
2902 3899 2973 3961 et
3032 3890 3308 3983 penitus
3364 3897 3830 3960 consternata.

1012 4016 1306 4085 Demum
1358 4022 1833 4108 prevenerunt
1886 4033 2014 4083 nos
2058 4013 2493 4084 venerabiles
2534 4012 2921 4083 cardinales
2966 4013 3283 4104 Anagnie
3334 4023 3839 4086 commorantes

1011 4158 1137 4229 per
1201 4138 1594 4228 solempnes
1653 4135 1985 4224 nunciOS‚
2051 4135 2141 4205 ad
2212 4144 2524 4206 nostrum
2580 4136 2963 4208 exercitum
3028 4135 3458 4207 destinantes
3515 4137 3840 4209 videlicet

1010 4258 1442 4329 venerabiles
1484 4312 1504 4330 .
1535 4312 1552 4328 .
1585 4311 1602 4329 .
1640 4258 2264 4349 Rothomagensem
2295 4269 2367 4331 et
2405 4312 2422 4330 .
2453 4313 2470 4331 .
2501 4312 2518 4330 .
2548 4260 3062 4331 Messanensem
3091 4259 3673 4355 archiepiscopoS,
3716 4311 3733 4329 .
3765 4311 3783 4329 .
3812 4311 3827 4327 .

1010 4379 1385 4471 Reginum,
1440 4381 1869 4469 Brixiensem
1922 4391 1994 4453 et
2042 4380 2398 4474 quondam
2436 4381 2899 4454 Mutinensem
2948 4382 3346 4479 episcopos,
3405 4434 3423 4453 .
3451 4435 3469 4454 .
3497 4435 3515 4454 .
3560 4381 3833 4454 Clunia·

1009 4524 1289 4576 oensem
1336 4516 1408 4576 et
1458 4557 1476 4574 .
1503 4557 1521 4575 .
1550 4557 1568 4576 .
1606 4505 2185 4578 claravallensem
2225 4507 2516 4578 abbates
2557 4528 2683 4601 pro
2731 4516 2928 4601 parte
2981 4506 3200 4579 tocius
3250 4505 3659 4579 universalis
3699 4506 3833 4578 Ec·

1091 4634 1176 4713 (a)
1220 4636 1522 4710 Quaedam
1546 4636 1628 4697 ibi
1655 4638 1853 4699 deesse
1880 4639 2178 4700 videntur.
