4364 5738
584 540 786 599 [untur.
824 538 950 614 15.]
1482 538 1881 599 HISTORIA
1932 538 2522 599 DIPLOMATICA.
3323 539 3404 598 63

581 709 772 788 sunt,
803 680 859 769 si
898 719 1039 770 non
1073 698 1427 793 permittat
1447 696 1551 793 (a)
1585 720 1659 770 se
1691 709 1922 771 tantus
1949 703 2272 795 princeps
2302 700 2393 771 ad
2426 700 2643 771 instar
2667 699 3038 771 Salvatoris
3069 719 3112 769 a
3147 698 3402 792 pietate

580 822 947 894 clementie
983 822 1293 917 separari
1325 832 1403 892 ut
1433 824 1640 914 juxta
1673 824 2113 895 Salomonem
2147 822 2461 894 firmetur
2494 823 2862 894 clementia
2897 821 3186 893 thronus
3219 822 3395 914 ejus·

581 944 805 1018 Nichil
846 945 1030 1016 enim
1070 945 1141 1017 in
1183 944 1433 1016 throno
1466 947 1647 1038 regis
1690 945 2256 1019 honorificentius
2288 947 2707 1037 dominatur,
2746 945 2958 1018 nichil
2998 955 3138 1016 tam
3170 946 3403 1039 ampla

584 1069 1059 1161 magnitudine
1094 1070 1387 1165 imperat
1419 1070 1729 1162 dignius,
1771 1070 1982 1142 nichil
2023 1072 2345 1166 splendet
2381 1071 2699 1142 subtilius
2732 1071 2803 1141 in
2837 1069 3245 1142 celsitudine
3277 1068 3401 1141 alti

582 1194 810 1266 cordis
840 1220 859 1283 3
908 1193 1117 1264 nichil
1153 1193 1339 1265 enim
1372 1193 1444 1263 in
1482 1194 2011 1288 triumphalibus
2048 1196 2263 1266 titulis
2296 1196 2515 1287 fulget
2547 1194 2955 1266 luminosius
2990 1194 3219 1264 aurei‘s
3255 1193 3400 1264 let-

586 1318 747 1389 teris
792 1318 1281 1389 ascribendum
1325 1328 1664 1409 quantum
1716 1319 1772 1388 si
1820 1319 2187 1391 clementia
2235 1304 2479 1410 regnet
2520 1319 2591 1389 in
2636 1328 2913 1412 pectore
2958 1317 3283 1411 principis
3332 1327 3404 1388 et

581 1441 829 1513 solium
870 1441 1089 1534 glorie
1139 1449 1371 1512 teneat
1413 1463 1945 1535 usquequaque.
1990 1445 2135 1513 Hoc
2176 1453 2412 1514 autem
2456 1440 2604 1512 fieri
2660 1462 2783 1535 pro
2835 1450 3024 1512 certo
3081 1449 3403 1541 censetur

584 1586 800 1658 quum
829 1565 1240 1637 victoriosus
1268 1564 1339 1636 in
1368 1566 1614 1637 ceteris
1643 1587 1684 1636 a
1719 1566 1974 1660 pietate
2000 1566 2390 1638 voluntarie
2416 1565 2714 1637 vincitur
2738 1573 2808 1635 et
2829 1574 3177 1658 sceptrum
3206 1562 3401 1654 regni

586 1690 1025 1783 palmamque
1067 1689 1352 1760 victorie
1400 1689 1608 1761 tradit
1648 1689 1771 1760 illi.
1811 1692 2036 1784 Super
2077 1690 2365 1761 afflictos
2402 1710 2705 1783 namque
2742 1689 2857 1782 pia
2893 1697 3173 1779 gestans
3208 1687 3400 1782 prin-

586 1834 749 1907 ceps
805 1812 1073 1885 viscera
1136 1813 1467 1884 famosius
1520 1814 1778 1907 ubique
1841 1815 2207 1887 clementie
2272 1814 2593 1886 laudibus
2658 1814 3064 1884 illustratur.
3125 1811 3403 1882 Duobus

584 1937 841 2031 quippe
875 1937 1239 2031 syderibus
1272 1938 1737 2009 mediantibus
1768 1938 1994 2009 celum
2028 1939 2357 2032 pingitur,
2396 1959 2554 2008 cum
2590 1937 2864 2007 duobus
2895 1935 3166 2026 magnis
3199 1933 3401 2005 lumi-

581 2061 899 2150 naribuS,
924 2060 1181 2155 pietate
1205 2072 1275 2132 et
1297 2061 1665 2132 clementia
1682 2113 1701 2149 ,
1725 2060 2063 2132 mundum
2093 2061 2431 2133 irradians
2460 2071 2532 2131 et
2555 2058 2942 2131 clarificans
2968 2059 3397 2130 universum.

586 2183 926 2255 Nimirum
960 2184 1089 2255 hec
1128 2184 1388 2255 faciens
1430 2205 1513 2255 ex
1554 2184 2072 2279 ejus-operibus
2113 2185 2312 2276 quasi
2355 2205 2448 2255 ex
2491 2182 2755 2254 mundo
2794 2193 2865 2255 et
2905 2192 3083 2254 terso
3124 2183 3406 2277 speculo

586 2308 949 2380 resultabit
990 2329 1244 2403 ymago
1303 2330 1440 2402 que
1504 2319 1893 2380 ceterorum
1957 2318 2235 2403 pectora
2292 2307 2421 2379 sibi
2480 2307 2802 2380 conciliat
2835 2304 2971 2401 (b),
3019 2304 3299 2377 letificat
3338 2315 3409 2376 et

586 2442 895 2523 serenat,
934 2432 1326 2503 retribuens
1360 2432 1681 2504 omnibus
1721 2429 2043 2505 fiduciam
2079 2433 2263 2504 bone
2299 2432 2470 2527 spei.
2511 2431 2623 2504 Sic
2658 2441 2892 2502 autem
2926 2428 2998 2500 in
3030 2428 3164 2499 hiis
3199 2449 3404 2499 exer-

586 2576 743 2627 cere
784 2578 859 2627 se
896 2565 1128 2628 vestra
1169 2564 1366 2628 curet
1410 2556 1748 2628 industria
1791 2555 1983 2649 quod
2018 2557 2226 2649 juxta
2266 2567 2509 2628 votum
2554 2556 2851 2651 petentis
2891 2561 3405 2646 consequantur

586 2679 907 2752 effectum
938 2663 1305 2770 carcerati,
1343 2680 1839 2775 redemptionis
1864 2679 2094 2774 adepti
2126 2681 2420 2774 gratiam
2449 2679 2735 2751 laudent
2765 2678 3122 2752 dominum
3155 2699 3238 2749 ac
3264 2676 3403 2748 Ro-

585 2824 793 2877 mana
826 2804 1131 2877 Ecclesia
1179 2825 1306 2876 suo
1358 2812 1670 2899 tempore
1724 2825 1886 2882 cum
1937 2804 2317 2896 gratiarum
2367 2803 2754 2877 actionibus
2800 2801 3111 2875 antidota
3155 2823 3407 2895 gerens

581 2929 782 3001 vobis
813 2927 1230 3022 condignam
1264 2929 1810 3000 vicissitudinem
1843 2929 2230 3024 rependere
2268 2937 2584 3001 teneatur
2609 2927 2669 3024 (l
2689 2930 2739 3022 ).

693 3460 1118 3544 Fridericus
1138 3520 1162 3566 ,
1218 3458 1738 3542 Romanorum
1800 3458 2242 3567 imperator,
2309 3457 2685 3542 civitatem
2759 3457 3242 3541 Camerinum
3322 3460 3400 3539 in
3457 3475 3818 3581 *fflssffiff

591 3619 806 3677 suam
870 3594 1101 3676 fidem
1161 3616 1538 3674 reversam
1560 3651 1599 3698 ,x
1660 3591 1760 3673 ad
1832 3591 2156 3701 gratiam
2231 3617 2451 3673 suam
2523 3591 2829 3700 recipit,
2907 3591 3254 3699 bonaque
3331 3590 3399 3672 ei
3535 3588 3740 3635 ‘⁰⁸³⁸‘⁰·

590 3739 664 3810 et
728 3725 1310 3809 consuetudines
1350 3723 1822 3831 confirmat,
1892 3749 2176 3832 poenas
2245 3734 2320 3807 et
2383 3723 2707 3806 mulctas
2788 3749 2928 3832 pro
3002 3720 3396 3834 maleficiis

590 3857 1035 3967 perpetratis
1070 3856 1547 3940 remittendo.

674 4015 758 4096 (a)
802 4019 872 4078 In
898 4018 1085 4079 codic.
1117 4034 1258 4078 sane
1272 4021 1596 4096 permutat.

673 4122 756 4204 (b)
801 4125 873 4186 ln
899 4125 1088 4186 codic.
1123 4120 1437 4185 conculcat.

958 4279 1594 4288 ·.·--·-.-—.—-0-—.-—-0-⁴—

3245 4281 3397 4291 -.ο--ο

665 4361 735 4431 (t)
771 4360 919 4418 Hanc
944 4362 1225 4435 epistolam
1255 4361 1359 4420 hoc
1388 4360 1504 4434 ipso
1531 4367 1795 4433 tempore,
1823 4360 1907 4417 vel
1936 4359 2098 4434 paulo
2123 4364 2250 4417 ante
2275 4358 2528 4431 scriptam
2553 4357 2720 4416 fuisse
2745 4375 2853 4434 quo
2891 4361 3179 4420 cardinalis
3212 4363 3397 4420 Sancti

597 4456 796 4515 Nicolai
821 4457 1078 4515 liberatus
1115 4465 1199 4516 est
1234 4478 1248 4516 ε
1282 4479 1309 4512 α
1334 4459 1518 4516 Mense
1550 4464 1777 4531 augusto
1815 4456 1968 4514 Oddo
2001 4455 2286 4514 cardinalis
2322 4455 2599 4527 liberatur,
2639 4461 2694 4513 et
2727 4457 3011 4532 episcopus
3048 4460 3395 4518 Prenestinus

594 4569 718 4611 cum
757 4556 1007 4628 magistro
1038 4556 1279 4616 Iohanne
1317 4557 1572 4614 Toletano
1611 4555 1820 4613 reducti
1857 4573 1890 4612 a
1919 4555 2118 4612 Tibure
2146 4555 2202 4611 in
2241 4555 2467 4612 Roccam
2498 4555 2617 4612 sani
2651 4571 2792 4628 quae
2824 4565 2908 4615 est
2943 4574 3105 4633 super
3142 4559 3396 4616 Sanctum

592 4650 939 4723 Germanum,
970 4655 1222 4712 servandi
1246 4655 1547 4712 traduntur.
1575 4673 1602 4706 »
1634 4656 1780 4711 Ricc.
1807 4652 1870 4709 de
1895 4653 1957 4710 S.
1985 4653 2167 4711 Germ.
2200 4652 2476 4722 chronio„
2503 4653 2572 4714 ad
2603 4670 2731 4710 ann.
2765 4671 2817 4727 p.
2850 4659 3012 4712 ⁴050.
