4364 5738
565 573 767 657 lunrcr.
799 594 892 672 4.]

1446 579 1843 658 ins-roma
1895 596 2491 660 DIPLOMATICA.

906 730 1080 801 Nam
1118 738 1391 801 tuentes
1421 732 1715 825 patriam
1747 731 1885 805 fide
1920 732 2256 806 Nazareni

901 853 990 924 Et
1015 855 1178 946 jura
1206 853 1512 926 Ecclesia
1545 854 1996 929 defendentes
2025 837 2153 929 Dei

906 976 1099 1071 Capti
1130 986 1293 1047 sunt
1322 976 1588 1050 insidiis
1617 979 1942 1052 Friderici
1980 981 2081 1052 rei

906 1099 1346 1192 Quadrageni
1376 1110 1675 1197 quatuor
1708 1103 1780 1174 in
1813 1104 1967 1175 luce
2001 1102 2180 1192 diei,

902 1277 1036 1363 Qui
1064 1287 1170 1349 est
1198 1280 1481 1371 quintus
1512 1281 1822 1354 decimus
1852 1281 1923 1351 in
1955 1280 2367 1376 septembris
2391 1300 2655 1351 mense.

904 1401 981 1471 In
1021 1411 1270 1475 exacto
1301 1404 1521 1498 prelio
1556 1406 1792 1499 plures
1824 1404 2083 1476 cadunt
2117 1425 2282 1476 ense

902 1525 1279 1619 Cappineto
1313 1524 1468 1623 (sic)
1504 1528 1669 1601 hinc
1701 1538 1773 1600 et
1801 1528 1965 1600 hinc
1996 1539 2158 1600 sunt
2188 1529 2393 1599 nimis
2423 1528 2679 1601 offense

902 1645 1100 1718 Aries
1136 1659 1207 1719 et
1241 1650 1557 1722 machine
1592 1653 1749 1723 trite
1782 1663 1942 1724 sunt
1970 1652 2345 1725 condense.

898 1822 987 1893 Ut
1015 1825 1165 1895 ovis
1194 1824 1287 1897 ad
1316 1826 1666 1898 victimam
1687 1879 1706 1916 ,
1742 1826 1930 1899 ducti
1968 1837 2131 1899 sunt
2161 1829 2351 1919 ligati

898 1946 1308 2018 Innocentes
1338 1949 1656 2040 nequiter
1684 1950 1887 2021 bonis
1919 1949 2285 2038 denudati;

899 2069 1163 2140 Sistunt
1193 2071 1265 2141 in
1302 2072 1752 2166 compedibus
1784 2072 1946 2144 ferri
1977 2072 2311 2161 catenati,

896 2191 1067 2264 Atro
1097 2214 1349 2289 nempe
1381 2215 1657 2266 carcere
1692 2204 2031 2266 steterunt
2062 2193 2394 2265 damnati.

893 2369 1205 2460 Nequam
1236 2371 1637 2465 capitaneus
1668 2381 1916 2444 cuncta
1949 2371 2253 2443 seriatim

894 2492 1154 2564 Retulit
1184 2494 1601 2587 nequissimo
1636 2493 1738 2591 (a)
1781 2506 1851 2567 et
1880 2495 2226 2590 inscripsit
2259 2491 2490 2567 statim
2511 2543 2531 2581 ‚

894 2615 1027 2699 Qui
1063 2617 1412 2712 rescripsit
1440 2639 1733 2712 propere
1768 2619 2104 2690 mandans
2135 2615 2542 2689 nominatim

891 2737 1312 2811 Cornetanos
1348 2740 1594 2833 perimi
1631 2742 1841 2814 furcis
1873 2741 2302 2814 catervatim.

891 2915 977 2986 Et
1008 2915 1249 2987 vitalis
1278 2913 1617 3010 pessimus
1648 2915 1765 2985 ille
1796 2914 2242 2987 Adversanus
2279 2914 2381 3010 (4)

890 3038 1177 3109 Nuntiat
1210 3039 1620 3110 sententiam
1654 3037 1899 3108 duram
1937 3050 2017 3109 ut
2047 3060 2348 3109 vesanus

889 3159 1123 3231 Furcis
1153 3169 1234 3230 ut
1264 3160 1632 3253 perimeret
1662 3160 1824 3250 gula
1857 3179 1995 3230 non
2031 3181 2156 3254 per
2187 3181 2473 3247 manus,

890 3281 1033 3353 Nisi
1069 3292 1320 3353 terram
1351 3283 1678 3354 redderet
1711 3293 1951 3354 coetus
1986 3282 2415 3354 Cornetanus
2447 3279 2565 3377 (b).

888 3457 1000 3530 Ad
1032 3457 1166 3529 hoc
1197 3457 1747 3529 constantissima
1779 3455 1916 3530 fide
1961 3458 2457 3553 respondentes
2498 3484 2514 3526 ε

895 3608 930 3645 ι(
967 3581 1109 3652 Nos
1139 3581 1370 3652 subire
1404 3581 1631 3675 potius
1662 3590 1953 3652 mortem
1985 3601 2127 3651 non
2161 3587 2505 3651 merentes

883 3704 1109 3793 Velle,
1151 3725 1362 3796 quam
1392 3713 1472 3774 ut
1501 3704 1799 3798 populus
1831 3703 2257 3775 Cornetanus
2289 3701 2533 3774 dentes

883 3826 1148 3897 Sentiat
1178 3826 1623 3899 rabdissimos
1661 3824 1752 3921 (c)
1786 3836 1858 3897 et
1888 3825 2207 3898 crudeles
2237 3833 2506 3919 gentes.
2546 3851 2581 3890 »

627 4011 710 4090 (a)
753 4013 1173 4094 Nequissimum,
1204 4013 1379 4074 male.

626 4115 708 4195 (b)
753 4118 826 4178 In
865 4119 1077 4180 horum
1116 4124 1372 4196 quatuor
1407 4119 1828 4181 versiculorum
1862 4119 1983 4184 fine
2018 4120 2255 4180 admlsit
2287 4120 2475 4180 editor
2509 4118 2759 4179 litteram
2783 4114 2876 4189 M,
2910 4112 3181 4175 videlieet
3220 4112 3350 4176 Ad-

540 4238 871 4300 versanum‚
899 4241 1196 4296 vesanum,
1225 4230 1359 4296 etc„
1389 4225 1551 4302 quod
1577 4228 1818 4285 omnino
1848 4243 2085 4287 sensum
2115 4225 2338 4286 turbat.

623 4327 697 4405 (c)
741 4330 858 4389 Pro
884 4327 1292 4401 rabidissimus,
1323 4331 1467 4391 dnm
1493 4332 1847 4409 raptiuimos
1877 4347 2053 4393 sensu
2080 4336 2297 4390 careat.

537 4686 709 4742 Bassi.

691 4781 801 4846 VI.

2944 4797 3020 4849 47

3273 605 3394 666 369

609 4590 683 4662 (t)
719 4590 931 4651 Scilicet
963 4593 1151 4653 vitalis
1171 4594 1240 4653 de
1266 4596 1469 4653 Aversa
1496 4601 1623 4651 tunc
1662 4595 1715 4651 in
1743 4592 2067 4652 Patrimonio
2092 4591 2433 4666 capitaneus,
2460 4597 2520 4649 ut
2550 4608 2650 4651 nos
2674 4599 2894 4651 monent
2917 4590 3251 4653 Collenuccio
3282 4601 3341 4652 et
