4364 5738
602 3536 747 3577 mm
761 3566 776 3587 ,

588 3594 791 3640 augusto.

972 589 1084 647 108
1963 596 2388 658 Fnlnmuct
2438 598 2781 657 SECUNDl
3398 597 3562 674 [Anu.
3597 598 3773 660 1243.

964 718 1185 826 bem,
1255 747 1300 803 a
1363 724 1734 809 solutione
1800 728 2123 811 thelonei
2190 754 2416 837 super
2473 728 2768 812 Renum
2836 728 3041 834 apud
3114 727 3585 835 Oppenheim
3648 755 3777 812 eos

963 854 1249 936 eximit.

1125 1067 1328 1146 (Edid.
1363 1073 1506 1132 Jon.
1533 1074 1784 1133 annn.
1818 1075 2078 1152 Monrrz,
2103 1076 2254 1134 Hinc.
2285 1071 2429 1153 dipl.
2455 1071 2849 1154 Ablumdlunq
2874 1092 3003 1135 vom
3031 1075 3331 1156 Unprunq
3355 1071 3521 1132 dem
3545 1073 3770 1133 Reiclu·

1197 1176 1444 1254 Scaeua,
1475 1187 1618 1254 etc.‚
1649 1180 1980 1258 Francsort‚
2016 1190 2192 1258 1756,
2226 1181 2494 1258 Append.
2525 1181 2796 1258 docum„
2826 1192 2893 1240 n⁰
2922 1182 3055 1259 XV,
3082 1198 3157 1241 ex
3181 1179 3503 1259 originali.)

1053 1363 1471 1453 Fridericus,
1516 1365 1639 1436 Dei
1681 1344 1904 1456 gratia
1939 1368 2404 1439 Romanorum
2443 1368 2820 1461 imperator
2854 1386 3129 1460 semper
3163 1374 3529 1458 augustuS,
3574 1365 3767 1436 Jeru-

955 1486 1172 1558 salem
1223 1499 1292 1559 et
1333 1489 1558 1560 Sicilie
1602 1511 1754 1560 rex,
1803 1491 2067 1562 Tenore
2105 1491 2528 1584 presentium
2569 1500 2809 1561 notum
2861 1487 3013 1560 fieri
3059 1490 3380 1560 volumus
3426 1489 3764 1559 universis

955 1610 1146 1701 quod
1178 1632 1304 1681 nos
1336 1623 1723 1706 respectum
1759 1613 2093 1684 habentes
2132 1615 2224 1686 ad
2256 1624 2451 1706 grata
2479 1613 2682 1685 valde
2720 1624 2789 1684 et
2824 1611 3055 1684 fidelia
3089 1613 3366 1684 servitia
3398 1634 3533 1703 que
3576 1611 3759 1682 cives

953 1734 1492 1806 wormatienses
1540 1734 1783 1809 fideles
1832 1737 2049 1808 nostri
2107 1736 2306 1808 nobis
2354 1747 2425 1807 et
2484 1737 2776 1830 imperio
2825 1736 3250 1808 incessanter
3305 1734 3640 1805 exhibent
3691 1746 3760 1806 et

951 1857 1143 1948 quod
1174 1858 1265 1928 ad
1297 1858 1916 1951 propugnationem
1959 1869 2030 1930 et
2054 1860 2528 1931 confusionem
2562 1860 2923 1931 rebellium
2960 1868 3351 1929 nostrorum
3384 1857 3569 1928 vires
3602 1878 3760 1928 suas

950 1988 1229 2051 strenue
1263 1961 1662 2069 exerceant,
1695 2003 2144 2075 personarum
2177 2004 2456 2054 suarum
2486 1983 2840 2055 laboribus
2868 1992 2934 2052 et
2958 2002 3190 2052 rerum
3213 1980 3591 2075 dispendiis
3619 2001 3756 2053 non

947 2114 1338 2197 parcenteS,
1365 2105 1551 2199 ipsos
1579 2105 1668 2177 de
1699 2107 1980 2200 speciali
2011 2108 2233 2199 gratia
2270 2119 2504 2179 nostra
2533 2129 2671 2200 qua
2707 2127 2828 2178 eos
2857 2106 3116 2176 meritis
3143 2105 3283 2176 suis
3313 2104 3757 2199 poscentibus

943 2228 1333 2321 specialiter
1378 2231 1858 2320 confovemus,
1895 2251 1937 2300 a
1972 2231 2314 2302 solutione
2359 2231 2662 2302 thelonei
2705 2251 2913 2324 super
2956 2231 3222 2300 Renum
3258 2228 3446 2321 apud
3473 2228 3754 2320 Oppen-

941 2348 1127 2419 heim
1173 2351 1503 2424 duximus
1545 2353 1952 2425 eximendos
1991 2364 2069 2425 ut
2099 2355 2293 2425 nullo
2345 2375 2438 2426 ex
2473 2375 2665 2426 nunc
2698 2355 2934 2424 futuro
2978 2361 3285 2445 tempore
3319 2352 3389 2420 in
3441 2349 3751 2443 predicto

941 2474 1092 2545 loco
1126 2473 1215 2545 ad
1263 2476 1676 2546 solutionem
1719 2477 2007 2566 alicujus
2060 2476 2357 2547 thelonei
2413 2487 2808 2548 teneantur.
2847 2475 2957 2547 Ad
3011 2474 3216 2566 hujus
3266 2474 3472 2564 igitur
3517 2484 3746 2544 nostre

940 2597 1399 2689 exemptionis
1429 2599 1832 2669 memoriam
1867 2619 2154 2692 presens
2186 2600 2516 2694 scriptum
2556 2598 2705 2671 fieri
2748 2608 2818 2670 et
2850 2597 3224 2690 majestatis
3259 2606 3492 2668 nostre
3525 2597 3746 2688 sigillo

929 2719 1260 2809 jussimus
1296 2722 1731 2793 communiri.

1031 2842 1280 2914 Datum
1311 2843 1550 2916 Ariani
1578 2845 1638 2941 (l
1657 2845 1684 2941 )
1706 2898 1727 2935 ‚
1767 2866 1952 2918 anno
1985 2847 2332 2920 dominice
2351 2845 2842 2919 incarnationis
2874 2843 3238 2917 millesimo
3271 2842 3743 2915 ducentesimo

933 2967 1459 3061 quadragesimo
1490 2970 1730 3059 tercio,
1767 2991 2004 3042 mense
2030 2946 2333 3061 augusti,
2370 2969 2761 3041 indictionis
2788 2969 3033 3063 prime.

1034 3514 1494 3621 FridericuS‚
1534 3512 2047 3597 Romanorum
2091 3513 2530 3621 imperator,
2569 3521 2864 3620 petente
2900 3509 3246 3594 Heinrico
3282 3507 3727 3591 Babenber-

924 3646 1140 3755 gensi
1175 3643 1449 3750 electo⁷
1489 3646 1829 3727 concedit
1862 3655 1947 3727 ut
1980 3644 2114 3725 filii
2151 3671 2245 3727 ex
2279 3644 2437 3728 filio
2474 3643 2923 3727 marschalci
2960 3643 3056 3724 de
3096 3641 3410 3723 Cunstat
3452 3639 3731 3721 minis-

921 3779 1205 3864 terialis
1241 3777 1884 3887 Babenbergensis
1927 3803 2102 3860 cum
2153 3776 2310 3859 filia
2357 3777 2669 3886 Ruperti
2704 3778 2801 3859 de
2843 3774 3170 3860 Nirstein
3219 3770 3729 3855 ministerialis

920 3912 1393 4024 imperatoris
1465 3912 1928 4021 generandi,
2004 3911 2199 3995 inter
2272 3936 2353 3992 se
2413 3920 2488 3992 et
2553 3908 2945 3992 ecclesiam
3020 3905 3723 4015 Babenbergensem

920 4048 1377 4133 dividantur.

1082 4253 1271 4332 (Edit.
1305 4271 1403 4332 ap.
1430 4254 1693 4315 Manum.
1725 4254 1920 4324 Boica,
1947 4258 1997 4313 t.
2030 4250 2257 4329 XXXI,
2285 4266 2421 4328 pars
2446 4253 2660 4328 prima,
2682 4267 2739 4327 p.
2775 4258 2912 4325 576,
2947 4258 3013 4309 n⁰
3041 4247 3289 4324 CCCVI,
3321 4264 3397 4307 ex
3422 4246 3557 4308 cod.
3586 4261 3719 4322 cop.
3768 4256 3773 4261 ·

1159 4376 1273 4421 sec.
1301 4360 1480 4438 XIII,
1511 4361 1610 4421 fol.
1651 4358 1814 4436 119.)

991 4597 1066 4672 (4)
1103 4597 1268 4653 Deest
1289 4595 1435 4668 apud
1460 4594 1647 4651 Moritz
1672 4594 1869 4651 notatio
1897 4595 1998 4651 loci
2023 4609 2184 4666 quam
2208 4593 2415 4651 addidit
2435 4593 2667 4650 Bohmer
2694 4592 2869 4664 (Font.
2902 4606 3009 4648 rer.
3042 4591 3323 4660 German„
3349 4595 3391 4645 t.
3417 4587 3484 4658 11,
3508 4603 3567 4660 p.
3592 4586 3720 4657 245)

917 4711 987 4756 ox
1011 4691 1256 4767 originali
1285 4691 1429 4765 apud
1452 4690 1814 4748 Wormatiam
1840 4698 2130 4749 asservato.
