4364 5738
572 570 776 630 lama.
806 566 910 644 4.]
1460 554 1856 617 msroltm
1905 556 2503 619 DIPLOMATICA.
3275 563 3395 624 415

574 698 880 785 assistat
949 700 1215 776 contra
1286 686 1822 796 landgravium
1894 686 2358 797 Thuringiae
2445 686 3008 797 conjurationes
3096 690 3397 775 illicitas

573 841 859 915 temere
894 821 1491 907 machinantem.
1752 837 1759 842 ’

733 1041 984 1124 (laedit.
1013 1053 1089 1098 ox
1116 1036 1250 1096 eod.
1279 1033 1433 1095 Bihl.
1464 1032 1663 1094 Cesar.
1692 1023 1954 1094 vindob.
1984 1034 2147 1094 dicto
2172 1031 2492 1115 Philoloq„
2512 1043 2580 1094 ιιθ
2609 1044 2752 1114 805,
2771 1035 2876 1096 tol.
2917 1045 3028 1096 188
3061 1035 3283 1117 verso.)

665 1224 1083 1312 Fridericus‚
1114 1230 1248 1293 etc.
1297 1217 1772 1305 Quorumdam
1801 1214 2107 1290 fidelium
2138 1228 2533 1290 nostrorum
2563 1219 2847 1292 culmini
2878 1234 3115 1294 nostro
3142 1222 3396 1297 relacio

574 1349 901 1446 patefecit
953 1345 1146 1440 quod
1197 1341 1625 1434 lantgravius
1681 1340 2054 1435 Thuringie
2101 1341 2601 1416 beneficiorum
2658 1343 3024 1418 immemor
3068 1366 3112 1417 a
3160 1355 3397 1419 nostra

573 1467 1084 1566 magnificentia
1116 1475 1637 1563 perceptorum,
1685 1464 2081 1536 rebellionis
2120 1475 2476 1561 assumpto
2510 1476 2751 1538 contra
2792 1487 2920 1540 nos
2952 1467 3231 1563 spiritu,
3269 1491 3398 1566 per

574 1595 1088 1688 conjurationes
1130 1601 1201 1663 et
1237 1588 1711 1683 colligationes
1749 1589 2137 1684 principum
2182 1590 2498 1685 publicas
2544 1600 2615 1662 et
2655 1591 2960 1687 privatas
3001 1593 3217 1665 nostri
3263 1593 3394 1667 ho·

571 1719 762 1792 noris
798 1715 1241 1813 dispendium
1279 1712 1558 1809 publice
1593 1711 2057 1785 machinatur.
2097 1714 2267 1786 Cum
2317 1714 2526 1806 igitur
2567 1716 2708 1787 suis
2743 1716 2998 1810 iniquis
3032 1718 3396 1791 conatibus

575 1843 736 1916 totis
780 1841 869 1912 sit
908 1839 1113 1912 nobis
1155 1836 1564 1932 tempestive
1600 1835 1866 1907 viribus
1898 1836 2376 1909 obsistendum
2419 1834 2550 1935 (a),
2603 1859 2695 1910 ne
2735 1860 2861 1935 per
2903 1841 3395 1932 negligentiam

571 1976 879 2040 nostram
906 1964 1107 2055 cujus
1134 1958 1291 2057 (sic)
1330 1958 1521 2053 quod
1551 1959 1733 2029 absit
1761 1968 2000 2030 contra
2032 1980 2161 2030 nos
2196 1961 2589 2052 malignitas
2624 1962 3039 2053 invalescat,
3076 1962 3394 2034 devotio-

571 2111 734 2162 nem
787 2099 974 2159 tuam
1018 2086 1108 2158 de
1145 2105 1284 2177 qua
1334 2083 1614 2178 plenam
1660 2079 1985 2152 fiduciam
2031 2081 2336 2172 gerimus
2351 2135 2373 2172 ‚
2423 2083 2587 2175 quia
2632 2084 2705 2154 in
2746 2085 3000 2156 nostris
3043 2084 3395 2178 obsequiis

570 2211 1069 2285 invariabiliter
1098 2226 1554 2304 perseverans
1585 2205 1920 2277 honorem
1963 2213 2278 2276 nostrum
2318 2204 2605 2277 sinceris
2637 2205 3000 2279 affectibus
3031 2209 3392 2302 amplexa-

570 2338 689 2430 ris,
734 2354 1097 2407 monemus
1134 2340 1205 2403 et
1239 2329 1597 2402 hortamur
1634 2337 1900 2400 attente
1938 2328 2132 2421 quod
2174 2327 2431 2401 dilecto
2466 2327 2611 2402 filio
2656 2338 2896 2402 nostro
2924 2330 2998 2401 C.
3041 2331 3388 2405 Romano-

571 2483 723 2533 rum
764 2458 913 2551 regi
946 2455 1039 2527 ad
1073 2452 1590 2551 reprimendum
1631 2451 1943 2544 ejusdem
1988 2451 2358 2544 lantgravii
2402 2452 2705 2549 impetus
2738 2454 2838 2525 sic
2873 2462 3192 2549 potenter
3225 2476 3388 2551 pro-

566 2606 768 2658 cures
793 2581 1138 2670 assistere,
1176 2576 1367 2671 quod
1398 2586 1465 2648 te
1497 2597 1539 2648 a
1568 2573 2039 2648 munificentia
2070 2585 2306 2647 nostra
2334 2596 2643 2668 congrua
2674 2578 2811 2649 tuis
2839 2578 3100 2650 meritis
3126 2578 3390 2674 premia

569 2707 876 2803 gaudeas
905 2711 1289 2798 reportare.

674 3160 1099 3245 Fridericus
1124 3220 1148 3266 ‚
1198 3160 1715 3242 Romanorum
1752 3158 2202 3267 imperator,
2250 3156 2540 3241 civibus
2589 3159 3248 3245 Camerinensibus
3285 3164 3383 3245 ad
3512 3164 3718 3263 ⁰33?-

567 3295 1009 3379 fidelitatem
1066 3317 1287 3374 suam
1324 3289 1812 3373 redeuntibus
1848 3315 2114 3373 omnes
2157 3289 2460 3399 culpaS‚
2500 3289 2951 3375 offensiones
2988 3303 3059 3375 et
3094 3320 3378 3403 poenas

567 3426 882 3513 remittit
950 3450 1093 3507 nec
1147 3448 1304 3506 non
1374 3431 1450 3504 et
1516 3421 1784 3503 vicinis
1855 3420 2570 3524 communitatihuS,
2635 3449 2812 3506 cum
2862 3426 3382 3510 moderatione

568 3559 824 3644 salarii
880 3564 1364 3667 potestatum.

728 3748 917 3828 (Edit.
939 3764 1036 3826 ap.
1054 3745 1271 3806 Cum.
1299 3742 1489 3813 Lan,
1535 3740 1757 3801 Hister.
1788 3737 1850 3799 dn·
1880 3740 2204 3810 Camerino,
2236 3747 2389 3817 part.
2410 3742 2611 3819 prim„
2632 3758 2694 3818 p.
2718 3748 2859 3801 251.
2886 3742 3013 3800 Hoc
3037 3748 3099 3802 et
3125 3744 3378 3813 alterum

668 3883 676 3896 ·
805 3853 966 3933 quod
996 3855 1058 3911 in
1096 3856 1240 3910 nota
1272 3863 1663 3909 memoramus
1700 3848 2162 3907 instrumentum
2190 3845 2408 3906 adsunt
2432 3847 2496 3905 ln
2532 3845 2775 3905 archivo
2806 3847 3111 3923 delomat.
3142 3849 3378 3915 Floren-

803 3959 921 4019 tlae
938 4000 957 4034 ‚
1010 3956 1311 4030 Cartapec.
1345 3951 1664 4028 d’UrMnn,
1709 3949 1926 4021 lalche,
1955 3959 2024 4009 n⁶
2046 3958 2116 4027 43
2158 3965 2414 4026 quorum
2438 3949 2668 4027 copiam
2697 3965 2733 4009 a
2768 3948 3063 4026 praefecto
3113 3953 3376 4028 ejusdem

802 4061 1028 4122 archivi
1054 4058 1318 4119 obtinere
1342 4073 1464 4117 non
1491 4051 1843 4133 potuimus.)

660 4220 1088 4308 Fredericus,
1117 4215 1243 4288 Dei
1276 4212 1499 4306 gratia
1526 4214 1991 4286 Romanorum
2027 4212 2404 4307 imperator
2424 4233 2698 4307 semper
2726 4180 3094 4307 augustus,
3125 4218 3375 4292 Hiem-

566 4346 782 4417 salem
817 4351 890 4415 et
916 4339 1144 4412 Sicilie
1175 4358 1329 4410 rex.
1362 4336 1494 4406 Per
1522 4356 1812 4429 presens
1837 4335 2166 4428 scriptum
2205 4344 2519 4407 nostrum
2551 4332 2700 4406 fleri
2734 4337 3057 4411 volumus
3090 4342 3374 4415 univer·

567 4469 660 4540 sis
699 4458 969 4563 imperii
1008 4461 1328 4535 fidelibus
1370 4469 1512 4530 tam
1552 4457 1991 4554 presentibus
2024 4478 2235 4553 quam
2268 4457 2550 4552 futuris,
2587 4460 2776 4553 quod
2815 4482 2944 4535 nos
2984 4463 3075 4537 ad
3112 4465 3377 4540 honum

648 4628 736 4711 (a)
778 4628 851 4690 In
877 4626 1013 4689 eod.
1041 4625 1199 4687 see...
1226 4620 1646 4699 mmm,
1676 4619 1853 4683 mue.
