4364 5738
997 610 1111 671 154
1982 613 2409 676 FRIDERICI
2458 613 2805 674 SECUNDI
3425 614 3587 697 [Anu.
3626 615 3798 678 1244.

988 747 1055 817 in
1091 743 1390 846 [Tuscia]
1424 749 1722 821 vicarius
1761 751 2144 843 generalis,
2179 748 2766 820 Hildebrandinus
2815 746 3224 820 Cachaconti
3246 802 3266 839 ,
3303 751 3632 841 magister
3675 752 3803 824 Pe·

989 881 1137 943 trus
1178 872 1267 943 de
1305 873 1522 945 Vinea
1570 885 1640 946 et
1683 877 2012 969 magister
2047 874 2418 947 Thaddeus
2462 873 2551 944 de
2601 873 2851 945 Suessa
2894 894 3145 965 magne
3196 872 3571 968 imperialis
3614 876 3804 947 curie

979 998 1287 1089 judiceS,
1325 1007 1395 1069 et
1424 999 1541 1070 alii
1572 1001 2046 1095 quamplures,

1080 1124 1253 1194 Acta
1282 1133 1446 1194 sunt
1471 1124 1601 1196 hec
1631 1146 1818 1196 anno
1851 1124 2197 1196 dominice
2225 1121 2717 1193 incarnationis
2749 1121 2840 1191 M.
2867 1120 2988 1192 CC.
3010 1120 3244 1211 XLIII,
3282 1143 3521 1193 mense
3548 1125 3797 1215 janua·

984 1248 1100 1338 rii,
1140 1248 1363 1343 prima
1408 1248 1784 1320 indictione
1823 1247 1886 1343 (t
1903 1247 1957 1343 ),
1992 1248 2376 1342 imperante
2415 1245 2698 1317 domino
2737 1254 2973 1316 nostro
3003 1243 3390 1336 Friderico,
3424 1247 3549 1318 Dei
3581 1247 3798 1339 gratia

984 1372 1429 1444 invictissimo
1467 1374 1936 1444 Romanorum
1975 1372 2391 1467 imperatore
2433 1388 2709 1464 semper
2752 1378 3080 1461 augusto,
3123 1369 3552 1440 Hierusalem
3585 1380 3655 1442 et
3689 1370 3793 1443 Si·

982 1497 1138 1568 cilie
1167 1518 1358 1587 rege,
1391 1496 1682 1568 Romani
1716 1496 1986 1591 imperii
2026 1497 2179 1587 ejus
2216 1515 2403 1565 anno
2433 1492 2769 1585 vigesimo
2799 1503 3084 1586 quarto,
3129 1493 3327 1584 regni
3370 1493 3793 1566 Hierusalem

980 1620 1315 1712 vigesimo
1348 1618 1477 1715 (a),
1514 1621 1710 1712 regni
1747 1641 1918 1691 vero
1950 1619 2177 1691 Sicilie
2218 1616 2747 1710 quadragesimo
2785 1625 3021 1709 sext0,
3059 1616 3371 1689 feliciter.

1076 1744 1329 1815 Datum
1361 1744 1549 1839 apud
1592 1800 1608 1816 .
1648 1798 1665 1815 .
1700 1797 1758 1834 .,
1795 1765 2020 1836 anno,
2058 1765 2299 1815 mense
2329 1751 2398 1814 et
2429 1740 2805 1813 indictione
2843 1742 3350 1837 suprascriptis.

615 2319 867 2433 §fimf
1078 2316 1501 2399 Fridericus
1522 2378 1546 2421 ,
1623 2316 2144 2399 Romanorum
2237 2315 2677 2423 imperator,
2755 2315 3134 2399 Pandulfo
3221 2317 3318 2399 de
3393 2316 3785 2400 Fasanella

969 2447 1262 2555 imperii
1322 2449 1401 2527 in
1454 2446 1728 2529 Tuscia
1781 2447 2175 2554 capitaneo
2229 2447 2563 2555 generali
2628 2448 2947 2529 mandat
3008 2458 3095 2528 ut
3143 2448 3239 2529 de
3303 2458 3634 2530 mercato
3685 2447 3782 2530 ab

968 2580 1410 2663 hominibus
1456 2580 1680 2660 castri
1739 2578 2121 2661 Arcidossi
2159 2578 2236 2659 in
2290 2579 2459 2662 loco
2507 2578 2875 2662 Malacdia
2929 2579 3314 2685 instituto,
3357 2580 3435 2660 in
3471 2580 3782 2689 praeju-

966 2711 1249 2793 dicium
1310 2712 1621 2794 mercati
1695 2714 1901 2822 quod
1974 2712 2520 2794 monasterium
2588 2710 2840 2793 Sancti
2903 2711 3315 2795 Salvatoris
3378 2713 3471 2794 de
3535 2713 3779 2795 Monte

967 2843 1267 2929 Amiato
1318 2847 1522 2955 apud
1568 2844 1873 2930 Plebem
1921 2846 2018 2928 de
2076 2845 2345 2929 Amole
2409 2843 2829 2955 antiquitus
2883 2844 3155 2952 habet,
3212 2844 3775 2955 inquisitionem

962 2976 1123 3061 fieri
1163 2977 1413 3061 faciat.

1127 3191 1375 3269 (Inedit.
1404 3210 1482 3255 ex
1514 3195 1732 3255 chartis
1758 3192 1824 3255 S.
1854 3194 2011 3256 Salv.
2047 3194 2122 3256 de
2149 3195 2574 3257 Monteamlato
2615 3195 2680 3253 ln
2715 3192 2878 3254 arch.
2919 3194 3228 3272 diplomat.
3275 3195 3541 3256 Floreat.
3585 3210 3774 3256 asser·

1202 3298 1403 3378 vatis.)
3608 3334 3619 3347 .

1055 3486 1431 3559 Pandulfus
1478 3486 1566 3557 de
1619 3485 2039 3558 Fascianella
2086 3487 2460 3581 imperialis
2516 3487 2588 3557 in
2645 3485 2937 3558 Thuscia
2983 3486 3385 3583 capitaneus
3434 3487 3771 3579 generalis

954 3610 1231 3685 Matheo
1269 3610 1536 3681 notario
1573 3608 1660 3681 de
1691 3609 1946 3681 Sancto
1978 3609 2257 3694 Quirico
2299 3609 2551 3682 dilecto
2594 3631 2721 3682 suo
2760 3611 3053 3682 salutem
3091 3619 3162 3683 et
3192 3632 3497 3683 amorem
3544 3611 3766 3683 since·

949 3744 1136 3807 rum.
1169 3733 1579 3828 Recepimus
1604 3753 1834 3805 sacras
1865 3734 2257 3827 imperiales
2289 3734 2552 3806 litteras
2583 3734 2654 3804 in
2688 3733 2820 3805 hac
2857 3735 3075 3807 forma
3115 3765 3131 3806 :

1050 3860 1460 3949 Fridericus‚
1498 3844 1686 3949 etc.,'
1705 3857 2078 3949 Pandulfo,
2111 3866 2246 3929 etc.
2290 3859 2420 3930 Pro
2452 3867 2645 3952 parte
2673 3858 2943 3930 abbatis
2973 3868 3045 3930 et
3073 3868 3457 3931 conventus
3488 3879 3762 3930 monas-

956 3984 1109 4055 terii
1150 3985 1383 4055 Sancti
1443 3982 1817 4055 salvatoris
1865 3982 1955 4053 de
2002 3982 2493 4053 Monteamiato
2536 3990 2932 4053 nostrorum
2980 3980 3327 4073 fidelium,
3375 3979 3763 4052 celsitudini

954 4118 1187 4180 nostre
1220 4110 1349 4181 fuit
1381 4109 1614 4180 oblata
1644 4109 1927 4201 querela
1960 4107 2151 4200 quod
2181 4128 2341 4177 cum
2373 4127 2413 4177 a
2446 4105 2626 4177 divis
2657 4117 2844 4178 retro
2874 4106 3295 4202 principibus
3325 4106 3458 4199 ipsi
3492 4126 3763 4177 monas·

955 4233 1128 4304 terio
1173 4233 1376 4303 fuerit
1413 4253 1819 4304 concessum
1861 4240 1933 4302 et
1975 4252 2018 4303 a
2059 4240 2295 4303 nostra
2342 4228 2812 4303 munificentia
2853 4227 3335 4302 confirmatum
3370 4229 3559 4325 apud
3606 4228 3758 4300 Ple·

1037 4370 1120 4457 (ὰ)
1164 4378 1281 4439 Sic.
1310 4379 1548 4439 Rectius
1573 4385 1774 4439 tamen
1800 4397 1951 4440 nono
1976 4377 2208 4440 decimo.

1022 4616 1093 4688 (4)
1133 4613 1440 4685 tegendum
1470 4618 1651 4670 autem
1677 4613 1905 4672 secunda
1929 4615 2253 4684 indictione,
2282 4621 2394 4672 tam
2422 4632 2489 4672 ex
2523 4614 2809 4673 collatione
2838 4614 3054 4672 testium
3080 4630 3243 4687 quam
3269 4630 3336 4671 ex
3365 4614 3523 4671 annis
3550 4612 3757 4688 imperii

951 4719 1006 4771 et
1026 4724 1312 4784 regnorum
1334 4709 1426 4782 qui
1447 4710 1594 4767 clare
1616 4711 1690 4767 ad
1717 4727 1842 4767 ann.
1881 4713 2021 4768 ⁴244
2049 4713 2428 4769 documentum
2454 4711 2794 4770 referendum
2814 4724 2937 4770 esse
2962 4712 3346 4770 demonstrant.
