4364 5738
1019 580 1148 643 488
2024 580 2453 644 nmmum
2503 580 2852 643 saeuum
3469 578 3635 661 [An.
3671 581 3846 645 12⁴⁷.

1027 717 1395 807 tenuisset,
1438 717 1509 789 in
1544 738 1685 810 qua
1722 718 1970 788 fratres
2001 715 2216 811 ipsius
2254 716 2504 789 domus
2540 740 2667 812 pro
2703 716 3132 789 habitatione
3169 715 3479 811 ipsorum
3512 726 3583 788 et
3613 715 3849 813 hospi·

1027 839 1257 912 tundis
1295 839 1449 912 aliis
1498 840 1823 911 fratribus
1867 839 2113 912 domos
2160 860 2381 912 novas
2428 840 2980 912 construxissent
3022 840 3318 931 ibidem,
3370 852 3850 935 procuratores

1024 962 1216 1035 curie
1255 972 1488 1035 nostre
1532 963 1717 1057 ipsos
1749 963 1840 1034 de
1881 962 2143 1035 eisdem
2189 963 2654 1036 destituerunt
2699 963 3021 1036 domibus
3057 972 3129 1034 et
3166 973 3555 1035 statuerunt
3602 984 3721 1035 eas
3758 965 3850 1036 ad

1023 1108 1204 1182 opus
1252 1097 1488 1159 nostre
1540 1087 1732 1159 curie
1781 1087 2164 1182 procurari.
2216 1089 2445 1173 Quare
2499 1088 2841 1180 majestati
2891 1097 3126 1159 nostre
3177 1087 3533 1159 humiliter
3582 1087 3846 1183 suppli·

1027 1211 1211 1283 cavit
1244 1222 1321 1282 ut
1354 1210 1604 1283 domus
1639 1211 1825 1305 ipsas
1860 1232 1989 1282 nos
2023 1210 2558 1283 misericorditer
2590 1210 2855 1283 restitui
2891 1211 3407 1282 mandaremus.
3438 1211 3580 1283 Nos
3616 1221 3846 1283 autem

1024 1334 1349 1432 prephati
1382 1334 1808 1430 preceptoris
1844 1332 2070 1405 fidelis
2100 1334 2321 1405 nostri
2355 1335 2973 1431 supplicationibus
3009 1332 3355 1424 inclinati,
3388 1329 3700 1405 fidelitati
3731 1340 3845 1403 tue

1026 1457 1475 1555 precipiendo
1520 1456 1936 1528 mandamus
1976 1467 2320 1549 quatenus
2358 1460 2416 1528 si
2467 1458 2591 1530 tibi
2635 1459 3019 1531 constiterit
3056 1459 3151 1529 ita
3188 1478 3338 1528 esse
3378 1456 3570 1550 quod
3607 1478 3843 1530 mona-

1012 1580 1310 1653 sterium
1375 1579 1762 1675 predictum
1816 1589 2069 1651 terram
2123 1578 2444 1653 eamdem
2503 1581 2574 1651 in
2621 1603 2760 1675 qua
2810 1603 2937 1676 per
2976 1579 3223 1652 fratres
3282 1579 3633 1675 predictos
3681 1580 3844 1650 olim

1028 1701 1277 1776 domus
1308 1688 1393 1773 'ut
1432 1704 1695 1774 dictum
1736 1713 1842 1774 est
1887 1700 2258 1776 hedificate
2303 1702 2514 1776 fuisse
2555 1703 2906 1794 dicuntur,
2957 1724 2998 1775 a
3040 1704 3234 1776 curia
3273 1714 3509 1775 nostra
3552 1724 3697 1775 non
3743 1712 3843 1774 te·

1028 1828 1293 1899 nuisset
1322 1827 1393 1897 in
1426 1827 1746 1915 feudum,
1777 1826 2119 1922 prephato
2144 1828 2535 1923 preceptori
2570 1828 2719 1898 sine
2755 1826 3158 1899 difficultate
3190 1827 3498 1920 resignes
3533 1827 3836 1899 easdem.

1026 1950 1276 2022 Datum
1337 1950 1580 2043 Fogie‚
1645 1950 1804 2022 XXI
1862 1949 2202 2043 januarii,
2264 1950 2506 2045 quinte
2552 1950 2973 2023 indictionis,
3028 1951 3285 2022 Verum
3335 1950 3500 2045 quia
3551 1950 3640 2021 de
3686 1970 3841 2045 pre·

1030 2074 1232 2147 dictis
1276 2075 1600 2146 omnibus
1644 2075 1846 2146 nobis
1895 2074 2205 2146 constitit
2250 2075 2611 2147 evidenter
2650 2096 2777 2168 per
2817 2074 3333 2167 inquisitionem
3384 2095 3594 2166 quam
3639 2094 3845 2167 super

1027 2198 1376 2294 premissis
1404 2220 1529 2294 per
1554 2199 1863 2290 judicem
1895 2199 2229 2291 Maj0rem
2258 2198 2348 2269 de
2376 2198 2725 2293 Monopoli
2753 2197 2905 2269 fieri
2937 2197 3421 2270 mandavimus
3451 2197 3840 2289 diligenter,

1026 2322 1100 2392 in
1128 2322 1463 2418 scriptum
1492 2322 1844 2417 puplicum
1875 2322 2337 2415 registratam,
2373 2321 2572 2394 vobis
2602 2343 2697 2393 ex
2728 2321 3068 2416 imperiali
3096 2333 3293 2415 parte
3325 2342 3463 2414 qua
3501 2319 3845 2411 Iungimur

1024 2446 1436 2517 auctoritate
1493 2447 1906 2517 mandamus
1966 2443 2256 2516 firmiter
2303 2445 2731 2537 injungendo
2775 2455 3119 2536 quatenus
3170 2445 3466 2540 receptis
3510 2441 3843 2538 presenti·

1025 2570 1158 2641 bus
1203 2579 1419 2641 terras
1450 2592 1610 2641 cum
1643 2570 1964 2642 domibus
1991 2569 2321 2664 predictis
2353 2568 2739 2641 hedificatis
2775 2568 3035 2639 ibidem
3065 2589 3191 2663 per
3220 2570 3465 2640 fratres
3501 2567 3844 2664 predictos

1025 2693 1416 2789 preceptori
1448 2693 1654 2764 affato
1677 2692 1791 2764 vel
1831 2695 1982 2785 ejus
2011 2693 2270 2764 nuncio
2299 2692 2447 2763 sine
2476 2691 2879 2763 difficultate
2916 2691 3276 2782 resignetis
3311 2692 3629 2781 easdem,
3669 2689 3843 2761 reci·

1028 2816 1296 2912 pientes
1332 2817 1424 2889 ab
1456 2839 1540 2889 eo
1574 2817 1662 2890 de
1696 2816 2162 2911 assignatione
2197 2817 2505 2911 ipsarum
2546 2816 2877 2911 scriptum
2918 2825 3320 2911 competens
3348 2816 3443 2891 ad
3473 2814 3834 2889 cautelam.

1126 2942 1375 3011 Datum
1413 2941 1791 3034 Monopoli,
1831 2942 2011 3012 XIIII
2038 2941 2246 3031 junii,
2279 2940 2518 3034 quinte
2552 2940 2967 3012 indictionis,

1124 3062 1236 3133 Ad
1261 3064 1461 3153 cujus
1495 3062 1979 3134 executionem
2008 3063 2316 3134 mandati
2349 3063 2667 3158 prephati
2699 3064 3105 3136 Guillelmus
3141 3063 3231 3135 de
3260 3059 3742 3134 Palarnuceri0
3773 3069 3844 3132 et

1028 3185 1340 3256 notarius
1370 3185 1800 3256 Martesanus
1830 3195 2342 3280 procuratoreS,
2373 3187 2572 3258 nobis
2604 3186 3040 3282 presentibus
3073 3187 3262 3258 etad
3294 3186 3428 3258 hoc
3456 3185 3841 3281 specialiter

1028 3309 1455 3399 convocatiS,
1503 3308 2029 3400 resignaverunt
2061 3309 2247 3381 dicto
2278 3310 2578 3382 Corrado
2613 3311 2805 3381 fratri
2833 3311 3046 3405 ipsius
3075 3312 3324 3382 domus
3351 3313 3601 3382 Sancte
3633 3308 3841 3380 Mar-Ie

1029 3433 1605 3506 Theotonicorum
1639 3432 1982 3505 destinato
2020 3434 2276 3506 nuncio
2302 3456 2344 3505 a
2376 3435 2583 3505 fratre
2618 3434 2934 3507 Iohanne
2962 3444 3366 3530 preceptore
3398 3432 3647 3505 domus
3680 3452 3838 3527 pre-

1028 3556 1212 3629 dicte
1248 3556 1319 3626 in
1351 3555 1605 3650 Apulia
1640 3578 1767 3650 pro
1805 3555 2064 3627 eisdem
2110 3557 2310 3628 terris
2351 3567 2423 3628 et
2462 3556 2784 3629 domibus
2822 3559 2976 3630 loco
3015 3558 3124 3629 sui
3168 3556 3615 3653 recipiendiS,
3667 3555 3841 3627 sicut

1029 3700 1155 3773 per
1186 3679 1458 3751 licteras
1490 3679 1802 3771 ejusdem
1832 3681 2257 3775 preceptoris
2284 3702 2460 3772 quas
2485 3680 2616 3775 ipsi
2643 3693 3125 3775 procuratores
3160 3679 3420 3754 habent
3444 3681 3646 3752 nobis
3674 3698 3837 3751 con-

1026 3802 1199 3874 stitit
1238 3803 1636 3893 manifeste,
1676 3813 1929 3877 terram
1969 3813 2040 3874 et
2084 3804 2327 3875 domos
2368 3804 2715 3899 predictas
2758 3805 3015 3876 ibidem
3058 3803 3462 3878 hedificatas
3503 3813 3574 3875 et
3618 3804 3836 3899 ipsum

1027 3926 1310 3996 fratrem
1345 3925 1721 3998 Corradum
1759 3926 1831 3997 in
1872 3925 2276 3998 earumdem
2314 3936 2653 3998 terrarum
2696 3937 2767 3998 et
2808 3927 3172 3999 domorum
3206 3927 3638 4023 possessione
3679 3925 3837 3997 mit·

1030 4057 1281 4119 tentes,
1332 4051 1509 4121 Sunt
1557 4058 1792 4119 autem
1842 4048 2151 4143 predicte
2199 4050 2447 4120 domus
2495 4049 2682 4120 intus
2731 4049 2802 4119 in
2849 4048 2982 4121 bac
3027 4050 3306 4122 civitate
3343 4049 3726 4144 Monopolis
3767 4048 3836 4118 in

1026 4171 1326 4266 pielagio
1345 4170 1444 4269 (a)
1472 4172 1705 4244 Sancti
1732 4172 2067 4269 Damyani
2081 4173 2288 4264 juxta
2313 4182 2581 4267 portam
2601 4196 2739 4267 que
2764 4184 3055 4245 vocatur
3074 4175 3163 4245 de
3181 4174 3515 4246 Simmino
3539 4194 3629 4245 ex
3646 4182 3837 4268 parte

1029 4293 1238 4364 maris
1274 4303 1343 4365 et
1371 4294 1608 4367 boree.
1650 4295 1916 4379 Quibus
1952 4296 2149 4367 terris
2181 4306 2253 4368 et
2285 4295 2607 4368 domibus
2639 4296 2898 4368 ibidem
2938 4296 3321 4369 hedificatis
3362 4318 3403 4367 a
3447 4296 3649 4369 dictis
3681 4315 3837 4391 pro·

1028 4415 1461 4488 curatoribus
1492 4427 1573 4488 ut
1612 4418 1957 4513 prefertur
2001 4418 2232 4491 eidem
2264 4418 2456 4490 fratri
2487 4419 2790 4492 Corrado
2822 4422 2973 4493 loco
3015 4421 3181 4493 dicti
3219 4420 3645 4517 preceptoris
3681 4418 3840 4491 reffl'·

1109 4670 1193 4750 (a)
1227 4670 1326 4732 Sic
1351 4686 1457 4748 pro
1479 4666 1729 4753 pellaqio
1753 4675 1843 4733 vel
1868 4673 2145 4756 par-aqizi,
2177 4674 2385 4754 gallice
2401 4691 2646 4757 ραι-αρε.
