4364 5738
1002 580 1083 640 ss
2000 579 2425 640 rmnsmm
2476 579 2822 639 saeuum
3436 579 3600 655 [Ama.
3643 579 3812 641 ιω.

1006 716 1187 786 libus
1242 738 1380 809 que
1446 726 1584 787 tam
1636 716 1704 785 in
1756 715 2033 788 civitate
2075 716 2226 810 ipsa
2277 736 2488 807 quam
2548 725 2746 787 extra
2809 714 3158 787 civitatem
3215 716 3644 802 habuerunt,
3691 715 3819 785 sub

1007 848 1241 912 nostra
1288 848 1358 911 et
1391 838 1663 933 imperii
1715 839 2173 934 protectione,
2211 838 2613 911 defensione
2665 859 2748 910 ac
2793 839 3030 911 favore
3080 840 3467 934 recepimus
3512 838 3814 932 speciali.

1008 962 1237 1047 Quare
1274 962 1706 1033 universitati
1734 972 1964 1033 vestre
1998 960 2446 1056 precipiendo
2478 961 2891 1033 mandamus
2925 972 3273 1054 quatenus
3310 963 3541 1033 nullus
3581 961 3672 1033 sit
3705 962 3822 1054 qui

1007 1084 1355 1180 predictos
1385 1084 1573 1156 cives
1612 1085 2088 1157 Erfordienses
2128 1083 2374 1156 fideles
2414 1095 2689 1158 nostros
2715 1086 2787 1157 in
2821 1086 3168 1182 personis,
3205 1086 3512 1177 familiis,
3550 1107 3819 1180 posses-

1009 1209 1345 1301 sionibuS,
1379 1210 1577 1281 terris
1605 1229 1686 1281 ac
1716 1211 1918 1282 bonis
1949 1209 2091 1281 suis
2129 1210 2490 1281 stabilibus
2527 1211 2637 1281 vel
2676 1210 3048 1282 mobilibus
3088 1232 3225 1303 que
3266 1222 3407 1281 tam
3440 1211 3511 1280 in
3548 1209 3822 1282 civitate

1008 1332 1156 1428 ipsa
1220 1332 1333 1404 vel
1398 1342 1599 1404 extra
1662 1332 2010 1405 civitatem
2077 1332 2474 1424 habuerint,
2507 1343 2865 1428 presumat
2930 1333 3366 1428 aliquatenus
3426 1334 3818 1405 molestare.

1008 1456 1212 1542 Quod
1274 1457 1394 1549 qui
1443 1457 1976 1552 presumpserit,
2022 1456 2568 1548 indignationem
2627 1458 2844 1528 nostri
2889 1456 3215 1528 culminis
3269 1477 3344 1527 se
3400 1455 3674 1527 noverit
3719 1456 3824 1526 in-

1011 1599 1401 1651 cursurum.
1454 1578 1565 1651 Ad
1614 1579 1823 1673 hujus
1871 1580 2083 1672 igitur
2128 1591 2363 1652 nostre
2416 1580 2866 1675 protectionis
2920 1601 3003 1651 ac
3056 1578 3478 1651 defensionis
3526 1580 3824 1650 futuram

1011 1703 1417 1775 memoriam
1475 1714 1546 1775 et
1593 1702 1909 1775 stabilem
1968 1702 2388 1793 firmitatem,
2421 1725 2707 1797 presens
2756 1704 3088 1797 scriptum
3142 1702 3292 1774 fieri
3337 1713 3409 1775 et
3450 1701 3827 1795 majestatis

1012 1836 1248 1899 nostre
1281 1826 1504 1918 sigillo
1533 1826 1865 1919 jussimus
1893 1827 2328 1899 communiri.

1108 1951 1364 2023 Datum
1396 1951 1467 2021 in
1498 1950 1742 2023 castris
1776 1950 1965 2045 apud
2004 1949 2405 2023 Avezanum
2446 1951 2517 2021 in
2561 1950 2850 2041 celano,
2897 1970 3082 2024 anno
3123 1949 3465 2022 dominice
3507 1949 3824 2020 incarna-

1014 2075 1218 2149 tionis
1244 2075 1607 2147 millesimo
1626 2075 2100 2148 ducentesimo
2117 2075 2651 2168 quadragesimo
2677 2074 3014 2164 secundo,
3042 2095 3280 2145 mense
3302 2072 3524 2165 junio,
3559 2071 3824 2164 quinte·

1012 2197 1289 2271 decime
1317 2198 1734 2271 indictionis.

1411 2510 1782 2518 mmmu.-·-.—<
1832 2508 2244 2515 Ἣ,.----·----..--
2278 2509 2330 2514 -Ἷ-
2633 2506 2880 2512 m—,ffl—-A
2906 2503 3435 2512 -m--ae—--a-o-m——ffl

1122 2775 1179 2858 F
1182 2774 1573 2879 tidericuS‚
1616 2773 2136 2856 Romanorum
2172 2772 2612 2881 imperator,
2654 2772 2752 2852 ad
2791 2768 3416 2880 supplicationem
3457 2766 3823 2878 Raynaldi

1019 2908 1387 2995 Ostiensis
1429 2908 1798 3017 episcopi,
1839 2906 2386 2989 monasterium
2423 2905 2739 2988 Sanctae
2779 2903 3039 2986 Crucis
3075 2902 3172 2984 de
3221 2901 3542 2984 Heremo
3595 2900 3823 2983 fontis

1019 3042 1454 3148 Avellanae,
1495 3040 1946 3151 Augubinae
1980 3040 2372 3145 dioecesiS,
2415 3039 2492 3119 in
2521 3037 2981 3147 protectione
3021 3061 3162 3117 sua
3214 3034 3518 3143 recipit,
3574 3034 3823 3116 dum-

1019 3178 1249 3258 modo
1285 3176 1363 3255 in
1400 3175 1758 3257 fidelitate
1792 3200 1931 3256 sua
1969 3172 2239 3255 fratres
2276 3172 2507 3253 iidem
2541 3178 3043 3279 perseverent.

1182 3388 1447 3468 (Edider.
1475 3388 1855 3450 annnu
1875 3395 1934 3449 et
1955 3387 2319 3462 Cos-rmum,
2343 3381 2564 3446 Amal.
2588 3381 2942 3455 Gammae..
2966 3389 3116 3444 tom.
3143 3382 3249 3455 IV,
3272 3381 3574 3460 Append„
3591 3399 3652 3458 p.
3682 3387 3821 3453 565,

1258 3508 1324 3556 n⁰
1354 3503 1492 3574 355,
1526 3512 1599 3556 ex
1626 3511 1760 3573 cop.
1795 3494 2060 3556 authent.
2090 3495 2152 3554 in
2178 3493 2417 3554 archivo
2444 3498 2694 3553 monast.
2727 3489 3039 3570 ejusdem.)

1115 3683 1539 3777 Fridericus,
1580 3683 1709 3756 Dei
1753 3682 1975 3776 gratia
2013 3684 2477 3754 Romanorum
2515 3679 2890 3773 imperator
2938 3697 3213 3773 semper
3255 3684 3625 3769 augustus,
3664 3674 3825 3745 Hie-

1019 3813 1321 3886 rusalem
1374 3818 1445 3883 et
1487 3809 1716 3882 Sicilie
1770 3829 1924 3880 rex.
1970 3807 2101 3879 Per
2142 3815 2533 3901 presentem
2587 3802 2998 3898 scripturam
3050 3810 3296 3873 notum
3327 3797 3476 3870 fieri
3509 3798 3829 3871 volumus

1018 3936 1358 4010 universis
1419 3933 1743 4008 fidelibus
1802 3930 2056 4003 nostris
2108 3929 2299 4023 quod
2359 3949 2487 4002 nos
2550 3927 2640 4000 ad
2693 3925 3270 4022 supplicationem
3324 3922 3560 3995 dilecti
3624 3920 3828 3992 amici

1017 4062 1234 4135 nostri
1276 4062 1361 4133 R.
1415 4057 1553 4156 (l),
1593 4054 2011 4130 venerabilis
2049 4053 2383 4126 Ostiensis
2428 4062 2499 4125 et
2531 4050 2979 4123 Velletrensis
3027 4046 3364 4144 episcopi,
3409 4044 3715 4140 priorem
3761 4051 3830 4114 et

1018 4199 1437 4258 conventum
1474 4185 1722 4257 Sancte
1757 4179 1992 4253 Crucis
2034 4178 2124 4251 de
2163 4179 2459 4249 Heremo
2494 4175 2702 4248 fontis
2745 4172 3082 4246 Avellane
3127 4169 3495 4263 Augubine
3537 4166 3830 4239 diocesis

1021 4330 1181 4381 cum
1196 4293 1531 4379 'omnibus
1549 4305 1856 4378 ecclesiis
1874 4323 2116 4376 eorum
2135 4322 2309 4397 quas
2325 4300 2483 4393 jure
2510 4297 2791 4396 proprio
2813 4297 3109 4386 habent,
3135 4295 3323 4367 boua
3352 4313 3595 4366 eorum
3620 4289 3831 4363 stabi·

1022 4432 1114 4502 lia
1146 4441 1216 4502 et
1251 4428 1530 4500 mobilia
1562 4449 1699 4520 que
1740 4449 1928 4499 nunc
1961 4428 2149 4519 juste
2177 4425 2480 4497 retinent
2506 4434 2577 4494 et
2607 4422 2872 4494 habent
2903 4431 2972 4494 et
3001 4419 3399 4515 possident,
3431 4416 3563 4490 sub
3592 4423 3829 4488 nostra

1094 4710 1167 4784 (l)
1205 4710 1256 4767 Is
1281 4714 1365 4765 est
1389 4705 1729 4782 Raynaldus,
1760 4706 1853 4779 qui
1880 4714 2067 4780 postea
2092 4704 2392 4762 Alexander
2419 4702 2489 4763 lv
2515 4718 2677 4777 papa.
