4364 5738
1026 552 1107 613 54
2016 553 2444 614 amomum
2494 551 2839 614 saeuum
3455 552 3618 630 [An.
3655 551 3826 613 1242.

1029 687 1306 782 publica
1338 685 1528 757 curia
1549 686 2035 778 residencium,
2060 688 2344 780 quando
2361 688 2698 757 Henricus
2726 685 2909 758 dicte
2927 686 3522 778 Babenbergensis
3545 689 3829 760 ecclesie

1029 811 1290 880 electus
1321 806 1462 903 (t),
1503 808 1794 880 dilectus
1834 809 2158 904 princeps
2197 819 2458 901 noster,
2494 819 2643 880 erat
2674 831 2713 879 a
2759 808 2958 880 nobis
2998 810 3203 901 juxta
3264 831 3527 882 morem
3579 813 3833 907 regalia

1029 944 1460 1029 recepturuS,
1498 955 1707 1027 super
1737 934 2176 1005 revocatione
2219 934 2526 1029 ipsorum
2561 934 2902 1004 bonorum
2940 932 3404 1027 provisionem
3433 944 3740 1006 nostram
3769 945 3836 1005 et

1029 1058 1377 1153 publicam
1426 1057 1850 1129 sentenciam
1901 1058 2350 1151 requirendo,
2412 1056 2924 1129 sentencialiter
2980 1054 3306 1128 duximus
3376 1057 3832 1147 revocandaS,

1031 1181 1375 1277 predictas
1401 1202 1643 1252 omnes
1676 1181 2215 1275 pronunciantes
2240 1180 2464 1252 irritas
2489 1189 2560 1251 et
2583 1180 2849 1250 inanes.
2873 1180 2958 1250 Et
2975 1197 3135 1251 ecce
3151 1180 3342 1273 quod
3358 1183 3718 1275 Ramungo
3745 1181 3832 1254 de

1030 1302 1459 1375 Kamerstein
1492 1313 1563 1375 et
1593 1303 1969 1375 butullario
1989 1303 2076 1376 de
2097 1304 2572 1393 Nuorenberc,
2601 1301 2922 1374 fidelibus
2943 1302 3224 1394 nostris,
3245 1304 3525 1398 plenam
3557 1325 3834 1377 conces·

1028 1427 1241 1498 simus
1268 1436 1679 1521 potestatem
1698 1428 2005 1522 predicta
2024 1428 2256 1500 omnia
2280 1448 2417 1521 que
2438 1426 2819 1516 infeudata,
2842 1425 3169 1516 alienata,
3190 1428 3521 1521 obligata,
3543 1428 3828 1519 donata,

1029 1551 1339 1640 vendita,
1405 1551 1730 1622 distracta
1790 1561 1861 1623 et
1914 1553 2265 1623 subtracta
2327 1572 2370 1622 a
2427 1561 2736 1645 tempore
2794 1551 3357 1643 transgressionis
3414 1553 3826 1643 invenerint,

1028 1674 1437 1745 auctoritate
1491 1674 1708 1745 nostri
1751 1675 2094 1768 culminis,
2150 1675 2222 1745 in
2257 1673 2566 1765 ejusdem
2608 1674 2695 1746 H.
2733 1673 2935 1745 electi
2976 1683 3047 1745 et
3106 1675 3393 1747 ecclesie
3444 1696 3568 1748 sue
3609 1676 3831 1750 domi·

1030 1797 1223 1869 nium
1288 1794 1590 1868 debeant
1628 1818 1982 1887 revocare,
2029 1797 2504 1869 instrumentis
2570 1807 2641 1869 et
2687 1797 3037 1893 rescriptis
3083 1797 3338 1870 exinde
3376 1798 3736 1890 confectis,
3778 1800 3833 1871 si

1029 1921 1309 2015 quando
1351 1920 1889 2016 comparuerint,
1924 1921 2318 1992 nullatenus
2358 1921 2697 2013 valituris,
2727 1942 2865 2015 que
2911 1920 3171 1993 nullius
3210 1919 3646 1995 decernimus
3686 1944 3832 1996 esse

1031 2044 1383 2118 momenti.
1425 2045 1512 2116 Ut
1537 2056 1770 2115 autem
1805 2066 1941 2139 que
1965 2044 2036 2115 in
2074 2044 2430 2139 publicum
2458 2044 2820 2135 edicimuS,
2843 2042 3280 2117 observanda
3313 2066 3671 2118 servemus
3702 2058 3773 2118 et
3796 2068 3838 2119 a

1028 2170 1231 2242 nobis
1265 2168 1546 2263 incipiat
1572 2178 1964 2241 nostrorum
1992 2167 2443 2241 observancia
2474 2166 2988 2259 mandatorum,
3024 2188 3184 2239 cum
3218 2165 3429 2239 nichil
3475 2168 3834 2259 gloriosius

1031 2315 1436 2367 censeamus
1511 2314 1722 2385 quam
1776 2292 2057 2364 subesse
2119 2292 2389 2383 legibus
2448 2312 2623 2384 quas
2686 2290 3063 2383 dictamus,
3133 2291 3417 2364 feudum
3482 2293 3831 2384 quondam

1027 2418 1295 2492 comitis
1326 2417 1416 2489 de
1455 2418 1718 2509 Bogen,
1754 2415 1845 2488 ad
1879 2414 2237 2487 ecclesiam
2271 2415 2489 2509 ipsam
2519 2424 2866 2510 spectans,
2902 2414 3092 2510 quod
3124 2438 3250 2512 per
3281 2416 3580 2489 eundem
3621 2438 3836 2512 quon-

1032 2542 1193 2613 dam
1266 2542 1591 2629 electum,
1637 2547 1793 2634 post
1834 2537 2447 2630 transgressionem
2488 2560 2713 2629 suam,
2758 2559 2800 2610 a
2842 2538 3029 2612 dicto
3067 2560 3231 2633 rege
3275 2540 3349 2612 C.
3393 2536 3536 2612 filio
3598 2552 3832 2615 nostro

1032 2665 1285 2737 dicitur
1330 2661 1536 2732 fuisse
1569 2670 1992 2754 susceptum,
2028 2660 2253 2733 eidem
2280 2662 2368 2733 H.
2412 2663 2634 2735 electo
2660 2662 2733 2733 in
2756 2684 3039 2734 suorum
3066 2664 3473 2759 recepcione
3501 2666 3832 2756 regalium

1030 2786 1357 2858 duximus
1384 2784 1900 2878 resignandum,
1933 2784 2296 2880 indignum
2320 2795 2720 2883 reputantes
2741 2808 2784 2857 a
2820 2796 3323 2880 transgressore
3349 2797 3611 2882 tenere,
3643 2788 3833 2882 quod

1029 2914 1100 2984 in
1146 2911 1296 2982 aliis
1330 2909 1657 2982 duximus
1700 2907 2134 2983 irritandum.
2177 2910 2288 2983 Ad
2333 2911 2533 3002 cujus
2573 2911 2674 2983 rei
2724 2910 3128 2982 memoriam
3175 2932 3463 3007 presens
3501 2913 3829 3009 scriptum

1029 3034 1206 3127 fieri,
1234 3045 1304 3106 et
1332 3034 1709 3127 majestatis
1740 3043 1974 3106 nostre
2002 3033 2226 3126 sigillo
2250 3034 2581 3126 jussimus
2608 3035 3044 3107 communiri.

1124 3163 1372 3230 Datum
1409 3157 1479 3228 in
1511 3155 1752 3229 castris
1782 3178 1995 3253 prope
2032 3157 2431 3230 Avezanum
2474 3157 2545 3228 in
2583 3157 2866 3247 Celano,
2906 3180 3093 3232 anno
3130 3159 3473 3232 dominice
3509 3159 3828 3233 incarna-

1032 3281 1234 3353 tionis
1316 3279 1680 3352 millesimo
1734 3279 2207 3354 ducentesimo
2273 3280 2803 3374 quadragesimo
2884 3280 3232 3374 secundo,
3291 3303 3530 3355 mense
3605 3284 3823 3376 junii,

1030 3404 1539 3499 quintedecime
1564 3404 1983 3477 indictionis.

684 4020 908 4131 ¹233ss
1128 4017 1550 4100 Fridericus
1571 4076 1594 4121 ,
1636 4015 2153 4097 Romanorum
2189 4015 2630 4124 imperator,
2680 4016 3170 4124 Ramungum
3218 4016 3315 4098 de
3356 4013 3826 4097 Kamerstein

656 4129 927 4175 Aramum

667 4186 715 4225 s„
734 4184 920 4239 cam,
1022 4158 1098 4231 et
1144 4146 1641 4231 butullarium
1676 4148 1771 4231 de
1815 4145 2299 4231 Nuorenberc
2342 4147 2730 4231 constituit
2764 4155 3288 4257 procuratores
3305 4208 3330 4251 ,
3373 4147 3507 4255 qui
3549 4144 3627 4227 in
3665 4144 3824 4228 do-

718 4237 861 4289 junio.

1098 4456 1170 4529 (t)
1205 4455 1604 4526 verisimiliter,
1646 4462 1708 4512 ut
1744 4461 1928 4514 monet
1964 4456 2321 4529 Boehmerus,
2365 4455 2647 4514 Heinricus
2687 4455 3095 4529 Bambergensis
3137 4456 3340 4514 electus
3374 4469 3484 4512 una
3525 4454 3826 4526 eademque

1020 4569 1252 4629 persona
1275 4559 1360 4611 est
1376 4567 1439 4611 ac
1465 4552 1568 4611 iste
1586 4552 1864 4610 Heinricus
1880 4553 1948 4610 de
1964 4553 2178 4614 Catania
2191 4568 2354 4629 supra
2371 4558 2698 4613 memoratus
2725 4569 2852 4611 cum
2877 4554 3032 4611 titulo
3058 4553 3404 4627 protonotarii
3422 4551 3566 4610 sacri
3589 4550 3820 4623 imperii.

1019 4654 1143 4714 Vid.
1171 4666 1359 4726 supra,
1387 4668 1443 4724 p.
1473 4652 1562 4708 u.
