<?xml version="1.0" encoding="UTF-8"?>
<!DOCTYPE html PUBLIC "-//W3C//DTD XHTML 1.0 Transitional//EN"
    "http://www.w3.org/TR/xhtml1/DTD/xhtml1-transitional.dtd">
<html xmlns="http://www.w3.org/1999/xhtml" xml:lang="en" lang="en">
 <head>
  <title>
</title>
<meta http-equiv="Content-Type" content="text/html;charset=utf-8" />
  <meta name='ocr-system' content='tesseract 3.04.00' />
  <meta name='ocr-capabilities' content='ocr_page ocr_carea ocr_par ocr_line ocrx_word'/>
</head>
<body>
  <div class='ocr_page' id='page_1' title='image "./historiadiploma00degoog_0173.png"; bbox 0 0 4364 5738; ppageno 0'>
   <div class='ocr_carea' id='block_1_1' title="bbox 522 504 3358 589">
    <p class='ocr_par' dir='ltr' id='par_1_1' title="bbox 522 504 3358 589">
     <span class='ocr_line' id='line_1_1' title="bbox 522 504 3358 589; baseline -0.004 -12"><span class='ocrx_word' id='word_1_1' title='bbox 522 520 722 577; x_wconf 66' lang='lat' dir='ltr'>[norm.</span> <span class='ocrx_word' id='word_1_2' title='bbox 754 513 846 589; x_wconf 73' lang='grc'>2.]</span> <span class='ocrx_word' id='word_1_3' title='bbox 1416 504 1812 565; x_wconf 81' lang='lat' dir='ltr'>HISTORIA</span> <span class='ocrx_word' id='word_1_4' title='bbox 1863 506 2458 568; x_wconf 77' lang='lat' dir='ltr'>DIPLOMATicA.</span> <span class='ocrx_word' id='word_1_5' title='bbox 3245 511 3358 579; x_wconf 65' lang='lat'>1‘59</span> 
     </span>
    </p>
   </div>
   <div class='ocr_carea' id='block_1_2' title="bbox 517 639 3358 1606">
    <p class='ocr_par' dir='ltr' id='par_1_2' title="bbox 517 639 3358 1606">
     <span class='ocr_line' id='line_1_2' title="bbox 521 639 3351 748; baseline 0 -25"><span class='ocrx_word' id='word_1_6' title='bbox 521 649 931 748; x_wconf 85' lang='lat' dir='ltr'>continuum</span> <span class='ocrx_word' id='word_1_7' title='bbox 971 641 1161 714; x_wconf 89' lang='lat' dir='ltr'>curie</span> <span class='ocrx_word' id='word_1_8' title='bbox 1202 648 1439 712; x_wconf 90' lang='lat' dir='ltr'>nostre</span> <span class='ocrx_word' id='word_1_9' title='bbox 1461 639 1814 731; x_wconf 90' lang='lat' dir='ltr'>judicibus</span> <span class='ocrx_word' id='word_1_10' title='bbox 1849 640 2037 734; x_wconf 91' lang='lat' dir='ltr'>apud</span> <span class='ocrx_word' id='word_1_11' title='bbox 2066 662 2244 734; x_wconf 91' lang='lat' dir='ltr'>quos</span> <span class='ocrx_word' id='word_1_12' title='bbox 2276 651 2468 734; x_wconf 89' lang='lat' dir='ltr'>gesta</span> <span class='ocrx_word' id='word_1_13' title='bbox 2504 644 2593 715; x_wconf 88' lang='lat' dir='ltr'>de</span> <span class='ocrx_word' id='word_1_14' title='bbox 2632 643 2887 716; x_wconf 90' lang='lat' dir='ltr'>talibus</span> <span class='ocrx_word' id='word_1_15' title='bbox 2919 647 3351 742; x_wconf 88' lang='lat' dir='ltr'>residebunt,</span> 
     </span>
     <span class='ocr_line' id='line_1_3' title="bbox 518 762 3358 870; baseline 0.001 -26"><span class='ocrx_word' id='word_1_16' title='bbox 518 774 926 870; x_wconf 89' lang='lat' dir='ltr'>priusquam</span> <span class='ocrx_word' id='word_1_17' title='bbox 979 766 1073 839; x_wconf 93' lang='lat' dir='ltr'>ad</span> <span class='ocrx_word' id='word_1_18' title='bbox 1126 764 1411 837; x_wconf 87' lang='lat' dir='ltr'>alterius</span> <span class='ocrx_word' id='word_1_19' title='bbox 1461 762 1797 836; x_wconf 86' lang='lat' dir='ltr'>ratiocinii</span> <span class='ocrx_word' id='word_1_20' title='bbox 1842 765 2189 835; x_wconf 90' lang='lat' dir='ltr'>calculum</span> <span class='ocrx_word' id='word_1_21' title='bbox 2236 766 2669 856; x_wconf 81' lang='lat' dir='ltr'>admittatur,</span> <span class='ocrx_word' id='word_1_22' title='bbox 2717 790 2842 864; x_wconf 87' lang='lat' dir='ltr'>per</span> <span class='ocrx_word' id='word_1_23' title='bbox 2883 792 2997 861; x_wconf 88' lang='lat' dir='ltr'>se,</span> <span class='ocrx_word' id='word_1_24' title='bbox 3043 795 3186 844; x_wconf 89' lang='lat' dir='ltr'>non</span> <span class='ocrx_word' id='word_1_25' title='bbox 3231 796 3358 868; x_wconf 90' lang='lat' dir='ltr'>per</span> 
     </span>
     <span class='ocr_line' id='line_1_4' title="bbox 519 886 3357 992; baseline 0 -23"><span class='ocrx_word' id='word_1_26' title='bbox 519 904 1004 992; x_wconf 83' lang='lat' dir='ltr'>procuratores</span> <span class='ocrx_word' id='word_1_27' title='bbox 1038 898 1439 985; x_wconf 89' lang='lat' dir='ltr'>presentare</span> <span class='ocrx_word' id='word_1_28' title='bbox 1481 886 1804 978; x_wconf 89' lang='lat' dir='ltr'>debebit;</span> <span class='ocrx_word' id='word_1_29' title='bbox 1847 887 2249 960; x_wconf 88' lang='lat' dir='ltr'>redditurus</span> <span class='ocrx_word' id='word_1_30' title='bbox 2286 889 2374 962; x_wconf 93' lang='lat' dir='ltr'>de</span> <span class='ocrx_word' id='word_1_31' title='bbox 2402 892 2717 984; x_wconf 89' lang='lat' dir='ltr'>quolibet</span> <span class='ocrx_word' id='word_1_32' title='bbox 2757 896 3079 966; x_wconf 82' lang='lat' dir='ltr'>examine</span> <span class='ocrx_word' id='word_1_33' title='bbox 3108 898 3357 988; x_wconf 90' lang='lat' dir='ltr'>judicii</span> 
     </span>
     <span class='ocr_line' id='line_1_5' title="bbox 518 1010 3354 1109; baseline 0.001 -20"><span class='ocrx_word' id='word_1_34' title='bbox 518 1019 857 1091; x_wconf 87' lang='lat' dir='ltr'>rationem</span> <span class='ocrx_word' id='word_1_35' title='bbox 879 1069 899 1106; x_wconf 90' lang='lat'>,</span> <span class='ocrx_word' id='word_1_36' title='bbox 950 1023 1031 1085; x_wconf 90' lang='lat' dir='ltr'>ut</span> <span class='ocrx_word' id='word_1_37' title='bbox 1082 1011 1373 1105; x_wconf 89' lang='lat' dir='ltr'>quilibet</span> <span class='ocrx_word' id='word_1_38' title='bbox 1421 1011 1533 1081; x_wconf 87' lang='lat' dir='ltr'>vel</span> <span class='ocrx_word' id='word_1_39' title='bbox 1584 1010 1673 1081; x_wconf 90' lang='lat' dir='ltr'>de</span> <span class='ocrx_word' id='word_1_40' title='bbox 1719 1010 2142 1101; x_wconf 81' lang='lat' dir='ltr'>negligentia</span> <span class='ocrx_word' id='word_1_41' title='bbox 2197 1012 2614 1105; x_wconf 82' lang='lat' dir='ltr'>redargutus</span> <span class='ocrx_word' id='word_1_42' title='bbox 2667 1037 2920 1109; x_wconf 91' lang='lat' dir='ltr'>penam</span> <span class='ocrx_word' id='word_1_43' title='bbox 2975 1017 3354 1109; x_wconf 83' lang='lat' dir='ltr'>legitimam</span> 
     </span>
     <span class='ocr_line' id='line_1_6' title="bbox 518 1133 3355 1238; baseline 0 -24"><span class='ocrx_word' id='word_1_44' title='bbox 518 1164 729 1238; x_wconf 91' lang='lat' dir='ltr'>quam</span> <span class='ocrx_word' id='word_1_45' title='bbox 762 1161 908 1211; x_wconf 91' lang='lat' dir='ltr'>non</span> <span class='ocrx_word' id='word_1_46' title='bbox 935 1134 1336 1209; x_wconf 76' lang='lat' dir='ltr'>formidavit</span> <span class='ocrx_word' id='word_1_47' title='bbox 1365 1134 1659 1229; x_wconf 89' lang='lat' dir='ltr'>accipiat</span> <span class='ocrx_word' id='word_1_48' title='bbox 1690 1135 1804 1204; x_wconf 89' lang='lat' dir='ltr'>vel</span> <span class='ocrx_word' id='word_1_49' title='bbox 1835 1133 1924 1205; x_wconf 93' lang='lat' dir='ltr'>de</span> <span class='ocrx_word' id='word_1_50' title='bbox 1949 1134 2308 1228; x_wconf 87' lang='lat' dir='ltr'>diligentia</span> <span class='ocrx_word' id='word_1_51' title='bbox 2338 1138 2864 1232; x_wconf 88' lang='lat' dir='ltr'>comprobetur;</span> <span class='ocrx_word' id='word_1_52' title='bbox 2902 1141 2974 1211; x_wconf 91' lang='lat' dir='ltr'>in</span> <span class='ocrx_word' id='word_1_53' title='bbox 3008 1144 3355 1235; x_wconf 86' lang='lat' dir='ltr'>presentia</span> 
     </span>
     <span class='ocr_line' id='line_1_7' title="bbox 519 1257 3352 1356; baseline -0 -17"><span class='ocrx_word' id='word_1_54' title='bbox 519 1265 1078 1338; x_wconf 88' lang='lat' dir='ltr'>adversariorum</span> <span class='ocrx_word' id='word_1_55' title='bbox 1114 1260 1228 1331; x_wconf 90' lang='lat' dir='ltr'>vel</span> <span class='ocrx_word' id='word_1_56' title='bbox 1269 1257 1768 1330; x_wconf 84' lang='lat' dir='ltr'>contumaciter</span> <span class='ocrx_word' id='word_1_57' title='bbox 1809 1259 2259 1351; x_wconf 85' lang='lat' dir='ltr'>fugitivorum</span> <span class='ocrx_word' id='word_1_58' title='bbox 2291 1262 2412 1354; x_wconf 92' lang='lat' dir='ltr'>qui</span> <span class='ocrx_word' id='word_1_59' title='bbox 2456 1283 2584 1356; x_wconf 89' lang='lat' dir='ltr'>per</span> <span class='ocrx_word' id='word_1_60' title='bbox 2623 1285 3095 1345; x_wconf 86' lang='lat' dir='ltr'>successorem</span> <span class='ocrx_word' id='word_1_61' title='bbox 3146 1288 3352 1338; x_wconf 92' lang='lat' dir='ltr'>suum</span> 
     </span>
     <span class='ocr_line' id='line_1_8' title="bbox 518 1380 3352 1482; baseline -0.001 -21"><span class='ocrx_word' id='word_1_62' title='bbox 518 1390 609 1462; x_wconf 98' lang='lat' dir='ltr'>ad</span> <span class='ocrx_word' id='word_1_63' title='bbox 639 1390 1013 1460; x_wconf 88' lang='lat' dir='ltr'>instantem</span> <span class='ocrx_word' id='word_1_64' title='bbox 1048 1382 1566 1475; x_wconf 88' lang='lat' dir='ltr'>requisitionem</span> <span class='ocrx_word' id='word_1_65' title='bbox 1598 1380 1812 1476; x_wconf 90' lang='lat' dir='ltr'>ipsius</span> <span class='ocrx_word' id='word_1_66' title='bbox 1848 1384 2314 1477; x_wconf 87' lang='lat' dir='ltr'>peremptorie</span> <span class='ocrx_word' id='word_1_67' title='bbox 2348 1385 2546 1455; x_wconf 91' lang='lat' dir='ltr'>citari</span> <span class='ocrx_word' id='word_1_68' title='bbox 2589 1385 2975 1478; x_wconf 90' lang='lat' dir='ltr'>debebunt,</span> <span class='ocrx_word' id='word_1_69' title='bbox 3010 1409 3170 1459; x_wconf 92' lang='lat' dir='ltr'>cum</span> <span class='ocrx_word' id='word_1_70' title='bbox 3201 1389 3352 1482; x_wconf 91' lang='lat' dir='ltr'>ipso</span> 
     </span>
     <span class='ocr_line' id='line_1_9' title="bbox 517 1499 3350 1606; baseline -0.001 -21"><span class='ocrx_word' id='word_1_71' title='bbox 517 1521 752 1585; x_wconf 86' lang='lat' dir='ltr'>nostre</span> <span class='ocrx_word' id='word_1_72' title='bbox 788 1509 980 1583; x_wconf 90' lang='lat' dir='ltr'>curie</span> <span class='ocrx_word' id='word_1_73' title='bbox 1016 1527 1091 1578; x_wconf 90' lang='lat' dir='ltr'>se</span> <span class='ocrx_word' id='word_1_74' title='bbox 1130 1505 1386 1577; x_wconf 88' lang='lat' dir='ltr'>debeat</span> <span class='ocrx_word' id='word_1_75' title='bbox 1422 1512 1863 1598; x_wconf 86' lang='lat' dir='ltr'>presentare,</span> <span class='ocrx_word' id='word_1_76' title='bbox 1908 1499 2046 1606; x_wconf 87' lang='lat' dir='ltr'>[ut]</span> <span class='ocrx_word' id='word_1_77' title='bbox 2079 1506 2366 1599; x_wconf 90' lang='lat' dir='ltr'>perjurii</span> <span class='ocrx_word' id='word_1_78' title='bbox 2400 1527 2652 1600; x_wconf 90' lang='lat' dir='ltr'>penam</span> <span class='ocrx_word' id='word_1_79' title='bbox 2700 1509 3043 1603; x_wconf 89' lang='lat' dir='ltr'>probabili</span> <span class='ocrx_word' id='word_1_80' title='bbox 3084 1511 3350 1581; x_wconf 90' lang='lat' dir='ltr'>ratione</span> 
     </span>
    </p>
   </div>
   <div class='ocr_carea' id='block_1_3' title="bbox 517 1628 3533 1726">
    <p class='ocr_par' dir='ltr' id='par_1_3' title="bbox 517 1628 3533 1726">
     <span class='ocr_line' id='line_1_10' title="bbox 517 1628 3533 1726; baseline -0.002 -17"><span class='ocrx_word' id='word_1_81' title='bbox 517 1635 866 1712; x_wconf 82' lang='lat' dir='ltr'>refundat.</span> <span class='ocrx_word' id='word_1_82' title='bbox 906 1633 1088 1705; x_wconf 92' lang='lat' dir='ltr'>Sane</span> <span class='ocrx_word' id='word_1_83' title='bbox 1130 1629 1188 1700; x_wconf 89' lang='lat' dir='ltr'>si</span> <span class='ocrx_word' id='word_1_84' title='bbox 1228 1628 1594 1723; x_wconf 89' lang='lat' dir='ltr'>quisquam</span> <span class='ocrx_word' id='word_1_85' title='bbox 1642 1628 2045 1702; x_wconf 85' lang='lat' dir='ltr'>inferiorum</span> <span class='ocrx_word' id='word_1_86' title='bbox 2081 1628 2400 1720; x_wconf 89' lang='lat' dir='ltr'>judicum</span> <span class='ocrx_word' id='word_1_87' title='bbox 2431 1632 2868 1726; x_wconf 87' lang='lat' dir='ltr'>questionem</span> <span class='ocrx_word' id='word_1_88' title='bbox 2910 1633 3002 1704; x_wconf 96' lang='lat' dir='ltr'>ad</span> <span class='ocrx_word' id='word_1_89' title='bbox 3053 1656 3126 1705; x_wconf 92' lang='lat' dir='ltr'>se</span> <span class='ocrx_word' id='word_1_90' title='bbox 3170 1635 3347 1706; x_wconf 87' lang='lat' dir='ltr'>forte</span> <span class='ocrx_word' id='word_1_91' title='bbox 3470 1681 3473 1684; x_wconf 95' lang='lat'>-</span> <span class='ocrx_word' id='word_1_92' title='bbox 3524 1671 3533 1678; x_wconf 90' lang='lat'>-</span> 
     </span>
    </p>
   </div>
   <div class='ocr_carea' id='block_1_4' title="bbox 511 1751 3344 2344">
    <p class='ocr_par' dir='ltr' id='par_1_4' title="bbox 511 1751 3344 2344">
     <span class='ocr_line' id='line_1_11' title="bbox 515 1751 3344 1852; baseline -0.002 -18"><span class='ocrx_word' id='word_1_93' title='bbox 515 1761 821 1834; x_wconf 87' lang='lat' dir='ltr'>delatam</span> <span class='ocrx_word' id='word_1_94' title='bbox 853 1756 943 1829; x_wconf 86' lang='lat' dir='ltr'>ad</span> <span class='ocrx_word' id='word_1_95' title='bbox 981 1753 1539 1849; x_wconf 88' lang='lat' dir='ltr'>jurisdictionem</span> <span class='ocrx_word' id='word_1_96' title='bbox 1583 1773 1781 1824; x_wconf 91' lang='lat' dir='ltr'>suam</span> <span class='ocrx_word' id='word_1_97' title='bbox 1827 1751 2101 1823; x_wconf 91' lang='lat' dir='ltr'>dubitat</span> <span class='ocrx_word' id='word_1_98' title='bbox 2129 1821 2134 1828; x_wconf 83' lang='grc'><strong>,</strong></span> <span class='ocrx_word' id='word_1_99' title='bbox 2147 1755 2598 1847; x_wconf 90' lang='lat' dir='ltr'>probabiliter</span> <span class='ocrx_word' id='word_1_100' title='bbox 2637 1757 3025 1852; x_wconf 88' lang='lat' dir='ltr'>pertinere,</span> <span class='ocrx_word' id='word_1_101' title='bbox 3067 1758 3344 1829; x_wconf 91' lang='lat' dir='ltr'>dubita-</span> 
     </span>
     <span class='ocr_line' id='line_1_12' title="bbox 517 1874 3341 1971; baseline 0 -17"><span class='ocrx_word' id='word_1_102' title='bbox 517 1883 721 1954; x_wconf 88' lang='lat' dir='ltr'>tionis</span> <span class='ocrx_word' id='word_1_103' title='bbox 758 1903 885 1952; x_wconf 91' lang='lat' dir='ltr'>sue</span> <span class='ocrx_word' id='word_1_104' title='bbox 923 1899 1205 1950; x_wconf 87' lang='lat' dir='ltr'>causam</span> <span class='ocrx_word' id='word_1_105' title='bbox 1246 1874 1490 1946; x_wconf 89' lang='lat' dir='ltr'>litteris</span> <span class='ocrx_word' id='word_1_106' title='bbox 1526 1874 1669 1945; x_wconf 89' lang='lat' dir='ltr'>suis</span> <span class='ocrx_word' id='word_1_107' title='bbox 1714 1895 1857 1945; x_wconf 92' lang='lat' dir='ltr'>non</span> <span class='ocrx_word' id='word_1_108' title='bbox 1889 1896 2016 1969; x_wconf 91' lang='lat' dir='ltr'>per</span> <span class='ocrx_word' id='word_1_109' title='bbox 2063 1887 2295 1969; x_wconf 90' lang='lat' dir='ltr'>partes</span> <span class='ocrx_word' id='word_1_110' title='bbox 2327 1878 2418 1949; x_wconf 95' lang='lat' dir='ltr'>ad</span> <span class='ocrx_word' id='word_1_111' title='bbox 2467 1879 2728 1950; x_wconf 92' lang='lat' dir='ltr'>curiam</span> <span class='ocrx_word' id='word_1_112' title='bbox 2786 1881 3341 1971; x_wconf 86' lang='lat' dir='ltr'>transmittendo,</span> 
     </span>
     <span class='ocr_line' id='line_1_13' title="bbox 513 1986 3343 2097; baseline -0.001 -19"><span class='ocrx_word' id='word_1_113' title='bbox 513 2004 640 2077; x_wconf 89' lang='lat' dir='ltr'>sed</span> <span class='ocrx_word' id='word_1_114' title='bbox 684 2013 952 2076; x_wconf 91' lang='lat' dir='ltr'>certum</span> <span class='ocrx_word' id='word_1_115' title='bbox 995 2001 1172 2072; x_wconf 87' lang='lat' dir='ltr'>infra</span> <span class='ocrx_word' id='word_1_116' title='bbox 1221 2019 1431 2090; x_wconf 91' lang='lat' dir='ltr'>quem</span> <span class='ocrx_word' id='word_1_117' title='bbox 1471 1996 1994 2091; x_wconf 90' lang='lat' dir='ltr'>responsionem</span> <span class='ocrx_word' id='word_1_118' title='bbox 2033 2009 2359 2092; x_wconf 84' lang='lat' dir='ltr'>expectet</span> <span class='ocrx_word' id='word_1_119' title='bbox 2410 2002 2721 2093; x_wconf 91' lang='lat' dir='ltr'>partibus</span> <span class='ocrx_word' id='word_1_120' title='bbox 2771 2004 3139 2074; x_wconf 91' lang='lat' dir='ltr'>terminum</span> <span class='ocrx_word' id='word_1_121' title='bbox 3186 1986 3343 2097; x_wconf 59' lang='lat' dir='ltr'>press</span> 
     </span>
     <span class='ocr_line' id='line_1_14' title="bbox 511 2120 3341 2220; baseline -0 -20"><span class='ocrx_word' id='word_1_122' title='bbox 511 2126 832 2220; x_wconf 83' lang='lat' dir='ltr'>figendo,</span> <span class='ocrx_word' id='word_1_123' title='bbox 875 2124 1064 2196; x_wconf 91' lang='lat' dir='ltr'>curie</span> <span class='ocrx_word' id='word_1_124' title='bbox 1104 2131 1339 2193; x_wconf 89' lang='lat' dir='ltr'>nostre</span> <span class='ocrx_word' id='word_1_125' title='bbox 1377 2141 1620 2192; x_wconf 90' lang='lat' dir='ltr'>secure</span> <span class='ocrx_word' id='word_1_126' title='bbox 1668 2120 2038 2211; x_wconf 87' lang='lat' dir='ltr'>rescribat,</span> <span class='ocrx_word' id='word_1_127' title='bbox 2068 2121 2208 2213; x_wconf 89' lang='lat' dir='ltr'>juri</span> <span class='ocrx_word' id='word_1_128' title='bbox 2254 2130 2324 2192; x_wconf 90' lang='lat' dir='ltr'>et</span> <span class='ocrx_word' id='word_1_129' title='bbox 2363 2123 2679 2214; x_wconf 87' lang='lat' dir='ltr'>qualitati</span> <span class='ocrx_word' id='word_1_130' title='bbox 2723 2126 2983 2217; x_wconf 88' lang='lat' dir='ltr'>negotii</span> <span class='ocrx_word' id='word_1_131' title='bbox 3025 2149 3065 2198; x_wconf 92' lang='lat' dir='ltr'>a</span> <span class='ocrx_word' id='word_1_132' title='bbox 3108 2139 3341 2199; x_wconf 88' lang='lat' dir='ltr'>nostra</span> 
     </span>
     <span class='ocr_line' id='line_1_15' title="bbox 512 2244 1977 2344; baseline -0.006 -21"><span class='ocrx_word' id='word_1_133' title='bbox 512 2253 704 2324; x_wconf 89' lang='lat' dir='ltr'>curia</span> <span class='ocrx_word' id='word_1_134' title='bbox 739 2269 1148 2344; x_wconf 88' lang='lat' dir='ltr'>responsum</span> <span class='ocrx_word' id='word_1_135' title='bbox 1187 2244 1515 2318; x_wconf 88' lang='lat' dir='ltr'>idoneum</span> <span class='ocrx_word' id='word_1_136' title='bbox 1546 2252 1977 2337; x_wconf 88' lang='lat' dir='ltr'>recepturus.</span> 
     </span>
    </p>
   </div>
   <div class='ocr_carea' id='block_1_5' title="bbox 1435 2500 2411 2589">
    <p class='ocr_par' dir='ltr' id='par_1_5' title="bbox 1435 2500 2411 2589">
     <span class='ocr_line' id='line_1_16' title="bbox 1435 2500 2411 2589; baseline -0.001 -16"><span class='ocrx_word' id='word_1_137' title='bbox 1435 2502 1607 2573; x_wconf 89' lang='lat' dir='ltr'><strong>LIB.</strong></span> <span class='ocrx_word' id='word_1_138' title='bbox 1674 2501 1741 2589; x_wconf 89' lang='lat'>1,</span> <span class='ocrx_word' id='word_1_139' title='bbox 1808 2500 1985 2572; x_wconf 92' lang='lat' dir='ltr'><strong>TIT.</strong></span> <span class='ocrx_word' id='word_1_140' title='bbox 2056 2501 2411 2572; x_wconf 90' lang='lat' dir='ltr'>XXXIX.</span> 
     </span>
    </p>
   </div>
   <div class='ocr_carea' id='block_1_6' title="bbox 941 2664 2897 2761">
    <p class='ocr_par' dir='ltr' id='par_1_6' title="bbox 941 2664 2897 2761">
     <span class='ocr_line' id='line_1_17' title="bbox 941 2664 2897 2761; baseline -0.001 -22"><span class='ocrx_word' id='word_1_141' title='bbox 941 2671 1034 2739; x_wconf 82' lang='lat' dir='ltr'>De</span> <span class='ocrx_word' id='word_1_142' title='bbox 1079 2665 1525 2761; x_wconf 76' lang='lat' dir='ltr'>impetrandis</span> <span class='ocrx_word' id='word_1_143' title='bbox 1575 2664 1815 2736; x_wconf 79' lang='lat' dir='ltr'>litteris</span> <span class='ocrx_word' id='word_1_144' title='bbox 1857 2687 1901 2734; x_wconf 88' lang='lat' dir='ltr'>a</span> <span class='ocrx_word' id='word_1_145' title='bbox 1935 2666 2131 2735; x_wconf 80' lang='lat' dir='ltr'>curia</span> <span class='ocrx_word' id='word_1_146' title='bbox 2162 2667 2478 2757; x_wconf 71' lang='lat' dir='ltr'>maqistri</span> <span class='ocrx_word' id='word_1_147' title='bbox 2504 2668 2897 2757; x_wconf 76' lang='lat' dir='ltr'>justitiarii.</span> 
     </span>
    </p>
   </div>
   <div class='ocr_carea' id='block_1_7' title="bbox 499 2866 3338 4690">
    <p class='ocr_par' dir='ltr' id='par_1_7' title="bbox 499 2866 3338 4690">
     <span class='ocr_line' id='line_1_18' title="bbox 606 2866 3338 2965; baseline -0.001 -20"><span class='ocrx_word' id='word_1_148' title='bbox 606 2873 894 2945; x_wconf 88' lang='lat' dir='ltr'>Litteras</span> <span class='ocrx_word' id='word_1_149' title='bbox 921 2871 1012 2945; x_wconf 88' lang='lat' dir='ltr'>de</span> <span class='ocrx_word' id='word_1_150' title='bbox 1045 2871 1447 2965; x_wconf 79' lang='lat' dir='ltr'>remissione</span> <span class='ocrx_word' id='word_1_151' title='bbox 1479 2867 1793 2964; x_wconf 91' lang='lat' dir='ltr'>predicta</span> <span class='ocrx_word' id='word_1_152' title='bbox 1823 2867 1941 2961; x_wconf 54' lang='lat' dir='ltr'>„vel</span> <span class='ocrx_word' id='word_1_153' title='bbox 1979 2866 2069 2943; x_wconf 91' lang='lat' dir='ltr'>de</span> <span class='ocrx_word' id='word_1_154' title='bbox 2102 2866 2429 2941; x_wconf 89' lang='lat' dir='ltr'>citatione</span> <span class='ocrx_word' id='word_1_155' title='bbox 2469 2889 2679 2963; x_wconf 91' lang='lat' dir='ltr'>super</span> <span class='ocrx_word' id='word_1_156' title='bbox 2714 2869 2941 2941; x_wconf 90' lang='lat' dir='ltr'>causis</span> <span class='ocrx_word' id='word_1_157' title='bbox 2987 2883 3056 2942; x_wconf 89' lang='lat' dir='ltr'>et</span> <span class='ocrx_word' id='word_1_158' title='bbox 3098 2893 3338 2943; x_wconf 90' lang='lat' dir='ltr'>earum</span> 
     </span>
     <span class='ocr_line' id='line_1_19' title="bbox 508 2991 3335 3093; baseline -0.001 -26"><span class='ocrx_word' id='word_1_159' title='bbox 508 2997 945 3093; x_wconf 89' lang='lat' dir='ltr'>processibus</span> <span class='ocrx_word' id='word_1_160' title='bbox 976 2994 1068 3065; x_wconf 94' lang='lat' dir='ltr'>ad</span> <span class='ocrx_word' id='word_1_161' title='bbox 1095 3015 1420 3086; x_wconf 85' lang='lat' dir='ltr'>magnam</span> <span class='ocrx_word' id='word_1_162' title='bbox 1467 2994 1732 3064; x_wconf 90' lang='lat' dir='ltr'>curiam</span> <span class='ocrx_word' id='word_1_163' title='bbox 1772 3000 2080 3064; x_wconf 90' lang='lat' dir='ltr'>nostram</span> <span class='ocrx_word' id='word_1_164' title='bbox 2126 2991 2631 3085; x_wconf 90' lang='lat' dir='ltr'>pertinentibus</span> <span class='ocrx_word' id='word_1_165' title='bbox 2668 3014 2943 3065; x_wconf 90' lang='lat' dir='ltr'>necnon</span> <span class='ocrx_word' id='word_1_166' title='bbox 2986 3017 3195 3089; x_wconf 89' lang='lat' dir='ltr'>super</span> <span class='ocrx_word' id='word_1_167' title='bbox 3226 2997 3335 3066; x_wconf 91' lang='lat' dir='ltr'>in-</span> 
     </span>
     <span class='ocr_line' id='line_1_20' title="bbox 505 3115 3334 3215; baseline 0.001 -26"><span class='ocrx_word' id='word_1_168' title='bbox 505 3118 994 3215; x_wconf 90' lang='lat' dir='ltr'>quisitionibus</span> <span class='ocrx_word' id='word_1_169' title='bbox 1039 3116 1371 3188; x_wconf 84' lang='lat' dir='ltr'>faciendis</span> <span class='ocrx_word' id='word_1_170' title='bbox 1407 3124 1480 3185; x_wconf 90' lang='lat' dir='ltr'>et</span> <span class='ocrx_word' id='word_1_171' title='bbox 1523 3115 1615 3187; x_wconf 91' lang='lat' dir='ltr'>ad</span> <span class='ocrx_word' id='word_1_172' title='bbox 1654 3116 1918 3187; x_wconf 91' lang='lat' dir='ltr'>curiam</span> <span class='ocrx_word' id='word_1_173' title='bbox 1960 3125 2269 3186; x_wconf 90' lang='lat' dir='ltr'>nostram</span> <span class='ocrx_word' id='word_1_174' title='bbox 2312 3115 2745 3187; x_wconf 88' lang='lat' dir='ltr'>remittendis</span> <span class='ocrx_word' id='word_1_175' title='bbox 2795 3128 2867 3188; x_wconf 93' lang='lat' dir='ltr'>et</span> <span class='ocrx_word' id='word_1_176' title='bbox 2908 3118 3190 3190; x_wconf 90' lang='lat' dir='ltr'>demum</span> <span class='ocrx_word' id='word_1_177' title='bbox 3247 3121 3334 3193; x_wconf 93' lang='lat' dir='ltr'>de</span> 
     </span>
     <span class='ocr_line' id='line_1_21' title="bbox 507 3234 3336 3337; baseline 0.002 -25"><span class='ocrx_word' id='word_1_178' title='bbox 507 3242 822 3337; x_wconf 89' lang='lat' dir='ltr'>qualibet</span> <span class='ocrx_word' id='word_1_179' title='bbox 861 3239 1168 3332; x_wconf 88' lang='lat' dir='ltr'>justitia,</span> <span class='ocrx_word' id='word_1_180' title='bbox 1221 3238 1467 3309; x_wconf 89' lang='lat' dir='ltr'>ordine</span> <span class='ocrx_word' id='word_1_181' title='bbox 1523 3239 1919 3333; x_wconf 90' lang='lat' dir='ltr'>supradicto</span> <span class='ocrx_word' id='word_1_182' title='bbox 1978 3249 2291 3330; x_wconf 88' lang='lat' dir='ltr'>servato,</span> <span class='ocrx_word' id='word_1_183' title='bbox 2347 3239 2478 3310; x_wconf 92' lang='lat' dir='ltr'>sub</span> <span class='ocrx_word' id='word_1_184' title='bbox 2528 3234 2723 3312; x_wconf 85' lang='lat' dir='ltr'>¹titulo</span> <span class='ocrx_word' id='word_1_185' title='bbox 2774 3243 2992 3314; x_wconf 89' lang='lat' dir='ltr'>nostri</span> <span class='ocrx_word' id='word_1_186' title='bbox 3039 3244 3336 3317; x_wconf 88' lang='lat' dir='ltr'>nominis</span> 
     </span>
     <span class='ocr_line' id='line_1_22' title="bbox 507 3360 3335 3463; baseline 0.001 -26"><span class='ocrx_word' id='word_1_187' title='bbox 507 3376 580 3437; x_wconf 88' lang='lat' dir='ltr'>et</span> <span class='ocrx_word' id='word_1_188' title='bbox 609 3363 893 3459; x_wconf 90' lang='lat' dir='ltr'>speciali</span> <span class='ocrx_word' id='word_1_189' title='bbox 931 3362 1154 3455; x_wconf 88' lang='lat' dir='ltr'>sigillo</span> <span class='ocrx_word' id='word_1_190' title='bbox 1187 3370 1426 3433; x_wconf 86' lang='lat' dir='ltr'>nostro</span> <span class='ocrx_word' id='word_1_191' title='bbox 1455 3361 1647 3454; x_wconf 93' lang='lat' dir='ltr'>quod</span> <span class='ocrx_word' id='word_1_192' title='bbox 1678 3360 1768 3432; x_wconf 89' lang='lat' dir='ltr'>de</span> <span class='ocrx_word' id='word_1_193' title='bbox 1790 3361 2060 3452; x_wconf 86' lang='lat' dir='ltr'>justitia</span> <span class='ocrx_word' id='word_1_194' title='bbox 2101 3360 2255 3432; x_wconf 86' lang='lat' dir='ltr'>fieri</span> <span class='ocrx_word' id='word_1_195' title='bbox 2290 3363 2774 3436; x_wconf 89' lang='lat' dir='ltr'>mandavimus</span> <span class='ocrx_word' id='word_1_196' title='bbox 2811 3374 2881 3436; x_wconf 90' lang='lat' dir='ltr'>et</span> <span class='ocrx_word' id='word_1_197' title='bbox 2918 3367 3109 3458; x_wconf 93' lang='lat' dir='ltr'>quod</span> <span class='ocrx_word' id='word_1_198' title='bbox 3144 3369 3335 3463; x_wconf 91' lang='lat' dir='ltr'>apud</span> 
     </span>
     <span class='ocr_line' id='line_1_23' title="bbox 500 3484 3334 3581; baseline 0.001 -22"><span class='ocrx_word' id='word_1_199' title='bbox 500 3488 773 3580; x_wconf 90' lang='lat' dir='ltr'>judices</span> <span class='ocrx_word' id='word_1_200' title='bbox 820 3487 1014 3559; x_wconf 90' lang='lat' dir='ltr'>curie</span> <span class='ocrx_word' id='word_1_201' title='bbox 1045 3495 1281 3558; x_wconf 89' lang='lat' dir='ltr'>nostre</span> <span class='ocrx_word' id='word_1_202' title='bbox 1325 3484 1629 3556; x_wconf 90' lang='lat' dir='ltr'>residere</span> <span class='ocrx_word' id='word_1_203' title='bbox 1665 3485 2028 3576; x_wconf 81' lang='lat' dir='ltr'>jubemus,</span> <span class='ocrx_word' id='word_1_204' title='bbox 2071 3486 2159 3557; x_wconf 90' lang='lat' dir='ltr'>de</span> <span class='ocrx_word' id='word_1_205' title='bbox 2193 3486 2481 3557; x_wconf 90' lang='lat' dir='ltr'>consilio</span> <span class='ocrx_word' id='word_1_206' title='bbox 2513 3486 2985 3581; x_wconf 92' lang='lat' dir='ltr'>predictorum</span> <span class='ocrx_word' id='word_1_207' title='bbox 3023 3492 3334 3563; x_wconf 91' lang='lat' dir='ltr'>omnium</span> 
     </span>
     <span class='ocr_line' id='line_1_24' title="bbox 499 3608 3331 3705; baseline 0.001 -23"><span class='ocrx_word' id='word_1_208' title='bbox 499 3612 813 3702; x_wconf 85' lang='lat' dir='ltr'>judicum</span> <span class='ocrx_word' id='word_1_209' title='bbox 856 3610 1063 3683; x_wconf 90' lang='lat' dir='ltr'>scribi</span> <span class='ocrx_word' id='word_1_210' title='bbox 1107 3611 1430 3681; x_wconf 87' lang='lat' dir='ltr'>volumus</span> <span class='ocrx_word' id='word_1_211' title='bbox 1474 3619 1545 3680; x_wconf 94' lang='lat' dir='ltr'>et</span> <span class='ocrx_word' id='word_1_212' title='bbox 1582 3608 1791 3680; x_wconf 92' lang='lat' dir='ltr'>etiam</span> <span class='ocrx_word' id='word_1_213' title='bbox 1830 3609 2138 3700; x_wconf 89' lang='lat' dir='ltr'>sigillari.</span> <span class='ocrx_word' id='word_1_214' title='bbox 2186 3610 2594 3704; x_wconf 90' lang='lat' dir='ltr'>Specialiter</span> <span class='ocrx_word' id='word_1_215' title='bbox 2632 3619 2867 3681; x_wconf 91' lang='lat' dir='ltr'>autem</span> <span class='ocrx_word' id='word_1_216' title='bbox 2906 3611 3180 3684; x_wconf 92' lang='lat' dir='ltr'>duobus</span> <span class='ocrx_word' id='word_1_217' title='bbox 3216 3616 3331 3705; x_wconf 89' lang='lat' dir='ltr'>ju-</span> 
     </span>
     <span class='ocr_line' id='line_1_25' title="bbox 506 3731 3328 3828; baseline -0.001 -20"><span class='ocrx_word' id='word_1_218' title='bbox 506 3735 776 3808; x_wconf 91' lang='lat' dir='ltr'>dicibus</span> <span class='ocrx_word' id='word_1_219' title='bbox 817 3735 891 3806; x_wconf 93' lang='lat' dir='ltr'>in</span> <span class='ocrx_word' id='word_1_220' title='bbox 932 3734 1123 3807; x_wconf 88' lang='lat' dir='ltr'>curia</span> <span class='ocrx_word' id='word_1_221' title='bbox 1154 3742 1393 3805; x_wconf 91' lang='lat' dir='ltr'>nostra</span> <span class='ocrx_word' id='word_1_222' title='bbox 1448 3732 1724 3804; x_wconf 89' lang='lat' dir='ltr'>statutis</span> <span class='ocrx_word' id='word_1_223' title='bbox 1768 3731 1888 3824; x_wconf 92' lang='lat' dir='ltr'>qui</span> <span class='ocrx_word' id='word_1_224' title='bbox 1937 3752 2173 3803; x_wconf 92' lang='lat' dir='ltr'>secum</span> <span class='ocrx_word' id='word_1_225' title='bbox 2215 3754 2434 3802; x_wconf 91' lang='lat' dir='ltr'>unum</span> <span class='ocrx_word' id='word_1_226' title='bbox 2477 3733 2819 3804; x_wconf 88' lang='lat' dir='ltr'>notarium</span> <span class='ocrx_word' id='word_1_227' title='bbox 2862 3732 2952 3803; x_wconf 91' lang='lat' dir='ltr'>ad</span> <span class='ocrx_word' id='word_1_228' title='bbox 2988 3732 3122 3805; x_wconf 92' lang='lat' dir='ltr'>hoc</span> <span class='ocrx_word' id='word_1_229' title='bbox 3169 3755 3328 3828; x_wconf 92' lang='lat' dir='ltr'>spe-</span> 
     </span>
     <span class='ocr_line' id='line_1_26' title="bbox 505 3856 3330 3954; baseline -0 -24"><span class='ocrx_word' id='word_1_230' title='bbox 505 3857 768 3932; x_wconf 88' lang='lat' dir='ltr'>cialiter</span> <span class='ocrx_word' id='word_1_231' title='bbox 814 3859 1225 3954; x_wconf 90' lang='lat' dir='ltr'>deputatum</span> <span class='ocrx_word' id='word_1_232' title='bbox 1275 3857 1670 3946; x_wconf 91' lang='lat' dir='ltr'>habebunt,</span> <span class='ocrx_word' id='word_1_233' title='bbox 1725 3856 2149 3949; x_wconf 89' lang='lat' dir='ltr'>injungimus</span> <span class='ocrx_word' id='word_1_234' title='bbox 2193 3866 2273 3928; x_wconf 91' lang='lat' dir='ltr'>ut</span> <span class='ocrx_word' id='word_1_235' title='bbox 2321 3856 2800 3950; x_wconf 89' lang='lat' dir='ltr'>inquisitiones</span> <span class='ocrx_word' id='word_1_236' title='bbox 2849 3857 3066 3927; x_wconf 83' lang='lat' dir='ltr'>factas</span> <span class='ocrx_word' id='word_1_237' title='bbox 3112 3866 3182 3928; x_wconf 90' lang='lat' dir='ltr'>et</span> <span class='ocrx_word' id='word_1_238' title='bbox 3239 3858 3330 3930; x_wconf 91' lang='lat' dir='ltr'>ad</span> 
     </span>
     <span class='ocr_line' id='line_1_27' title="bbox 504 3979 3329 4074; baseline -0 -20"><span class='ocrx_word' id='word_1_239' title='bbox 504 3982 765 4055; x_wconf 88' lang='lat' dir='ltr'>curiam</span> <span class='ocrx_word' id='word_1_240' title='bbox 801 3993 1109 4055; x_wconf 88' lang='lat' dir='ltr'>nostram</span> <span class='ocrx_word' id='word_1_241' title='bbox 1140 3982 1383 4054; x_wconf 89' lang='lat' dir='ltr'>missas</span> <span class='ocrx_word' id='word_1_242' title='bbox 1418 4003 1579 4053; x_wconf 92' lang='lat' dir='ltr'>cum</span> <span class='ocrx_word' id='word_1_243' title='bbox 1624 3980 1816 4053; x_wconf 90' lang='lat' dir='ltr'>omni</span> <span class='ocrx_word' id='word_1_244' title='bbox 1866 3980 2228 4073; x_wconf 89' lang='lat' dir='ltr'>diligentia</span> <span class='ocrx_word' id='word_1_245' title='bbox 2261 3979 2583 4069; x_wconf 87' lang='lat' dir='ltr'>videant,</span> <span class='ocrx_word' id='word_1_246' title='bbox 2620 3979 2923 4074; x_wconf 79' lang='lat' dir='ltr'>probata.</span> <span class='ocrx_word' id='word_1_247' title='bbox 2957 3979 3329 4053; x_wconf 87' lang='lat' dir='ltr'>discutiant</span> 
     </span>
     <span class='ocr_line' id='line_1_28' title="bbox 500 4082 3327 4198; baseline -0 -21"><span class='ocrx_word' id='word_1_248' title='bbox 500 4115 571 4177; x_wconf 91' lang='lat' dir='ltr'>et</span> <span class='ocrx_word' id='word_1_249' title='bbox 602 4105 885 4181; x_wconf 90' lang='lat' dir='ltr'>demum</span> <span class='ocrx_word' id='word_1_250' title='bbox 922 4106 1255 4178; x_wconf 88' lang='lat' dir='ltr'>relatione</span> <span class='ocrx_word' id='word_1_251' title='bbox 1285 4105 1378 4178; x_wconf 92' lang='lat' dir='ltr'>ad</span> <span class='ocrx_word' id='word_1_252' title='bbox 1405 4104 1813 4198; x_wconf 90' lang='lat' dir='ltr'>magistrum</span> <span class='ocrx_word' id='word_1_253' title='bbox 1838 4104 2289 4196; x_wconf 84' lang='lat' dir='ltr'>justitiarium</span> <span class='ocrx_word' id='word_1_254' title='bbox 2322 4113 2393 4174; x_wconf 90' lang='lat' dir='ltr'>et</span> <span class='ocrx_word' id='word_1_255' title='bbox 2416 4102 2691 4194; x_wconf 83' lang='lat' dir='ltr'>judices</span> <span class='ocrx_word' id='word_1_256' title='bbox 2725 4082 2997 4189; x_wconf 56' lang='lat' dir='ltr'>nostfos</span> <span class='ocrx_word' id='word_1_257' title='bbox 3027 4103 3232 4196; x_wconf 85' lang='lat' dir='ltr'>facta,</span> <span class='ocrx_word' id='word_1_258' title='bbox 3267 4106 3327 4178; x_wconf 93' lang='lat' dir='ltr'>si</span> 
     </span>
     <span class='ocr_line' id='line_1_29' title="bbox 501 4223 3325 4323; baseline -0 -22"><span class='ocrx_word' id='word_1_259' title='bbox 501 4251 642 4323; x_wconf 89' lang='lat' dir='ltr'>que</span> <span class='ocrx_word' id='word_1_260' title='bbox 681 4239 1010 4323; x_wconf 89' lang='lat' dir='ltr'>suntque</span> <span class='ocrx_word' id='word_1_261' title='bbox 1046 4228 1468 4301; x_wconf 88' lang='lat' dir='ltr'>conscientia</span> <span class='ocrx_word' id='word_1_262' title='bbox 1509 4236 1746 4299; x_wconf 90' lang='lat' dir='ltr'>nostra</span> <span class='ocrx_word' id='word_1_263' title='bbox 1785 4248 1929 4300; x_wconf 91' lang='lat' dir='ltr'>non</span> <span class='ocrx_word' id='word_1_264' title='bbox 1970 4234 2265 4318; x_wconf 90' lang='lat' dir='ltr'>egeant,</span> <span class='ocrx_word' id='word_1_265' title='bbox 2303 4245 2548 4296; x_wconf 88' lang='lat' dir='ltr'>causas</span> <span class='ocrx_word' id='word_1_266' title='bbox 2579 4223 3103 4317; x_wconf 90' lang='lat' dir='ltr'>inquisitionum</span> <span class='ocrx_word' id='word_1_267' title='bbox 3139 4227 3325 4322; x_wconf 91' lang='lat' dir='ltr'>ipsa-</span> 
     </span>
     <span class='ocr_line' id='line_1_30' title="bbox 501 4347 3326 4447; baseline 0 -24"><span class='ocrx_word' id='word_1_268' title='bbox 501 4374 657 4424; x_wconf 91' lang='lat' dir='ltr'>rum</span> <span class='ocrx_word' id='word_1_269' title='bbox 677 4407 697 4444; x_wconf 91' lang='lat'>,</span> <span class='ocrx_word' id='word_1_270' title='bbox 745 4353 906 4424; x_wconf 85' lang='lat' dir='ltr'>data</span> <span class='ocrx_word' id='word_1_271' title='bbox 943 4352 1144 4447; x_wconf 87' lang='lat' dir='ltr'>copia</span> <span class='ocrx_word' id='word_1_272' title='bbox 1176 4352 1488 4447; x_wconf 81' lang='lat' dir='ltr'>partibus</span> <span class='ocrx_word' id='word_1_273' title='bbox 1517 4372 1660 4444; x_wconf 86' lang='lat' dir='ltr'>que</span> <span class='ocrx_word' id='word_1_274' title='bbox 1705 4371 1846 4422; x_wconf 88' lang='lat' dir='ltr'>non</span> <span class='ocrx_word' id='word_1_275' title='bbox 1889 4347 2305 4440; x_wconf 80' lang='lat' dir='ltr'>subterfugii</span> <span class='ocrx_word' id='word_1_276' title='bbox 2345 4369 2626 4419; x_wconf 90' lang='lat' dir='ltr'>causam</span> <span class='ocrx_word' id='word_1_277' title='bbox 2674 4352 3063 4442; x_wconf 88' lang='lat' dir='ltr'>querebant</span> <span class='ocrx_word' id='word_1_278' title='bbox 3107 4354 3326 4423; x_wconf 90' lang='lat' dir='ltr'>recla-</span> 
     </span>
     <span class='ocr_line' id='line_1_31' title="bbox 500 4471 3322 4571; baseline 0 -23"><span class='ocrx_word' id='word_1_279' title='bbox 500 4472 744 4549; x_wconf 85' lang='lat' dir='ltr'>mandi</span> <span class='ocrx_word' id='word_1_280' title='bbox 768 4474 1081 4567; x_wconf 86' lang='lat' dir='ltr'>licentia,</span> <span class='ocrx_word' id='word_1_281' title='bbox 1119 4475 1415 4571; x_wconf 90' lang='lat' dir='ltr'>predicti</span> <span class='ocrx_word' id='word_1_282' title='bbox 1448 4475 1776 4567; x_wconf 92' lang='lat' dir='ltr'>magister</span> <span class='ocrx_word' id='word_1_283' title='bbox 1792 4471 2205 4565; x_wconf 87' lang='lat' dir='ltr'>justitiarius</span> <span class='ocrx_word' id='word_1_284' title='bbox 2234 4480 2304 4542; x_wconf 92' lang='lat' dir='ltr'>et</span> <span class='ocrx_word' id='word_1_285' title='bbox 2331 4471 2610 4563; x_wconf 88' lang='lat' dir='ltr'>judices</span> <span class='ocrx_word' id='word_1_286' title='bbox 2640 4493 2800 4544; x_wconf 93' lang='lat' dir='ltr'>cum</span> <span class='ocrx_word' id='word_1_287' title='bbox 2834 4495 3105 4546; x_wconf 91' lang='lat' dir='ltr'>summa</span> <span class='ocrx_word' id='word_1_288' title='bbox 3137 4478 3322 4548; x_wconf 88' lang='lat' dir='ltr'>cele-</span> 
     </span>
     <span class='ocr_line' id='line_1_32' title="bbox 500 4580 3322 4690; baseline -0.001 -18"><span class='ocrx_word' id='word_1_289' title='bbox 500 4602 703 4674; x_wconf 86' lang='lat' dir='ltr'>ritate</span> <span class='ocrx_word' id='word_1_290' title='bbox 758 4600 1110 4674; x_wconf 87' lang='lat' dir='ltr'>decidant.</span> <span class='ocrx_word' id='word_1_291' title='bbox 1171 4598 1756 4672; x_wconf 86' lang='lat' dir='ltr'>Denunciationes</span> <span class='ocrx_word' id='word_1_292' title='bbox 1809 4605 2044 4668; x_wconf 88' lang='lat' dir='ltr'>autem</span> <span class='ocrx_word' id='word_1_293' title='bbox 2105 4580 2232 4690; x_wconf 89' lang='lat' dir='ltr'>pro</span> <span class='ocrx_word' id='word_1_294' title='bbox 2303 4596 2504 4668; x_wconf 90' lang='lat' dir='ltr'>nobis</span> <span class='ocrx_word' id='word_1_295' title='bbox 2567 4598 2681 4668; x_wconf 89' lang='lat' dir='ltr'>vel</span> <span class='ocrx_word' id='word_1_296' title='bbox 2750 4607 2993 4669; x_wconf 91' lang='lat' dir='ltr'>contra</span> <span class='ocrx_word' id='word_1_297' title='bbox 3059 4601 3322 4671; x_wconf 87' lang='lat' dir='ltr'>curiam</span> 
     </span>
    </p>
   </div>
  </div>
 </body>
</html>
