4364 5738
526 599 730 660 Iunior.
761 599 856 677 4.]
1418 598 1815 662 HISTORIA
1862 601 2459 665 DlPLOMA‘rch.
3235 597 3350 662 431

529 744 600 808 et
626 734 947 830 potencia
973 730 1140 808 fidei
1166 754 1250 807 ac
1277 733 1670 808 devotionis
1695 747 1927 809 vestre
1952 759 2084 809 nec
2110 758 2255 809 non
2283 738 2579 810 aliorum
2606 733 2915 808 fidelium
2942 733 3214 828 imperii
3239 754 3361 829 po-

530 858 790 931 tissime
827 853 1284 931 confidentes.
1322 858 1582 931 Verum
1615 881 1777 931 cum
1811 859 1996 932 inter
2026 882 2271 933 omnes
2297 860 2571 957 imperii
2599 858 2840 932 fideles
2865 880 2992 930 vos
3018 857 3361 953 specialis·

530 982 741 1062 simos
772 991 1203 1079 reputamus,
1235 982 1415 1053 sicut
1449 981 1570 1074 qui
1602 983 1879 1079 pondus
1909 983 2047 1057 diei
2079 992 2152 1055 et
2177 993 2367 1057 estus
2397 982 2840 1072 sustinuistis,
2873 1003 2999 1053 vos
3032 978 3358 1075 prosequi

529 1106 982 1202 proponimus
1009 1105 1199 1178 omni
1228 1106 1462 1198 gracia
1493 1116 1566 1178 et
1599 1107 1864 1180 favore.
1898 1107 2438 1180 Universitatem
2467 1128 2632 1200 ergo
2663 1116 2966 1180 vestram
2997 1125 3361 1178 monemus

531 1240 794 1324 quanto
825 1251 1194 1326 possumus
1224 1228 1665 1302 affectuosius
1707 1241 1779 1302 et
1818 1229 2178 1305 hortamur
2209 1241 2557 1324 quatenus
2591 1252 2751 1303 cum
2782 1229 3089 1301 Ecclesie
3126 1238 3198 1300 et
3226 1227 3359 1300 im÷

534 1353 709 1449 perii
749 1354 1074 1432 columna
1108 1351 1256 1424 sitis
1296 1353 1670 1425 immobilis
1713 1374 1796 1426 ac
1837 1354 2197 1450 provincie
2230 1355 2703 1449 spectaculum
2744 1364 2815 1427 et
2858 1354 3246 1448 exemplar,
3289 1353 3361 1424 in

532 1476 736 1576 solita
769 1475 1141 1548 devotione
1171 1477 1479 1549 Romane
1511 1477 1817 1549 Ecclesie
1846 1487 1918 1550 et
1947 1478 2221 1574 imperii
2247 1487 2647 1552 constanter
2677 1488 2747 1549 et
2780 1477 3071 1550 viriliter
3105 1477 3360 1572 persis-

520 1600 732 1691 tatis,
770 1599 1214 1672 Fredericum
1250 1601 1607 1694 quondam
1648 1602 1967 1675 Cesarem
2014 1603 2374 1675 inimicum
2418 1600 2733 1675 crucifixi
2767 1622 2960 1674 more
2991 1600 3195 1673 solito
3229 1600 3360 1671 im·

533 1734 956 1822 pugnantes.
991 1725 1131 1795 Nos
1179 1724 1364 1795 enim
1410 1735 1684 1797 scutum
1730 1736 1801 1799 et
1842 1725 2152 1818 gladium
2194 1727 2286 1799 ob
2332 1727 2456 1797 Dei
2499 1725 2974 1797 reverenciam
3020 1734 3091 1795 et
3128 1734 3364 1796 sancte

537 1846 777 1919 matris
798 1846 1103 1919 Ecclesia
1127 1848 1478 1920 ereximus
1505 1871 1633 1944 pro
1660 1850 1919 1944 populo
1947 1849 2346 1922 christiano.
2363 1852 2742 1945 Speramus
2768 1849 2951 1921 enim
2976 1849 3047 1919 in
3072 1849 3366 1926 Domino

540 1980 613 2043 et
649 1971 720 2042 in
765 1971 1087 2065 potencia
1128 1971 1405 2044 virtutis
1453 1974 1605 2064 ejus
1650 1972 1750 2043 sic
1790 1973 2226 2065 confringere
2275 1994 2538 2045 cornua
2585 1973 2845 2044 inimici
2892 1971 3084 2066 quod
3127 1981 3366 2043 sancta

542 2103 763 2167 mater
790 2095 1099 2167 Ecclesia
1145 2105 1215 2166 et
1259 2097 1562 2191 populus
1599 2095 2016 2168 christianus
2048 2096 2120 2167 in
2161 2096 2405 2168 sedula
2440 2116 2613 2191 pace
2653 2096 3000 2169 sedebunt
3024 2086 3096 2166 et
3125 2095 3365 2187 requie

539 2219 867 2313 gloriosa.
902 2218 1296 2291 Predictum
1324 2215 1791 2315 G(uifredum)
1820 2221 2349 2292 ambaxatorem
2378 2230 2689 2292 vestrum
2726 2219 2847 2313 qui
2882 2219 2954 2289 in
2987 2228 3365 2313 conspectu

542 2353 782 2415 nostro
801 2342 1197 2416 favorabilis
1225 2354 1297 2415 et
1315 2343 1660 2435 gratiosus
1688 2343 1952 2436 existit,
1981 2344 2287 2438 usquein
2308 2346 2668 2416 solennem
2691 2343 3085 2440 principum
3102 2343 3366 2415 curiam

544 2465 658 2539 die
689 2466 1044 2539 electionis
1070 2476 1305 2539 nostre
1327 2488 1370 2539 a
1387 2467 1587 2539 nobis
1617 2468 1949 2540 indictam
1975 2468 2308 2541 duximus
2340 2468 2817 2560 retinendum;
2850 2489 2990 2561 qua
3020 2468 3367 2543 celebrata

542 2590 769 2686 ipsum
791 2589 1067 2662 favente
1094 2589 1333 2663 divina
1357 2591 1579 2684 gratia
1606 2613 1765 2663 cum
1797 2593 2175 2686 maioribus
2203 2601 2274 2664 et
2300 2592 2700 2665 melioribus
2723 2592 3152 2664 remittemus
3168 2592 3370 2664 vobis

545 2714 956 2786 instructum
979 2712 1039 2811 (4
1058 2713 1116 2812 ).

655 3307 1118 3416 FridericuS,
1173 3310 1692 3394 Romanorum
1743 3310 2184 3420 imperator,
2227 3312 2605 3396 Friderico
2641 3314 2737 3396 de
2774 3314 3173 3398 Antiochia
3214 3313 3373 3399 filio

551 3464 692 3522 suo
735 3452 812 3523 et
859 3440 1152 3550 imperii
1207 3439 1304 3522 in‘
1346 3441 1619 3524 Tuscia
1672 3442 1953 3526 vicario
2013 3443 2347 3553 generali
2403 3443 2848 3526 tabelliones
2903 3444 3246 3555 publicos
3299 3455 3375 3528 et

544 3569 840 3680 judices
876 3571 1303 3655 ordinarios
1348 3572 1429 3652 in
1469 3570 1995 3682 jurisdictione
2039 3573 2279 3683 ipsius
2337 3573 2644 3657 creandi
2689 3586 3135 3684 potestatem
3179 3601 3375 3658 con-

552 3704 789 3811 cedit,
850 3705 1317 3815 mandatque
1384 3715 1470 3787 ut
1518 3714 1672 3786 tres
1718 3702 1951 3787 libras
2017 3730 2063 3786 a
2125 3707 2468 3815 quolibet
2509 3705 2766 3817 judice
2785 3769 2809 3814 ‚
2869 3733 2916 3789 a
2967 3705 3373 3790 tabellione

551 3861 730 3919 vero
766 3863 1001 3920 unam
1041 3837 1319 3921 libram
1356 3863 1535 3921 cum
1565 3838 2004 3948 juramento
2043 3837 2427 3923 fidelitatis
2465 3840 2801 3950 recipiat.
2863 3866 2866 3873 ·

718 4052 905 4132 (Edit.
939 4059 1002 4116 ln
1044 4056 1275 4133 epistol.
1314 4056 1523 4117 Franc.
1559 4054 1862 4130 Bonainll‚
1895 4052 2068 4115 Arde.
2101 4061 2243 4116 ator.
2282 4052 2545 4133 italiam,
2576 4054 2858 4133 append„
2886 4062 2953 4113 n⁶
2984 4062 3091 4130 ω,
3127 4072 3189 4131 p.
3230 4061 3371 4131 ⁴66,

776 4181 878 4225 ex
904 4165 1106 4241 regist.
1136 4169 1318 4223 veter.
1348 4168 1615 4223 coaetan-
1649 4168 1776 4222 not.
1808 4160 2124 4224 Crescentil
2159 4164 2225 4223 in
2250 4163 2413 4223 arch.
2447 4177 2663 4222 comm.
2700 4160 2967 4238 Corton„
2997 4176 3057 4238 p.
3086 4167 3163 4221 96
3190 4166 3372 4224 recto.

629 4424 704 4498 (4)
739 4425 898 4483 Extat
920 4425 1065 4500 apud
1090 4424 1377 4500 Ray'nald„
1402 4424 1606 4482 Amal.
1635 4424 1839 4494 ουσιαι,
1864 4423 1935 4480 ad
1964 4438 2093 4480 ann.
2124 4423 2285 4493 ⁴24⁶,
2315 4422 2350 4496 5
2377 4422 2445 4494 V,
2472 4422 2700 4496 epistola
2729 4423 3023 4483 iunocentii
3045 4426 3137 4498 lv,
3166 4426 3374 4486 archie-

556 4520 777 4596 piscopo
794 4522 1113 4597 ‘maguntino
1136 4522 1362 4593 directa,
1391 4537 1497 4596 qua
1523 4520 1722 4595 gaudet
1743 4520 1812 4577 de
1833 4519 2094 4577 electione
2111 4519 2328 4577 Henrici
2349 4520 2493 4594 regis
2507 4518 2861 4596 hortaturque
2884 4522 2955 4581 ad
2981 4528 3186 4580 tantum
3212 4540 3376 4598 nego-

557 4618 693 4673 tium
713 4618 940 4676 viriliter
961 4619 1415 4693 prosequendum.
1439 4619 1561 4675 Dat.
1590 4616 1855 4691 Lugduni,
1882 4616 1931 4674 V
1958 4616 2081 4674 idus
2100 4616 2238 4690 junii
2267 4616 2319 4690 (9
2343 4618 2523 4692 junii),
2540 4632 2681 4676 anno
2709 4619 2804 4692 111,
2821 4635 2887 4677 ex
2910 4621 3146 4695 Epistol.
3172 4620 3372 4681 eurial.

557 4711 660 4772 lib.
682 4714 783 4787 111,
813 4724 877 4771 n⁰
902 4717 994 4774 21.
1556 4724 1561 4727 ⁴
