4364 5738
569 496 770 554 imm.
804 494 896 571 2.]
1419 465 1428 476 '
1477 491 1869 552 msronm
1920 491 2511 554 mPLOMA'rch.
3289 495 3403 553 175

572 628 995 701 sessionibus
1029 647 1271 699 eorum
1309 634 1381 696 et
1419 625 1622 699 bonis
1653 627 1922 719 integre
1959 627 2314 699 restitutis
2355 630 2458 700 De
2491 626 2837 699 discordia
2877 636 3111 698 autem
3151 629 3403 701 Roma-

445 783 462 792 ·
570 773 820 825 norum
855 750 1183 823 dominus
1214 749 1592 845 imperator
1622 750 1833 821 stabit
1862 749 2283 821 ordinationi
2321 750 2586 822 domini
2617 771 2797 847 pape
2832 761 2903 823 et
2935 752 3222 822 fratrum
3262 762 3401 824 tam
3430 735 3435 740 ¹

570 874 660 947 de
715 874 1152 952 restitutione
1212 873 1626 945 damnorum
1679 873 1842 945 hinc
1892 873 2056 945 inde
2111 874 2432 947 datorum
2484 875 2556 944 in
2609 874 2796 945 bello
2851 875 3001 969 ipso
3055 898 3263 969 quam
3314 877 3403 948 de

570 999 756 1091 aliis;
796 1000 892 1071 ita
930 1008 1160 1070 tamen
1199 998 1386 1091 quod
1420 998 1517 1070 ita
1558 1007 1903 1069 statuatur
1942 996 2033 1069 de
2080 998 2424 1070 discordia
2464 1007 2534 1070 et
2575 997 3027 1069 indemnitate
3077 1020 3394 1089 suorum,

572 1131 871 1217 excepto
907 1132 1135 1193 castro
1171 1120 1478 1193 Anticuli
1515 1118 1604 1191 de
1643 1140 1784 1215 quo
1820 1142 1960 1191 non
1999 1120 2604 1214 compromittitur.
2640 1123 2742 1192 De
2772 1120 3043 1192 damnis
3073 1121 3250 1192 datis
3279 1144 3403 1216 per
3448 1167 3469 1174 -

570 1244 931 1317 dominum
959 1245 1484 1341 imperatorem,
1533 1243 1862 1340 officiales
1901 1253 1972 1315 et
2011 1244 2309 1316 ballivos
2343 1266 2504 1316 suos
2555 1244 2872 1338 prelatiS,
2916 1244 3220 1316 ecclesiis
3264 1257 3401 1315 tam

568 1369 1049 1461 religiosorum
1097 1389 1308 1461 quam
1365 1368 1781 1439 secularium
1825 1370 1940 1439 vel
1991 1368 2145 1440 aliis
2187 1367 2279 1440 de
2330 1369 2661 1440 mandato
2710 1390 2872 1459 suo,
2915 1379 3073 1462 post
3121 1381 3401 1441 senten-

569 1492 735 1565 tiam
762 1495 973 1564 latam
1007 1492 1079 1563 in
1110 1514 1300 1582 eum,
1319 1491 1689 1564 satisfaciet
1722 1492 2045 1563 dominus
2064 1492 2444 1587 imperator
2473 1492 2857 1564 secundum
2888 1493 3400 1586 providentiam

570 1625 643 1689 et
674 1616 1176 1708 benignitatem
1220 1614 1418 1687 Sedis
1460 1613 1894 1709 Apostolice,
1937 1615 2059 1686 ubi
2100 1637 2246 1688 non
2289 1615 2614 1708 intelligit
2658 1615 2983 1687 dominus
3026 1616 3403 1711 imperator

571 1739 1196 1813 damnahostiliter
1226 1739 1389 1811 data
1418 1759 1545 1833 per
1580 1760 1655 1809 se
1696 1748 1818 1809 aut
1853 1759 2016 1810 suos
2052 1739 2428 1811 exercitus.
2470 1740 2804 1831 Gregorio
2836 1739 2925 1811 de
2958 1739 3402 1832 Montelongo

571 1874 641 1936 et
673 1864 996 1937 omnibus
1036 1862 1576 1953 consanguineis
1616 1861 1759 1932 suis
1795 1862 2075 1956 plenam
2120 1882 2366 1956 pacem
2417 1862 2541 1934 dat
2584 1871 2655 1933 et
2690 1861 3156 1933 securitatem.
3193 1864 3398 1934 Terra

570 1987 840 2061 comitis
876 1987 1224 2059 Willielmi
1262 2007 1401 2084 que
1437 1995 1712 2057 tenetur
1742 1986 1834 2057 ab
1868 1986 2178 2057 Ecclesia
2209 1985 2645 2075 restituetur;
2683 1984 2773 2056 de
2813 1986 2951 2056 alia
2991 1995 3172 2057 terra
3208 2008 3398 2058 com·-

449 2203 454 2208 ,
569 2110 1015 2205 promittatur
1051 2110 1123 2180 in
1156 2110 1647 2204 imperatorem
1685 2108 2521 2203 Constantinopolitanum
2552 2106 2680 2204 (a),
2719 2109 3038 2180 dominos
3076 2110 3399 2181 Ottonem

570 2233 996 2308 cardinalem
1042 2242 1114 2305 et
1166 2232 1765 2327 archiepiscopum
1811 2231 2475 2325 Rothomagensem,
2525 2231 2617 2303 ita
2679 2231 2866 2324 quod
2922 2232 3054 2326 ipsi
3112 2232 3200 2303 de
3239 2234 3397 2323 jure

571 2365 998 2449 cognoscant
1037 2356 1217 2428 sicut
1261 2357 1469 2428 fuerit
1515 2355 2103 2447 cognoscendum.
2148 2355 2403 2427 Nuncii
2444 2355 2879 2450 imperatoris
2922 2356 3165 2428 dicunt
3210 2358 3400 2451 quod

571 2480 1134 2574 compromittent
1174 2479 1265 2552 de
1313 2478 1750 2573 possessione
1792 2490 1864 2551 et
1906 2479 2369 2574 proprietate,
2417 2489 2489 2550 et
2527 2479 2732 2550 simul
2785 2491 3282 2571 recognoscent
3330 2491 3401 2553 et

572 2601 907 2675 definient
943 2612 1015 2674 et
1045 2602 1387 2694 jurabunt
1420 2601 1612 2694 quod
1646 2603 1831 2674 bona
1866 2601 2005 2675 fide
2042 2612 2115 2674 et
2145 2602 2297 2674 sine
2350 2602 2593 2674 fraude
2634 2602 3017 2697 studebunt
3065 2603 3398 2676 inducere

571 2726 930 2799 dominum
974 2726 1466 2821 imperatorem
1509 2726 1701 2819 quod
1747 2726 1894 2820 ipse
1937 2726 2243 2821 patiatur
2290 2726 2481 2820 quod
2536 2726 2784 2821 prefati
2840 2726 3103 2799 domini
3152 2751 3398 2824 proce-

574 2850 779 2942 dent,
821 2850 967 2924 sive
1008 2852 1214 2923 simul
1259 2851 1407 2924 sive
1447 2850 1858 2946 separatim,
1895 2850 1985 2923 de
2021 2851 2454 2946 possessione
2501 2859 2573 2923 et
2617 2851 3071 2945 proprietate,
3121 2862 3194 2926 et
3232 2853 3397 2926 dicti

571 2984 713 3048 tres
752 2975 1110 3069 requirent
1148 2975 1509 3048 dominum
1549 2975 2068 3070 imperatorem.
2109 2977 2200 3047 Et
2231 2975 2575 3071 recipiunt
2604 2996 2814 3069 super
2849 2996 2923 3046 se
2964 2976 3157 3067 quod
3188 2998 3399 3072 super

570 3120 658 3171 eo
695 3098 885 3192 apud
921 3097 1283 3170 dominum
1320 3098 1811 3193 imperatorem
1854 3099 2111 3171 facient
2153 3098 2340 3172 bona
2382 3098 2520 3171 fide
2571 3099 2762 3192 quod
2804 3099 3179 3194 imperator
3226 3123 3393 3173 con-

570 3220 827 3293 sentiet
868 3220 1060 3314 quod
1107 3220 1221 3292 isti
1265 3231 1406 3293 tres
1448 3223 1834 3316 procedent
1870 3221 2052 3294 sicut
2093 3222 2194 3293 eis
2238 3221 2592 3294 videbitur
2629 3222 3000 3318 expedire,
3043 3224 3396 3297 audiendo

570 3344 834 3418 scilicet
877 3354 952 3418 et
991 3344 1430 3418 terminando
1471 3367 1752 3417 causam
1794 3345 2052 3439 ipsam,
2093 3346 2240 3417 sive
2286 3345 2492 3416 simul
2529 3345 2617 3417 de
2655 3346 3087 3439 possessione
3129 3357 3200 3418 et
3235 3370 3394 3444 pro·

570 3469 889 3563 prietate,
925 3469 1075 3542 sive
1116 3469 1512 3564 separatim.
1547 3468 1752 3554 Quod
1782 3468 1843 3541 si
1879 3490 2022 3541 non
2059 3490 2306 3541 omnes
2345 3479 2639 3564 possunt
2677 3469 3008 3542 interesse
3044 3480 3116 3542 et
3144 3472 3394 3565 aliquis

570 3614 811 3666 eorum
851 3595 1059 3665 fuerit
1075 3594 1268 3686 justo
1293 3591 1794 3686 impedimento
1825 3591 2177 3684 detentus,
2216 3592 2358 3664 duo
2390 3613 2631 3665 eorum
2657 3592 3060 3686 procedent.

675 4228 1096 4313 Fridericus
1117 4292 1141 4338 ,
1207 4229 1726 4314 Romanorum
1786 4229 2223 4337 imperator,
2287 4226 2637 4310 Conrado
2695 4227 2854 4310 filio
2917 4253 3058 4312 suo
3122 4241 3385 4315 notum

569 4360 747 4446 facit
805 4386 1072 4472 pacem
1134 4361 1333 4444 inter
1376 4360 1632 4470 ipsum
1686 4371 1761 4444 et
1814 4360 2226 4443 Ecclesiam
2291 4358 2527 4442 fuisse
2568 4360 3107 4470 reformatam,
3166 4366 3389 4475 eique

651 4592 738 4675 (a)
777 4593 854 4655 ln
878 4595 1177 4671 impressis
1200 4599 1552 4664 constanter,
1583 4556 1758 4653 male.

3516 4251 3734 4361 aaa,
