4364 5738
592 3338 902 3393 [Septembri-l

979 620 1091 679 126
1966 620 2390 681 FRIDERlCl
2443 621 2788 682 sEcuNm
3410 621 3570 704 [Ass.
3609 624 3784 686 1943.

977 756 1112 826 lem
1150 755 1569 850 Raynerium
1603 765 1673 827 et
1710 755 2033 827 comitem
2068 754 2563 845 Guilhelmum,
2599 765 2869 826 vestros
2896 753 3287 848 proditores
3316 766 3387 826 et
3418 755 3791 851 imperialis

975 879 1272 951 nominis
1309 879 1657 969 inimicoS,
1706 879 1775 949 in
1810 878 2050 951 odium
2094 889 2165 949 et
2205 878 2512 952 dedecus
2555 888 2865 950 vestrum
2915 877 2985 948 in
3032 876 3415 948 Viterbium
3446 879 3789 973 predilec·

980 1014 1118 1074 tam
1164 1013 1464 1074 vestram
1497 1023 1845 1074 cameram
1891 1002 2361 1093 immiserunt,
2409 1011 2481 1073 et
2518 1023 2560 1073 a
2600 1001 2868 1096 prefata
2923 999 3036 1073 die
3076 1001 3396 1073 comitem
3439 1003 3788 1076 Simonem

975 1135 1045 1197 et
1084 1149 1194 1218 me
1227 1128 1452 1221 ipsum
1494 1127 1564 1197 in
1610 1105 1895 1197 castello
1926 1135 2159 1198 vestro
2190 1126 2477 1197 Viterbii
2514 1125 2760 1198 diebus
2807 1145 2891 1196 ac
2932 1123 3255 1196 noctibus
3297 1124 3789 1219 impugnarunt

973 1250 1312 1323 hostiliter
1365 1259 1435 1320 et
1479 1250 1845 1340 instanter,
1888 1248 2271 1345 lapidibus,
2310 1250 2648 1339 arcubus,
2692 1248 2958 1320 balistis
3001 1257 3073 1319 et
3124 1247 3462 1321 machinis
3506 1271 3680 1342 quas
3716 1251 3786 1322 in

973 1375 1366 1472 summitate
1406 1373 1696 1444 turrium
1735 1382 2133 1445 erexerunt.
2174 1374 2262 1446 Et
2288 1373 2593 1446 collectis
2629 1371 3046 1460 latronibus,
3090 1371 3498 1443 forbannitis
3532 1384 3606 1444 et
3635 1395 3789 1468 per·

976 1499 1163 1572 sonis
1218 1497 1562 1570 damnatis
1606 1517 1647 1567 a
1705 1496 1984 1568 remotis
2035 1497 2350 1591 partibus
2406 1506 2477 1568 et
2529 1496 2811 1583 vicinis,
2871 1516 2999 1566 nos
3052 1494 3661 1569 circumdederunt
3710 1506 3790 1568 ut

977 1643 1220 1712 caneS,
1277 1621 1367 1692 ad
1427 1622 1651 1712 majus
1691 1620 1915 1713 ‚etiam
1974 1620 2393 1715 vituperium
2450 1619 2866 1713 quibusdam
2920 1619 3384 1714 papilionibus
3436 1617 3779 1693 antefixis.

979 1744 1274 1818 Proinde
1320 1745 1665 1836 majestati
1697 1754 1928 1816 vestre
1968 1743 2168 1816 flexis
2199 1744 2526 1836 genibus,
2563 1743 2813 1816 vinctis
2845 1744 3163 1815 manibus
3190 1752 3261 1815 et
3291 1744 3588 1816 madidis
3624 1742 3787 1817 fletu

978 1869 1174 1963 genis
1229 1868 1541 1963 supplico
1608 1878 1679 1939 et
1745 1867 2236 1940 instantissima
2292 1888 2500 1962 prece
2564 1888 2734 1959 rogo
2794 1876 3140 1959 quatenus
3200 1866 3296 1937 ad
3354 1866 3789 1940 liberandum

977 1993 1380 2088 complexos
1421 2000 1489 2062 et
1522 1991 1613 2062 ad
1655 1990 2186 2063 confortandum
2234 2012 2355 2062 eos
2395 1991 2516 2084 qui
2554 1990 2784 2062 adhuc
2829 1991 2900 2060 in
2937 1988 3075 2063 fide
3116 2012 3200 2062 ac
3242 1991 3454 2063 vestri
3494 1991 3791 2063 nominis

978 2116 1259 2189 servitio
1330 2126 1819 2211 perseverant,
1874 2116 1965 2187 ad
2021 2115 2570 2188 conculcandum
2639 2115 2974 2204 rebelles,
3027 2114 3482 2209 personaliter
3556 2114 3790 2187 venire

979 2239 1358 2334 dignemini
1394 2238 1484 2311 ad
1520 2238 1648 2311 has
1678 2249 1911 2335 partes
1945 2261 2085 2313 non
2118 2241 2349 2311 minus
2385 2239 2701 2312 celeriter
2733 2261 2944 2332 quam
2979 2248 3323 2334 potenter,
3356 2248 3425 2311 et
3455 2260 3598 2311 non
3625 2261 3789 2313 con·

979 2366 1150 2438 tenti
1200 2364 1498 2437 exfortio
1542 2374 1775 2436 vestro
1823 2365 2199 2460 promisso,
2250 2365 2375 2437 sed
2421 2363 2665 2434 faciem
2711 2373 3015 2435 vestram
3074 2361 3427 2458 provincie
3478 2363 3792 2458 pereunti

979 2499 1050 2562 et
1080 2489 1334 2561 nostris
1382 2488 1778 2580 aspectibus
1823 2487 2229 2559 ostendatis.
2278 2487 2576 2558 Firmam
2618 2486 2802 2558 enim
2846 2486 3045 2559 vobis
3094 2508 3289 2582 spem
3334 2486 3559 2559 tribuo
3604 2485 3793 2580 quod

980 2616 1052 2684 in
1089 2614 1396 2683 adventu
1435 2622 1667 2682 vestro
1709 2610 1891 2682 felici
1935 2622 2139 2682 erunt
2174 2632 2390 2706 prava
2433 2611 2504 2681 in
2541 2611 2832 2702 directa,
2867 2621 2939 2681 et
2977 2610 3049 2680 in
3084 2609 3233 2681 vias
3272 2611 3517 2705 planas
3549 2632 3793 2705 aspera

984 2745 1504 2825 convertentur,
1537 2746 1605 2805 et
1633 2745 1954 2829 aspectus
1983 2745 2214 2807 vester
2244 2757 2524 2807 omnem
2555 2735 2796 2829 utique
2832 2734 3150 2806 nubilum
3183 2734 3557 2806 serenabit.

1399 3047 2016 3057 ——-—--0·—-..·-.,—0-—--——
2033 3048 2040 3053 .
2055 3048 2070 3053 -
2086 3047 2189 3054 „4—
2208 3047 2258 3053 ffl-
2280 3047 2319 3052 --
2340 3048 2349 3052 -
2366 3046 2447 3052 -->
2462 3046 2503 3051 --
2522 3045 2691 3051 --„.--..--
2706 3045 2754 3050 .—
2776 3045 2785 3050 v
2800 3044 2839 3050 --
2856 3044 2919 3050 -.-ἡ
2932 3043 3355 3054 -----—-.--—-———-

1085 3328 1422 3410 Universi
1459 3326 1721 3409 fideles
1772 3327 1850 3407 in
1895 3335 2145 3408 castro
2194 3324 2505 3407 Viterbii
2560 3323 2846 3406 obsessi
2885 3323 3317 3430 imperatori
3370 3321 3795 3431 supplicant

983 3462 1190 3571 quod
1228 3461 1322 3566 ad
1372 3461 1710 3570 ipsorum
1747 3457 2271 3541 liberationem
2306 3457 2802 3567 personaliter
2836 3456 3113 3540 veniat.

1141 3676 1329 3755 (Edit.
1359 3679 1424 3736 in
1450 3676 1620 3737 Petra·
1643 3673 1714 3736 de
1746 3676 1877 3737 Vin.
1909 3675 2099 3754 epist„
2128 3674 2234 3734 lib.
2266 3676 2349 3753 11,
2380 3690 2511 3751 cap.
2539 3672 2726 3751 LVI.)

1076 3858 1366 3953 Antiqui
1408 3866 1639 3953 patres
1684 3856 1931 3929 Christi
1973 3855 2350 3928 adventum
2389 3875 2532 3926 non
2572 3862 3118 3951 expectaverunt
3154 3852 3547 3943 ardentius,
3587 3873 3795 3947 quam

980 4006 1110 4058 nos
1140 3995 1486 4075 vestrum,
1521 3993 1601 4054 ut
1635 3981 2028 4054 desiderata
2065 3981 2275 4051 facies
2304 3979 2683 4072 majestatis
2709 3987 2940 4050 vestre
2978 3979 3304 4073 preterita
3340 3977 3523 4049 mala
3561 3986 3796 4047 nostra

982 4110 1264 4198 leniret,
1317 4107 1594 4180 dolores
1646 4107 1951 4195 tolleret,
2011 4114 2082 4176 et
2131 4124 2498 4198 oppressos
2546 4104 2918 4199 multarum
2975 4100 3493 4173 tribulationum
3541 4098 3798 4171 aculeis

981 4232 1351 4302 relevaret.
1386 4229 1554 4301 Cum
1587 4228 2140 4300 desiderantibus
2166 4227 2375 4317 igitur
2401 4226 2745 4322 prioribus
2772 4224 3109 4321 patribus,
3148 4222 3491 4297 desiderio
3526 4219 3797 4293 ardenti

982 4374 1353 4448 precamur
1386 4378 1404 4422 x
1440 4352 1613 4424 Veni
1646 4353 1737 4424 ad
1773 4352 2212 4424 liberandum
2242 4360 2313 4422 et
2346 4348 2817 4422 letificandum
2860 4370 3026 4439 nos,
3066 4349 3384 4443 princeps
3422 4347 3792 4433 virtutum;

982 4474 1277 4547 ostende
1306 4475 1551 4546 faciem
1590 4485 1805 4568 tuam,
1840 4488 1910 4549 et
1948 4476 2120 4550 salvi
2156 4476 2437 4549 erimus.
2475 4478 2621 4547 Hoc
2661 4482 2768 4546 est
2798 4474 2984 4545 enim
3017 4472 3210 4565 quod
3246 4469 3793 4563 ingemiscimuS,

979 4599 1113 4670 hoc
1164 4608 1267 4670 est
1319 4598 1509 4691 quod
1558 4600 1851 4693 suspiria
1896 4611 2134 4673 nostra
2180 4608 2525 4694 querunt,
2580 4599 2711 4670 sub
2760 4596 3008 4668 umbra
3065 4596 3333 4667 alarum
3382 4604 3654 4666 tuarum
3706 4589 3797 4661 ad

981 4732 1258 4818 tempus
1286 4722 1642 4816 quiescere
1671 4733 1742 4795 et
1772 4744 2005 4795 coram
2036 4724 2170 4795 tuis
2198 4723 2604 4797 desideratis
2631 4720 3024 4817 aspectibus
3055 4737 3482 4814 comparere.
