4364 5738
1009 577 1137 641 ⁴84
2012 574 2445 642 nmmum
2493 578 2841 640 SECUNDI
3453 577 3619 656 [An.
3655 578 3835 646 1247.

1013 709 1331 783 acerbius
1364 708 1553 802 quod
1586 708 1685 780 illi
1719 708 1808 781 de
1838 709 2091 802 quibus
2122 719 2365 805 utpote
2397 711 2754 785 catholicis
2789 710 3166 783 maximam
3192 710 3623 785 habebamus
3653 712 3834 785 fidu·

1013 835 1191 908 ciam
1234 844 1304 906 et
1343 834 1415 904 in
1459 833 1713 925 quibus
1765 834 2093 929 precipue
2141 834 2380 927 vigere
2429 846 2571 908 tam
2617 834 2793 907 fides
2840 857 3051 929 quam
3093 834 3375 908 devotio
3424 837 3838 910 credebatur

1015 977 1451 1055 quorumque
1481 956 1959 1050 progenitores
1990 955 2128 1028 fide
2156 958 2531 1051 ferventes,
2570 958 2941 1031 devotione
2976 958 3252 1048 sinceri,
3281 959 3661 1031 Ecclesiam
3695 981 3833 1032 non

1013 1082 1237 1153 solum
1275 1079 1727 1152 defensarunt
1766 1078 1856 1150 ab
1898 1079 2089 1170 aliis,
2130 1102 2377 1152 verum
2406 1082 2615 1154 etiam
2657 1091 2728 1153 et
2760 1081 3183 1176 ampliarunt
3215 1080 3572 1153 divitiis'et
3603 1083 3836 1156 multis

1011 1205 1408 1277 libertatum
1454 1202 1833 1299 privilegiis
1889 1203 2370 1293 muniverunt,
2422 1214 2663 1277 contra
2712 1203 3030 1276 eamdem
3086 1205 3464 1277 Ecclesiam
3511 1226 3692 1278 nove
3752 1227 3836 1282 ac

1011 1349 1296 1426 prorsus
1341 1326 1615 1398 insolite
1657 1325 2167 1398 adinventionis
2208 1350 2468 1419 genera
2509 1328 3017 1400 machinantur.
3054 1328 3199 1400 Nec
3229 1339 3336 1399 est
3366 1328 3619 1399 mirum
3653 1329 3712 1400 si
3744 1329 3833 1402 de

1011 1452 1148 1524 hoc
1195 1450 1510 1522 dolemus
1541 1449 1929 1544 potissime,
1981 1459 2124 1522 tum
2168 1460 2452 1548 propter
2493 1452 2800 1548 exempli
2834 1451 3212 1548 perniciem
3244 1473 3454 1546 quam
3485 1465 3836 1525 assument

1014 1573 1272 1645 exinde
1309 1574 1442 1644 alie
1471 1573 1815 1663 nationeS,
1853 1582 1999 1643 tum
2040 1595 2166 1668 pro
2211 1595 2294 1646 eo
2330 1576 2520 1668 quod
2555 1575 2935 1648 amicorum
2967 1573 3225 1646 offense
3272 1576 3428 1671 plus
3455 1586 3835 1670 aggravant

1012 1697 1311 1794 plusque
1365 1696 1645 1785 ledunt,
1688 1705 1980 1767 testante
2027 1697 2324 1769 Domino
2370 1720 2498 1793 per
2545 1697 2959 1794 prophetam
3002 1724 3019 1767 ε
3070 1725 3106 1764 «
3142 1698 3213 1769 Si
3273 1698 3593 1770 inimicus
3635 1721 3831 1773 meus

1011 1819 1486 1891 maledixisset
1520 1820 1711 1911 mihi,
1748 1821 2273 1893 substinuissem
2305 1823 2573 1915 utique.
2613 1852 2648 1888 »
2681 1823 2862 1893 Satis
2897 1821 3239 1915 siquidem
3279 1822 3711 1895 sufficiebant
3738 1824 3831 1896 ad

1008 1964 1298 2038 presens
1347 1943 1749 2015 afflictiones
1795 1964 1971 2037 quas
2011 1945 2318 2016 Ecclesia
2365 1946 2651 2040 patitur,
2708 1945 3003 2016 insultus
3050 1945 3305 2037 quibus
3354 1946 3708 2042 impetitur
3759 1957 3831 2018 et

1014 2068 1439 2139 turbationes
1495 2066 1749 2160 quibus
1783 2068 2046 2159 jugiter
2093 2069 2186 2139 ab
2233 2069 2509 2141 inimico
2556 2067 2837 2140 homine
2896 2068 3188 2140 ubilibet
3237 2069 3827 2164 superseminante

1007 2190 1337 2261 zizaniam
1383 2192 1820 2282 molestatum
1866 2213 2006 2262 non
2049 2202 2199 2263 erat
2234 2214 2516 2264 necesse
2555 2201 2635 2264 ut
2673 2192 2958 2286 quidam
2998 2214 3093 2263 ex
3128 2193 3507 2264 baronibus
3546 2192 3827 2265 Francia

1010 2314 1258 2385 afflicte
1309 2314 1748 2385 afflictionem
1791 2315 2212 2407 adjicerent,
2267 2316 2490 2411 ipsam
2531 2317 2730 2388 novis
2780 2316 3386 2388 constitutionibus
3438 2318 3552 2388 vel
3600 2317 3827 2411 potius

1009 2436 1570 2509 destitutionibus
1606 2439 2116 2533 perturbantes.
2159 2440 2329 2531 Qui,
2367 2441 2544 2511 sicut
2584 2440 2900 2512 dolentes
2941 2439 3332 2512 audivimus
3361 2449 3433 2511 et
3464 2439 3821 2531 miramur,

1008 2561 1382 2633 Ecclesiam
1424 2583 1561 2654 que
1594 2563 1780 2657 ipsos
1814 2585 1905 2666 ex
1936 2573 2137 2635 utero
2173 2562 2732 2636 sanctificationis
2762 2564 3201 2656 regeneravit
3240 2563 3313 2634 in
3357 2560 3535 2635 filios
3573 2584 3656 2634 ac
3700 2586 3824 2658 pro

1009 2706 1249 2756 eorum
1285 2687 1506 2757 salute
1539 2685 2058 2758 immaculatum
2090 2709 2347 2781 agnum
2384 2689 2584 2760 offert
2611 2689 2873 2781 jugiter
2903 2690 3047 2759 Deo
3073 2665 3283 2778 Patri,
3321 2687 3391 2756 in
3425 2687 3824 2758 servitutem

1007 2809 1367 2904 cupientes
1421 2809 1769 2901 redigere,
1813 2821 1892 2882 ut
1925 2813 2072 2905 Jam
2128 2813 2351 2884 nolint
2393 2813 2630 2885 vocari
2680 2810 2798 2883 filii
2848 2812 3061 2884 libere
3103 2811 3230 2885 sed
3275 2811 3558 2901 ancille,
3613 2810 3822 2883 immo

1006 2955 1330 3028 sponsam
1375 2935 1580 3026 Regis
1627 2935 1846 3006 eterni
1889 2936 2010 3028 qui
2059 2937 2247 3030 ipsos
2283 2958 2410 3009 suo
2457 2936 2793 3029 sanguine
2828 2957 2871 3008 a
2904 2936 3236 3007 servitute
3279 2946 3611 3030 perpetua
3650 2935 3821 3006 libe·

1005 3056 1220 3146 ravit,
1262 3067 1593 3128 conantes
1625 3057 2105 3130 miserabiliter
2140 3059 2507 3151 ancillare,
2544 3059 2893 3132 communi
2926 3059 3401 3150 conjuratione
3433 3079 3515 3129 ac
3548 3058 3821 3154 conspi-

1004 3178 1273 3250 ratione
1297 3190 1536 3251 contra
1566 3180 1951 3251 libertatem
1981 3180 2197 3276 ipsius
2228 3184 2457 3278 plura,
2489 3184 2666 3256 sicut
2695 3183 2970 3273 dicitur,
2998 3181 3401 3273 gravamina
3429 3192 3500 3253 et
3517 3181 3823 3253 enormia

1003 3311 1434 3392 statuerunt,
1501 3325 1638 3397 que
1682 3304 1800 3395 jus
1851 3313 1921 3376 et
1989 3307 2562 3379 consuetudinem
2630 3307 2941 3403 predicte
3003 3306 3338 3378 libertatis
3404 3305 3818 3394 absorbent„

1002 3425 1308 3498 Ecclesie
1339 3426 1677 3498 honorem
1711 3428 2013 3520 elidunt,
2056 3430 2461 3505 scandalum
2506 3432 2782 3526 pariunt
2818 3441 2888 3503 et
2929 3431 3233 3526 pericula
3286 3440 3625 3522 generant
3671 3429 3820 3503 ani·

1002 3573 1299 3623 marum.
1351 3552 1531 3622 Sane
1573 3551 1630 3622 si
1679 3554 1938 3644 negotii
1990 3555 2286 3647 qualitas
2340 3555 2707 3646 diligenter
2752 3555 3156 3646 attenditur,
3213 3556 3272 3626 si
3318 3565 3536 3627 status
3590 3575 3816 3625 rerum

1000 3677 1383 3773 qualiquali
1425 3676 1874 3749 meditatione
1918 3687 2272 3773 pensatur,
2320 3679 2568 3751 honori
2601 3682 2712 3752 vel
2747 3679 3135 3751 strenuitati
3170 3678 3574 3751 eorumdem
3613 3679 3818 3750 baro·

1000 3822 1169 3871 num
1226 3822 1367 3872 non
1430 3800 1849 3896 expediebat
1899 3800 2035 3873 hoc
2087 3814 2399 3897 tempore
2446 3803 2729 3896 aggredi
2780 3788 3090 3875 sanctam
3145 3803 3527 3877 Ecclesiam
3575 3801 3647 3872 in
3700 3802 3815 3873 tali

1000 3925 1292 3996 articulo
1327 3924 1802 4016 constitutam,
1838 3947 1999 3996 cum
2037 3926 2321 4018 ingenui
2344 3980 2362 4017 ,
2399 3928 2916 4023 circumscripto
2954 3928 3198 3999 timore
3231 3926 3504 4018 divino,
3549 3948 3642 3998 ex
3673 3945 3814 3997 ma·

997 4049 1449 4141 gnanimitate
1487 4048 1791 4143 quadam
1828 4048 2215 4144 oppressiS,
2267 4071 2505 4121 eorum
2558 4050 2616 4122 si
2657 4073 2795 4144 que
2851 4051 3310 4147 precesserint
3358 4072 3498 4123 non
3553 4068 3814 4120 memo·

998 4183 1230 4243 rantes
1260 4171 1582 4263 injurias,
1622 4171 1996 4243 subvenire
2025 4174 2300 4245 soleant
2333 4174 2568 4267 eisque
2604 4174 2673 4244 in
2708 4175 3118 4246 necessitate
3153 4195 3434 4245 manum
3468 4192 3816 4267 apponere

998 4294 1429 4385 adjutricem.
1468 4297 1726 4367 Verum
1769 4296 1839 4367 si·
1867 4297 2034 4369 dicti
2078 4298 2378 4371 barones
2420 4299 2789 4392 diligenter
2817 4300 3260 4371 attenderent
3302 4296 3493 4390 quod
3528 4296 3817 4369 Karolus

995 4417 1285 4508 Magnus
1316 4419 1695 4490 Ecclesiam
1729 4442 1771 4491 a
1803 4442 1943 4515 qua
1974 4442 2256 4494 omnem
2290 4422 2630 4495 honorem
2665 4433 3062 4519 susceperat
3105 4421 3393 4517 cupiens
3434 4419 3809 4508 honorare,

993 4551 1331 4638 perpetua
1379 4542 1535 4633 lege
1576 4542 1885 4617 decrevit
1919 4555 1998 4617 ut
2028 4567 2274 4618 omnes
2311 4547 2526 4644 ipsius
2559 4547 3022 4639 jurisdictioni
3062 4545 3357 4638 subJecti
3402 4550 3736 4614 statutum
3770 4561 3813 4611 a

992 4665 1376 4740 Theodosio
1407 4667 1825 4763 imperatore
1871 4690 1999 4764 pro
2036 4671 2342 4743 Ecclesie
2385 4671 2702 4743 libertate
2744 4670 3008 4743 editum
3051 4666 3539 4741 inviolabiliter
3579 4666 3815 4737 obser-
