4364 5738
613 559 811 618 tamer.
851 555 975 639 l5.]
1496 554 1890 614 HISTORIA
1940 553 2529 614 DIPLOMATICA.
3347 556 3418 614 51

612 690 927 773 Laboris
983 689 1078 771 de
1135 688 1694 770 constructione
1742 687 2078 770 Civitatis
2122 688 2411 795 Novae,
2453 701 2528 770 et
2581 700 2666 769 ut
2708 688 3064 771 obediant
3106 687 3428 797 Rogerio

612 824 708 905 de
747 820 1159 904 Canalibus
1195 846 1427 930 quem
1465 846 1692 928 super
1724 821 1870 902 hoc
1907 819 2211 927 negotio
2249 820 2788 902 destinandum
2823 819 3177 929 providit.

773 1021 967 1101 (Edit.
1000 1037 1099 1097 ap.
1138 1021 1305 1080 Petri
1346 1018 1416 1079 de
1460 1021 1594 1079 Vin.
1636 1020 1829 1098 epist„
1869 1019 1967 1079 lib.
2010 1019 2133 1095 ΙΙΙ,
2169 1037 2300 1096 cap.
2351 1020 2641 1097 XXXVI,
2672 1021 2809 1078 coll.
2856 1037 2990 1079 cum
3037 1020 3222 1080 codic.
3272 1019 3425 1079 Bibl.

853 1127 1049 1187 Cesar.
1096 1129 1318 1200 Paris,
1332 1124 1518 1204 fonds
1547 1123 2307 1204 Saint-Gmwin·Harlay,
2345 1136 2492 1197 455,
2522 1133 2581 1186 et
2598 1124 2783 1205 fonds
2811 1126 3220 1197 Nom-Dama,
3265 1125 3429 1206 202.)

709 1289 1044 1361 Fidelium
1097 1299 1492 1361 nostrorum
1546 1288 1892 1360 indefessa
1946 1289 2353 1383 synceritaS,
2409 1290 2478 1360 in
2538 1290 2989 1384 beneplacitis
3026 1302 3095 1362 et
3145 1292 3438 1363 servitiis

614 1412 868 1486 nostris
903 1411 1113 1481 nullis
1155 1421 1437 1505 torpens
1480 1412 1881 1502 eventibus,
1927 1433 2166 1483 eorum
2210 1435 2484 1508 semper
2527 1436 2900 1485 memorem
2934 1424 3239 1487 nostram
3281 1438 3436 1486 mu-

617 1534 1035 1606 nificentiam
1062 1534 1195 1605 sibi
1221 1535 1409 1625 facit,
1438 1545 1519 1605 ut
1544 1534 1780 1606 nativa
1815 1536 2332 1630 perseverantia
2368 1538 2667 1629 gratiora
2694 1537 3029 1609 beneficia
3062 1547 3434 1610 mereatur.

617 1659 930 1755 Ipsorum
969 1667 1203 1728 autem
1254 1657 1558 1746 auxilia,
1612 1667 1875 1750 quanto
1926 1661 2353 1730 constantius
2400 1681 2638 1730 eorum
2688 1661 2967 1732 devotio
3018 1662 3302 1754 pronior
3352 1661 3445 1732 ad

616 1783 1051 1877 beneplacita
1097 1789 1333 1853 nostra
1373 1790 1445 1852 et
1471 1781 1789 1853 devotior
1818 1783 2193 1876 reperitur,
2236 1793 2425 1855 tanto
2459 1784 2680 1876 magis
2725 1784 3172 1856 humanitatis
3210 1794 3445 1858 nostre

618 1906 1009 1997 clementia,
1047 1906 1209 1977 licet
1239 1927 1395 1976 eam
1429 1905 1830 1999 frequenter
1856 1906 2301 1999 negociorum
2327 1907 2756 1978 diversorum
2785 1909 3142 2002 pluralitas
3171 1919 3443 2000 urgeat,

618 2030 834 2102 invita
878 2040 1111 2101 tamen
1160 2030 1561 2102 multotiens
1606 2030 1868 2124 patitur
1918 2031 2280 2124 postulari.
2333 2031 2520 2101 Inter
2569 2030 2788 2102 ardua
2850 2032 3131 2126 quidem
3194 2033 3449 2125 quibus

622 2176 786 2227 cure
822 2152 990 2249 (sic)
1027 2154 1099 2225 in
1133 2154 1429 2225 salutem
1463 2163 1854 2226 nostrorum
1900 2151 2212 2225 fidelium
2246 2154 2684 2243 inclinamur,
2728 2156 3030 2226 occurrit
3072 2156 3271 2227 nobis
3319 2156 3449 2226 im-

619 2278 861 2372 periali
909 2277 1358 2349 meditatione
1403 2277 1813 2372 precipuum
1859 2277 2053 2370 regni
2097 2277 2312 2348 nostri
2348 2277 2732 2371 pomerium
2781 2279 2969 2349 omni
3011 2278 3259 2350 vallari
3297 2299 3450 2349 mu-

618 2402 918 2491 nimine3
954 2424 1095 2494 quo
1126 2401 1468 2495 ademptis
1505 2400 1807 2472 aditibus
1848 2399 2150 2472 hostium
2180 2399 2421 2472 fideles
2464 2402 2679 2473 nostri
2718 2423 2810 2473 ex
2841 2402 3029 2472 omni
3066 2412 3263 2495 parte
3294 2404 3450 2497 pul·

619 2524 1011 2597 chritudine
1050 2525 1242 2619 pacis
1279 2525 1612 2614 virentes,
1651 2524 1970 2619 veprium
2007 2524 2268 2596 lesione
2311 2534 2606 2619 purgata
2652 2526 3074 2615 evulsorum,
3107 2527 3452 2618 jacturam

619 2670 762 2721 non
788 2648 1077 2719 timeant
1114 2656 1183 2719 et
1206 2648 1423 2718 cultui
1456 2656 1701 2719 nostro
1731 2658 2071 2739 crescant,
2113 2647 2528 2720 fructificent
2549 2649 2755 2740 juxta
2781 2671 3047 2721 morem
3083 2657 3153 2720 et
3186 2645 3453 2742 antiqui

621 2773 885 2844 fructus
931 2770 1318 2866 parturiant
1356 2772 1771 2842 ubertatem.
1815 2773 1891 2843 In
1925 2770 2056 2841 hiis
2089 2792 2331 2842 revera
2377 2793 2586 2842 causa
2617 2773 2836 2864 surgit
2873 2772 3226 2867 potissima
3261 2772 3453 2865 quod

623 2898 971 2969 civitatem
1010 2904 1319 2968 nostram
1355 2896 1655 2986 Flagelle
1687 2894 1778 2966 ad
1808 2894 2154 2986 flagellum
2182 2895 2485 2966 hostium
2518 2896 2590 2965 in
2622 2917 2706 2967 eo
2744 2896 2879 2966 situ
2911 2897 3188 2967 fundari
3216 2897 3451 2992 provi-

625 3020 851 3093 dimus
897 3018 1001 3115 (l)
1067 3040 1206 3111 quo
1261 3016 1658 3089 infidelibus
1706 3018 2030 3089 transitus
2065 3018 2362 3089 habilior
2407 3020 2845 3109 cernebatur,
2895 3028 2974 3090 ut
3015 3042 3108 3090 ex
3148 3040 3233 3092 eo
3264 3039 3453 3092 seras

625 3143 937 3215 hostibus
970 3153 1041 3214 et
1070 3143 1322 3214 ostium
1362 3140 1796 3214 firmaremus
1828 3151 1899 3213 et
1932 3142 2004 3212 in
2042 3141 2532 3213 detrimentum
2568 3162 2807 3214 eorum
2843 3143 3096 3214 nostris
3130 3141 3451 3215 fidelibus

626 3267 909 3363 pronius
937 3266 1276 3359 refugium
1311 3264 1675 3336 habeatur.
1714 3264 1936 3349 Quam
1987 3287 2146 3335 cum
2181 3264 2274 3336 ad
2306 3286 2588 3359 presens
2629 3266 2881 3337 muniri
2925 3268 3171 3339 meniis
3213 3278 3450 3339 nostra

624 3390 934 3485 precepit
958 3388 1324 3478 celsitud0,
1346 3387 1662 3490 fidelitati
1685 3397 1917 3459 vestre
1942 3385 2231 3458 firmiter
2258 3397 2326 3459 et
2353 3388 2658 3460 districte
2681 3390 3128 3486 precipiendo
3153 3390 3447 3462 manda-

626 3535 778 3585 mus
791 3523 1137 3606 quatenus
1150 3521 1312 3584 vota
1331 3520 1569 3584 nostra
1581 3519 1949 3605 vestraque
1964 3510 2329 3583 commoda
2359 3511 2430 3581 in
2454 3511 2585 3583 hiis
2610 3510 2906 3584 fideliter
2918 3522 3444 3609 prosequenteS‚

627 3635 1022 3710 executioni
1051 3645 1123 3706 et
1151 3635 1569 3707 ordinationi
1597 3635 1874 3726 Rogerii
1904 3634 1993 3706 de
2025 3635 2388 3706 Canalibus
2423 3634 2646 3708 fidelis
2677 3637 2924 3727 nostri,
2958 3659 3168 3731 quem
3206 3636 3294 3708 de
3323 3654 3449 3705 sua

626 3759 996 3856 prudentia
1024 3767 1096 3829 et
1130 3755 1464 3831 fidelitate
1496 3756 1737 3830 confisi
1764 3779 1974 3853 super
2024 3757 2423 3850 hujusmodi
2455 3760 2733 3853 negotio
2759 3762 3189 3855 providimus
3220 3762 3450 3835 desti-

625 3882 971 3974 nandum,
1038 3902 1248 3976 super
1294 3882 1804 3954 constructione
1854 3903 2211 3953 murorum
2256 3882 2562 3975 ipsorum
2607 3884 2896 3955 memori
2938 3884 3319 3959 devocione
3364 3909 3448 3962 ac

626 4002 765 4078 fide
809 4005 1028 4077 solitis
1067 4004 1395 4099 paream,
1450 4005 1555 4084 illi¹
1596 4005 1800 4096 juxta
1845 4004 2351 4076 ordinationem
2396 4005 2611 4100 ipsius
2663 4005 3157 4080 subventiones
3208 4032 3447 4085 neces·

630 4128 844 4201 sarias
873 4128 1256 4223 prestituri,
1295 4137 1378 4199 ut
1418 4148 1546 4223 pro
1582 4128 2054 4200 indesinenter
2082 4128 2411 4199 exhibitis
2453 4138 2525 4198 et
2562 4127 2892 4201 devocius
2922 4132 3333 4208 exhibendis
3372 4138 3445 4209 in

627 4249 848 4324 bravii
865 4249 968 4348 (a)
980 4250 1457 4324 laudabilioris
1470 4251 1787 4325 effectum
1809 4250 2278 4324 munificentie
2301 4260 2532 4323 nostre
2551 4251 2770 4344 gratia
2784 4254 3180 4350 gaudeatis3
3201 4258 3446 4333 dantes

716 4415 799 4495 (a)
841 4416 1008 4478 Alias
1022 4416 1263 4496 premii.

707 4645 774 4718 (t)
808 4644 887 4704 Cf.
914 4661 1098 4736 supra,
1126 4664 1183 4722 p.
1214 4651 1237 4703 4
1278 4653 1336 4707 et
1363 4651 1463 4721 5⁰3
1486 4648 1631 4708 unde
1647 4649 1715 4709 ad
1737 4649 1845 4707 hoc
1872 4653 2086 4724 tempus
2120 4649 2278 4708 istam
2306 4648 2587 4725 epistolam
2607 4653 2971 4726 reponendam
2994 4670 3114 4713 esse
3138 4669 3441 4713 censemus.
