4364 5738
1074 572 1197 634 376
2074 569 2507 630 munemel
2556 569 2902 630 SECUNDI
3514 571 3679 652 [Anu.
3713 572 3884 633 1245.

1075 709 1350 780 sinistra
1381 706 1704 800 deputet,
1742 705 1862 797 qui
1895 703 2275 796 aliquando
2307 704 2460 774 fulti
2503 703 2882 777 mendaciis
2917 703 3228 775 veritatis
3270 705 3573 799 speciem
3611 706 3887 780 decolo-

1075 841 1259 921 rant,
1299 829 1472 900 scire
1504 848 1631 899 vos
1663 827 1986 900 volumus
2018 827 2445 922 presentium
2480 827 2775 899 lectione
2808 826 3000 920 quod
3030 827 3323 898 faciente
3356 830 3661 922 potentia
3691 831 3890 922 Regis

1077 974 1319 1044 regum
1355 952 1477 1044 qui
1510 972 1785 1046 semper
1816 950 2185 1022 comitatur
2217 959 2287 1022 et
2323 950 2559 1042 dirigit
2598 972 2799 1022 curas
2838 958 3111 1022 nostras
3132 1002 3152 1039 ,
3188 950 3557 1023 salubriter
3593 952 3889 1024 vivimus

1075 1084 1148 1146 et
1177 1073 1539 1167 magnifice
1566 1095 2081 1169 prosperamur,
2118 1083 2191 1145 et
2217 1074 2380 1146 licet
2402 1074 2699 1145 rebelles
2724 1074 2942 1146 nostri
2975 1073 3341 1167 imperium
3374 1074 3541 1168 ipsis
3569 1075 3887 1170 periculis

1072 1198 1429 1270 detineant
1455 1206 1575 1269 aut
1606 1206 1984 1292 prorogent
2013 1207 2083 1267 et
2110 1197 2549 1292 processibus
2580 1198 2833 1269 nostris
2864 1197 3219 1269 obstacula
3251 1197 3672 1269 unanimiter
3702 1209 3883 1270 sata-

1071 1330 1242 1412 gant
1286 1342 1696 1416 prosperare
1740 1319 1868 1415 (a),
1910 1321 2244 1392 factiones
2301 1321 2700 1393 temerarias
2743 1343 2900 1392 cum
2956 1320 3156 1391 terris
3201 1321 3578 1393 rebellibus
3617 1319 3751 1417 (b),
3794 1322 3887 1393 sic

1074 1456 1302 1516 tamen
1346 1454 1582 1515 nostra
1625 1445 1934 1538 potentia
1977 1444 2284 1539 ipsorum
2326 1453 2616 1516 conatus
2661 1443 2856 1515 elidit
2886 1443 3069 1514 utin
3100 1442 3462 1537 publicum
3502 1444 3884 1539 producere

1071 1577 1424 1660 nequeant
1462 1566 1653 1659 quod
1685 1568 1951 1638 fatuose
1984 1567 2421 1662 concipiunt,
2455 1589 2670 1660 quum
2718 1566 2958 1639 divino
2995 1565 3261 1658 judicio
3308 1587 3550 1638 eorum
3580 1568 3882 1660 nequitie

1071 1665 1305 1761 exitus
1334 1690 1651 1784 primitus
1696 1688 2102 1781 denegatur.
2139 1690 2614 1761 Existentibus
2653 1698 2888 1761 autem
2932 1688 3133 1760 nobis
3170 1689 3442 1785 pridem
3488 1690 3779 1762 feliciter
3814 1692 3882 1760 in

1070 1814 1404 1885 Cremona
1456 1822 1528 1883 et
1567 1813 1751 1883 circa
1792 1812 2009 1883 nostri
2056 1813 2549 1884 exaltationem
2591 1812 2862 1906 imperii
2898 1823 2970 1883 et
3004 1812 3478 1884 confusionem
3523 1813 3880 1884 rebellium

1069 1936 1525 2027 dirigentibus
1548 1936 1766 2006 aciem
1793 1957 1967 2029 pure
1995 1934 2248 2006 mentis
2273 1944 2533 2025 nostre,
2555 1934 2723 2006 dum
2751 1934 2939 2029 apud
2966 1936 3252 2006 Pontem
3277 1935 3497 2026 Bugni
3524 1956 3652 2030 per
3677 1957 3879 2030 quem

1070 2059 1238 2132 Padi
1270 2058 1572 2129 fluminis
1608 2058 1991 2130 dominium
2023 2058 2462 2130 obtineamus
2493 2056 2832 2129 celsitudo
2861 2066 3098 2131 nostra
3130 2067 3535 2153 procuraret
3562 2068 3643 2129 ut
3673 2059 3879 2131 nichil

1071 2183 1354 2254 omnino
1382 2182 1563 2276 circa
1590 2182 1806 2276 ipsius
1837 2180 2221 2253 custodiam
2254 2181 2528 2252 deesset
2559 2180 2653 2252 ad
2684 2180 2923 2270 robur,
2959 2181 3173 2253 velox
3202 2181 3485 2252 nuntius
3526 2191 3596 2253 et
3633 2204 3876 2277 repen·

1076 2306 1259 2376 tinus
1300 2304 1585 2376 advenit
1627 2326 1955 2399 expresse
1997 2304 2417 2376 denuntians
2454 2303 2823 2376 factionem
2863 2304 3053 2399 apud
3091 2304 3382 2396 Regium
3419 2325 3547 2399 per
3588 2305 3876 2376 rebelles

1068 2437 1341 2500 nostros
1371 2429 1778 2499 Parmenses
1806 2429 2231 2499 extrinsecos
2260 2427 2507 2499 diebus
2538 2426 2882 2522 preteritis
2911 2428 3151 2499 initam
3178 2449 3305 2523 per
3329 2427 3696 2522 imperium
3725 2450 3876 2524 pro-

1066 2551 1264 2643 gredi
1311 2554 1458 2624 fore
1498 2562 1778 2646 peracta
1811 2550 1935 2648 (2³).
1973 2553 2300 2624 volentes
2340 2552 2551 2643 igitur
2590 2563 2730 2622 tam
2774 2551 3117 2624 malivolis
3163 2551 3446 2624 obviare
3490 2552 3869 2648 principiis,

1068 2674 1398 2746 dilectum
1429 2674 1649 2746 filium
1681 2684 1993 2747 nostrum
2019 2676 2105 2745 Η.
2134 2696 2369 2767 regem
2397 2674 2712 2746 Sardinie
2740 2675 2916 2745 sacri
2939 2673 3030 2770 (c)
3053 2675 3318 2770 imperii
3349 2675 3420 2744 iu
3447 2676 3641 2746 ltalia
3666 2697 3871 2768 gene-

1067 2800 1285 2869 ralem
1311 2798 1618 2891 legatum
1656 2798 1845 2895 apud
1876 2798 2165 2890 Regium
2198 2797 2700 2869 transmisimus
2729 2818 2889 2868 cum
2927 2798 3192 2890 ingenti
3227 2798 3522 2869 militum
3559 2799 3871 2871 comitiva

1066 2933 1147 2993 ut
1182 2922 1345 2994 inde
1385 2923 1749 2993 veritatem
1790 2922 2192 3013 exquireret
2237 2932 2308 2992 et
2346 2921 2627 3016 puniret
2665 2921 2916 2992 acriter
2946 2922 3420 3016 perquisitam.
3454 2923 3565 2994 Sic
3601 2944 3869 3017 quoque

1065 3046 1322 3115 factum
1352 3055 1556 3115 estut
1586 3046 1875 3138 decepta
1908 3044 2165 3114 malitia
2199 3045 2452 3115 multos
2480 3054 2760 3138 caperet
2790 3044 3133 3133 factiosos,
3159 3066 3333 3137 quos
3363 3046 3617 3117 multos
3644 3067 3869 3117 carcer

1065 3177 1302 3239 noster
1334 3166 1650 3255 includit,
1690 3166 1972 3258 reliquis
2003 3187 2172 3238 vero
2206 3167 2449 3261 capitis
2496 3168 2834 3263 supplicio
2875 3167 3353 3239 condemnatis
3395 3190 3692 3260 quorum
3722 3171 3863 3241 fue·

1064 3299 1230 3359 runt
1264 3287 1522 3359 ibidem
1555 3288 1627 3358 in
1658 3288 1936 3381 publico
1978 3298 2258 3359 centum
2290 3290 2516 3383 capita
2552 3290 2984 3362 detruncata.
3023 3290 3415 3362 Redeuntes
3444 3301 3679 3363 autem
3713 3293 3865 3364 Cre·

1064 3432 1340 3484 monam
1372 3411 1661 3482 feliciter
1684 3432 2034 3483 moramur
2060 3411 2318 3483 ibidem
2345 3422 2484 3483 tam
2504 3411 2592 3483 de
2611 3412 2863 3485 nostris
2888 3411 3208 3485 fidelibus
3225 3434 3435 3506 quam
3457 3414 3547 3486 de
3569 3414 3866 3505 Mar-chia

1064 3535 1454 3627 Trivigiana
1499 3587 3852 3608 ..............................

1157 3659 1427 3753 (Cetera
1456 3656 1770 3753 desunt.)

707 4254 942 4351 ‘m
1164 4227 1585 4311 Fridericus
1606 4289 1630 4334 ,
1678 4227 2195 4310 Romanorum
2249 4227 2689 4334 imperator,
2730 4254 2826 4310 ne
2860 4229 3198 4315 defectus
3233 4230 3511 4340 aliquis
3553 4234 3634 4313 in
3673 4232 3844 4340 jus-

1142 4436 1228 4516 (α)
1271 4438 1368 4498 Sic
1393 4442 1457 4498 in
1484 4441 1703 4515 codice,
1732 4440 2044 4517 legendum
2068 4456 2210 4500 vero
2226 4440 2565 4518 propinare.

1138 4540 1221 4621 (b)
1264 4542 1437 4603 Deest
1473 4545 1719 4604 verbum
1746 4547 2017 4622 aliquod,
2050 4545 2295 4606 forsitan
2321 4544 2591 4606 ineundo.

1139 4646 1215 4727 (⁶)
1258 4647 1333 4708 In
1360 4648 1558 4709 codice
1574 4646 1815 4728 pallacii
1836 4651 2121 4712 abundat.
