4364 5738
640 1139 925 1248 ,ἑῖἕὲἓὲἑψ

1017 580 1143 642 490
1549 639 1552 642 ,
1981 629 1984 630 ⁷
2019 581 2451 644 Palm-:mel
2491 581 2838 644 saeuum
3458 582 3624 661 [Anu.
3659 583 3838 647 1247.

1129 1125 1497 1210 Henricus
1514 1190 1537 1235 ,
1568 1128 2142 1238 Argentinensis
2172 1130 2570 1238 episcopus
2587 1191 2610 1236 ,
2650 1128 2909 1239 vigore
2935 1128 3278 1210 mandati
3305 1126 3598 1237 papalis
3624 1125 3842 1237 cujus

1024 1269 1242 1341 tenor
1299 1260 1685 1367 inseritur,
1725 1262 1923 1373 cives
1978 1262 2570 1371 Argentinenses
2617 1287 2664 1344 a
2706 1271 2920 1342 reatu
2966 1260 3275 1370 perjurii
3323 1261 3531 1369 quod
3576 1261 3844 1342 incur-

1020 1402 1322 1497 rerunt,
1392 1404 1699 1503 treugas
1762 1421 1937 1476 cum
2004 1395 2431 1478 fautoribus
2484 1394 2840 1478 Friderici
2911 1394 3304 1504 quondam
3370 1392 3840 1502 imperatoris

1021 1525 1249 1608 initas
1285 1525 1642 1609 violando
1664 1588 1687 1633 ,
1728 1527 2076 1611 absolvit.

1183 1740 1387 1821 (Edid.
1420 1741 1825 1822 Senonum«,
1861 1740 2045 1804 Alsat.
2077 1740 2408 1822 diplomat„
2437 1749 2486 1803 t.
2518 1742 2571 1816 1,
2599 1760 2663 1820 p.
2697 1750 2838 1819 895,
2858 1751 2927 1801 n⁰
2952 1741 3210 1802 Dxxm
3231 1785 3251 1818 ,
3289 1748 3350 1801 et
3382 1741 3558 1818 ibid„
3590 1748 3720 1802 not.
3754 1740 3841 1820 (p)

1261 1882 1342 1893 —
1373 1851 1617 1910 Initium
1654 1866 1796 1910 vero
1831 1851 2178 1927 episcopalis
2212 1852 2493 1926 epistolae
2525 1850 2890 1926 depromitur
2926 1849 2963 1907 e
3009 1848 3144 1909 cod.
3183 1845 3322 1909 bibl.
3362 1849 3528 1909 civit.
3561 1846 3837 1926 Argunt„

1260 1973 1376 2017 sec.
1408 1954 1602 2034 xlv.)

1120 2141 1512 2232 Heinricus,
1572 2140 1698 2212 Dei
1749 2140 1970 2232 gratia
2026 2139 2552 2232 Argentinensis
2603 2140 3003 2236 episcopuS,
3053 2139 3321 2212 dilectis
3372 2140 3514 2211 suis
3576 2140 3840 2212 civibus

1018 2265 1640 2359 Argentinensibus
1674 2264 2016 2336 universis
2051 2265 2345 2336 salutem
2387 2265 2458 2335 in
2490 2264 2799 2337 omnium
2837 2264 3220 2336 Salvatore.
3257 2264 3545 2336 Litteras
3581 2264 3839 2337 domini

1020 2413 1200 2488 pape
1231 2391 1617 2485 recepimus
1645 2389 1715 2460 in
1747 2388 1881 2460 hec
1908 2390 2123 2460 verba
2154 2416 2170 2459 ι

1122 2515 1563 2586 innocentius
1611 2513 1976 2609 episcopus
1997 2567 2040 2606 „
2076 2535 2320 2586 servus
2374 2535 2734 2585 servorum
2787 2513 2952 2604 Dei,
3007 2512 3386 2583 venerabili
3452 2512 3642 2583 fratri
3689 2512 3835 2608 epi·

1020 2657 1233 2732 scopo
1263 2636 1749 2729 Argentinensi
1783 2636 2076 2707 salutem
2119 2646 2190 2708 et
2230 2637 2678 2732 apostolicam
2722 2636 3304 2709 benedictionem.
3349 2635 3519 2707 Cum
3559 2636 3738 2708 sicut
3770 2646 3837 2708 te

1020 2760 1415 2856 accepimus
1453 2761 1857 2850 intimante,
1901 2761 2089 2832 cives
2135 2762 2261 2850 tui,
2312 2761 2723 2833 durantibus
2760 2760 3020 2854 treugis
3065 2760 3246 2830 inter
3289 2760 3477 2854 ipsos
3521 2781 3614 2831 ex
3644 2769 3836 2855 parte

1019 2908 1161 2957 una
1195 2896 1264 2957 et
1299 2886 1637 2979 quosdam
1685 2887 1988 2956 fautores
2018 2884 2350 2956 Friderici
2388 2884 2739 2979 quondam
2779 2884 3215 2980 imperatoris
3252 2906 3345 2955 ex
3384 2884 3518 2956 alia
3551 2884 3735 2956 initis
3769 2893 3839 2955 et

1014 3011 1415 3103 juramento
1458 3007 1780 3096 firmatis,
1828 3016 2106 3099 treugas
2144 3008 2330 3104 ipsas
2363 3032 2502 3081 non
2546 3019 2949 3100 servarunt,
2988 3010 3112 3080 sed
3143 3008 3449 3100 graviter
3484 3030 3835 3104 processe·

1021 3140 1187 3203 runt
1217 3141 1457 3201 contra
1492 3152 1645 3219 eos3
1697 3139 1979 3224 propter
2014 3131 2206 3223 quod
2248 3134 2528 3227 perjurii
2573 3133 2819 3205 timent
2849 3153 2923 3205 se
2958 3132 3328 3203 incurrisse
3369 3144 3676 3224 reatum,
3713 3154 3836 3205 nos

1021 3253 1411 3327 devotionis
1447 3263 1562 3325 tue
1591 3253 1913 3349 precibus
1945 3255 2292 3345 inclinati,
2328 3257 2734 3329 absolvendi
2763 3279 2882 3329 eos
2910 3257 3003 3328 ab
3028 3256 3161 3328 biis
3192 3255 3471 3352 plenam
3512 3256 3638 3328 tibi
3672 3277 3834 3328 con·

1021 3378 1333 3452 cedimus
1361 3377 1766 3450 auctoritate
1794 3377 2218 3473 presentium
2252 3379 2674 3452 facultatem.

1115 3504 1365 3575 Datum
1397 3501 1742 3594 Lugduni,
1780 3502 1840 3573 V
1873 3501 2207 3575 kalendas
2242 3504 2595 3596 februarii,
2624 3502 3065 3601 pontificatus
3091 3504 3309 3575 nostri
3339 3524 3525 3575 anno
3555 3513 3826 3597 quarto.

1115 3630 1335 3720 Hujus
1371 3627 1581 3719 igitur
1612 3626 2019 3699 auctoritate
2061 3627 2371 3699 mandati
2410 3650 2537 3700 vos
2572 3651 2614 3700 a
2652 3639 2850 3700 reatu
2892 3628 3175 3724 perjurii
3219 3628 3407 3722 quod
3457 3627 3835 3699 incurristis

1019 3775 1113 3827 ex
1150 3774 1235 3825 eo
1266 3750 1457 3845 quod
1491 3762 1768 3843 treugas
1799 3751 2007 3822 initas
2042 3773 2202 3823 cum
2236 3752 2618 3825 fautoribus
2646 3752 2973 3824 Friderici
3009 3750 3364 3846 quondam
3406 3750 3833 3846 imperatoris

1017 3888 1091 3951 et
1116 3878 1513 3970 juramento
1552 3873 1994 3947 confirmatas
2030 3875 2373 3969 violastis,
2414 3869 2837 3949 absolvimus
2875 3886 2946 3948 et
2975 3877 3331 3948 absolutos
3362 3875 3638 3971 publice
3674 3896 3833 3972 pro-

1014 4001 1442 4073 nuntiamus,

1111 4127 1363 4195 Datum
1394 4121 1808 4213 Argentine,
1844 4120 1904 4193 V
1940 4120 2097 4194 idus
2125 4122 2489 4215 februarii,
2530 4144 2715 4195 anno
2749 4122 3021 4194 Domini
3052 4124 3143 4195 M.
3166 4123 3290 4196 CC.
3310 4122 3571 4195 XLVIII
3606 4120 3729 4219 (a).

1111 4246 1329 4320 Adest
1354 4248 1573 4318 altera
1605 4245 1918 4339 ejusdem
1950 4247 2200 4318 summi
2231 4245 2575 4342 pontificis
2601 4248 2891 4344 epistola
2914 4247 3182 4320 civibus
3213 4246 3833 4341 Argentinensibus

1100 4470 1182 4552 (a)
1225 4472 1361 4532 Non
1387 4470 1783 4533 dubitandum
1803 4480 1892 4534 est
1915 4475 2061 4550 quin
2091 4491 2373 4534 numerus
2399 4477 2509 4536 iste
2533 4477 2763 4535 unitate
2788 4475 3070 4555 abundet,
3093 4490 3279 4552 quum
3308 4475 3613 4551 episcopus
3636 4475 3699 4533 in
3724 4472 3830 4533 tall

1012 4581 1350 4644 discrimine
1375 4579 1582 4655 papale
1608 4579 1953 4640 mandatum
1981 4582 2107 4641 sine
2133 4597 2247 4642 usn
2277 4596 2536 4660 congruo
2564 4598 2670 4658 per
2693 4587 2886 4642 totum
2918 4596 3108 4642 unum
3134 4595 3361 4641 annum
3397 4595 3579 4656 penes
3616 4595 3681 4641 ιο
3711 4594 3829 4640 ser·

1010 4704 1154 4750 vare
1184 4702 1305 4747 non
1332 4687 1612 4763 potuerit.
