4364 5738
1093 598 1217 657 334
2088 597 2517 660 mum-:luci
2567 594 2914 656 saeuum
3524 597 3692 675 [Anu.
3729 597 3897 659 12⁴5.

1095 731 1385 806 idoneos
1416 752 1857 827 comparere3
1894 741 2254 826 presentes
2288 753 2413 825 pro
2444 739 2636 802 certo
2661 750 2804 801 non
2841 729 3123 818 fuimus,
3156 729 3281 801 sed
3313 750 3406 801 ex
3418 731 3626 822 justis
3649 733 3905 805 caussis

1095 855 1443 944 absentes,
1473 855 1565 927 ad
1593 876 1887 946 quarum
1916 855 2402 947 allegationem
2430 854 2711 925 admissi
2742 853 2962 925 nostri
2991 852 3274 946 legitimi
3303 856 3737 949 responsales
3766 874 3902 931 non

1097 966 1411 1065 fuerunt,
1461 999 1592 1048 nec
1639 978 1962 1049 absentes
2007 976 2509 1050 contumaciter
2558 976 2849 1066 fuimus,
2901 996 3064 1047 cum
3112 986 3348 1070 preter
3389 977 3461 1049 id
3503 979 3700 1071 quod
3737 978 3902 1050 nulli

1095 1101 1303 1172 fuerit
1340 1098 1611 1191 citatio,
1652 1111 1732 1171 ut
1766 1111 1872 1172 est
1914 1101 2211 1190 dictum,
2259 1099 2800 1194 peremptorium
2843 1098 3250 1187 terminum,
3291 1111 3498 1194 prout
3531 1100 3707 1173 ordo
3731 1101 3901 1193 juris

1095 1225 1519 1318 expostulat,
1551 1224 1787 1296 citatio
1812 1246 1953 1295 non
1985 1223 2318 1313 haberet3
2355 1232 2563 1317 prout
2588 1221 2932 1293 citationis
2960 1222 3180 1293 forma
3206 1221 3633 1316 principibus
3662 1234 3733 1296 et
3757 1245 3902 1318 pre·

1095 1348 1251 1420 latis
1277 1347 1485 1418 missa
1517 1367 1644 1440 per
1678 1347 1910 1417 literas
1945 1346 2305 1417 evidenter
2331 1344 2659 1417 ostendit.
2698 1344 3213 1417 contumaciam
3254 1354 3561 1416 nostram
3595 1357 3898 1441 preterea

1095 1470 1402 1560 magistri
1430 1469 1689 1541 Thadei
1717 1469 1807 1541 de
1834 1472 2113 1557 Suessa,
2143 1489 2394 1559 magne
2426 1468 2617 1539 curie
2646 1477 2880 1539 nostre
2899 1466 3155 1559 judicis
3181 1465 3407 1538 fidelis
3431 1470 3678 1559 nostri,
3705 1471 3899 1563 plene

1097 1591 1598 1687 procurationis
1648 1591 2053 1664 mandatum
2103 1600 2430 1679 excusat;
2482 1592 2683 1683 cujus
2729 1589 3113 1662 authoritas
3158 1611 3250 1661 ex
3300 1610 3384 1661 eo
3429 1592 3622 1683 quod
3670 1602 3898 1665 contra

1097 1736 1226 1786 nos
1242 1736 1384 1786 non
1408 1737 1500 1786 ex
1525 1714 1869 1804 civilibus,
1898 1715 2024 1786 sed
2044 1736 2137 1786 ex
2158 1713 2631 1785 criminalibus
2657 1715 2746 1784 sit
2769 1733 3170 1808 processum
3194 1713 3286 1784 ad
3308 1734 3446 1805 que
3466 1714 3722 1786 frustra
3743 1735 3895 1809 pro-

1096 1849 1375 1910 curator
1404 1838 1814 1928 intervenit,
1854 1838 2253 1909 nullatenus
2286 1846 2691 1926 enervatur3
2730 1857 2889 1906 cum
2920 1836 3134 1930 ipsius
3164 1835 3508 1907 citationis
3540 1846 3742 1909 tenor
3770 1859 3899 1931 que

1098 1984 1226 2033 nos
1257 1971 1378 2032 aut
1409 1971 1892 2056 procuratores
1924 1970 2199 2032 nostros
2232 1960 2485 2052 exigit,
2522 1959 2885 2030 manifeste
2912 1960 3332 2030 contrarium
3367 1958 3676 2032 dedisset
3702 1961 3897 2032 intel-

1098 2085 1244 2176 ligi,
1272 2084 1597 2156 videlicet
1621 2084 1812 2176 quod
1826 2094 2065 2155 contra
2092 2106 2222 2155 nos
2247 2105 2388 2156 non
2418 2082 2887 2173 criminaliter,
2910 2082 3040 2153 sed
3066 2082 3358 2153 civiliter
3381 2090 3654 2153 tantum
3669 2084 3897 2156 fuisset

1094 2207 1480 2298 agendum,
1520 2207 1846 2301 predictis
1888 2207 2097 2278 etiam
2147 2208 2471 2279 omnibus
2502 2206 2765 2300 absque
2797 2216 3030 2277 nostre
3058 2205 3324 2297 justitie
3358 2205 3745 2299 prejudicio
3774 2208 3897 2278 cir-

1095 2329 1549 2422 cumscriptis.
1589 2330 1677 2400 Et
1711 2330 1876 2400 dato
1918 2329 2109 2422 quod
2144 2329 2505 2400 manifeste
2548 2329 2880 2400 fuerimus
2925 2339 3403 2418 contumaceS,
3449 2348 3593 2400 non
3631 2340 3739 2400 est
3775 2330 3898 2401 ista

1097 2452 1399 2543 legitima
1446 2451 1878 2523 contumacie
1924 2472 2104 2544 pena
2131 2452 2324 2543 quod
2363 2451 2671 2542 delatuS,
2703 2461 2825 2521 aut
2852 2459 3215 2522 accusatus
3242 2460 3315 2520 et
3341 2432 3747 2541 contumax,
3782 2472 3898 2545 per

1096 2573 1530 2645 diffinitivam
1559 2574 1969 2644 sententiam
2000 2583 2162 2644 ante
2199 2583 2477 2668 ceptum
2510 2573 2639 2645 rite
2657 2573 3026 2665 judicium,
3053 2573 3323 2666 privato
3342 2574 3455 2643 vel
3488 2574 3767 2666 publico
3787 2576 3896 2666 ju·

1096 2698 1277 2769 dicio
1308 2698 1379 2767 in
1409 2698 1603 2767 nullo
1644 2696 1733 2767 de
1779 2717 1902 2766 sua
1935 2717 2178 2766 caussa
2216 2696 2562 2786 discusso,
2609 2696 2861 2769 debeat
2892 2695 3358 2767 condemnari.
3396 2697 3575 2767 Sunt
3613 2697 3795 2769 enim
3828 2698 3894 2767 in

1096 2820 1348 2892 talibus
1386 2819 1520 2891 alie
1552 2819 2064 2891 contumacium
2097 2839 2275 2914 pene
2308 2819 2624 2891 civilibus
2665 2819 2933 2912 legibus
2966 2828 3037 2890 et
3070 2819 3450 2891 canonibus
3485 2819 3887 2893 intmducte.

1093 2945 1403 3036 Denique
1425 2943 1649 3037 posito
1673 2943 1863 3034 quod
1886 2943 2116 3014 omnia
2144 2943 2456 3037 predicta
2475 2943 2653 3034 juris
2683 2942 2983 3037 presidio
3013 2943 3406 3033 fulciantur,
3444 2944 3608 3014 licet
3627 2945 3892 3016 irrefra-

1092 3066 1413 3156 gabiliter
1447 3085 1688 3136 causse
1719 3074 1955 3135 nostre
1984 3065 2342 3156 deficiant,
2389 3066 2603 3159 ipsius
2644 3065 3228 3159 pronunciationis
3260 3075 3463 3137 tenor
3489 3066 3712 3161 ipsam
3741 3089 3894 3139 sen·

1098 3188 1381 3257 tentiam
1406 3187 1668 3255 nullam
1695 3186 2022 3274 ostendit,
2054 3209 2178 3280 per
2205 3210 2414 3279 quam
2440 3209 2580 3260 non
2608 3198 3013 3282 procurator
3036 3199 3271 3260 noster
3291 3209 3604 3283 presens,
3627 3190 3750 3262 sed
3775 3210 3892 3262 nos

1093 3309 1418 3379 absentes
1453 3308 1806 3378 extitimus
1843 3309 2320 3398 condemnati,
2357 3332 2566 3403 quam
2603 3311 2754 3405 ipso
2782 3313 2940 3402 jure
2990 3313 3250 3382 nullam
3300 3312 3714 3383 sententiam
3753 3332 3906 3385 esse

1096 3433 1283 3523 leges
1310 3441 1380 3502 et
1400 3433 1561 3522 jura
1586 3432 1893 3524 quelibet
1921 3435 2284 3505 manifeste
2315 3435 2692 3506 declarant.
2725 3434 3101 3506 Evidenter
3120 3422 3414 3526 ‘quoque
3446 3457 3801 3528 processus
3830 3447 3893 3507 et

1091 3553 1529 3647 procedentis
1554 3541 1999 3645 iniquitatem
2012 3578 2258 3626 causse
2280 3555 2639 3645 denotant,
2676 3557 2945 3650 quasin
2975 3556 3313 3628 sententia
3349 3558 3886 3652 comprehendit,

1092 3697 1251 3747 cum
1302 3677 1642 3746 sententia
1688 3677 2232 3770 comprehendat
2281 3679 2645 3771 multiplex
2686 3680 3065 3771 perjurium
3111 3701 3130 3743 .·
3181 3679 3506 3750 videlicet
3540 3680 3630 3753 de
3673 3702 3892 3751 sacra·

1094 3808 1328 3869 mento
1379 3799 1569 3892 pacis
1619 3800 1942 3893 prestito,
1996 3822 2122 3894 per
2175 3823 2304 3872 nos
2356 3801 2533 3873 sicut
2573 3802 2845 3891 asserit,
2894 3823 3034 3873 non
3076 3811 3386 3891 servato;
3433 3812 3748 3897 preterea
3806 3803 3894 3875 de

1090 3920 1426 3991 demaniis
1467 3942 1594 4015 per
1632 3921 1991 4015 privilegia
2021 3923 2336 3994 divorum
2384 3934 2832 4015 augustorum
2869 3935 2939 3995 et
2974 3935 3210 3996 nostra
3248 3926 3555 3997 Ecclesie
3599 3926 3892 3997 Romane

1089 4043 1460 4131 concessis,
1496 4043 1835 4114 violenter
1859 4066 1898 4115 a
1930 4045 2128 4116 nobis
2155 4047 2596 4140 postmodum
2626 4047 3013 4141 occupatis;
3052 4047 3139 4118 de
3161 4048 3630 4120 cardinalibus
3650 4059 3720 4118 et
3740 4068 3888 4142 pre·

1090 4167 1243 4235 latis
1274 4168 1491 4258 captis
1518 4166 1610 4238 ad
1628 4167 1994 4237 concilium
2018 4170 2445 4259 convocatis3
2473 4170 2566 4241 de
2591 4170 3006 4262 quibusdam
3035 4172 3340 4242 ecclesiis
3364 4181 3435 4242 et
3457 4171 3890 4243 ecclesiarum

1087 4288 1394 4378 prelatiS,
1420 4290 1627 4359 rebus
1655 4299 1725 4359 et
1744 4290 2007 4361 clericis
2030 4292 2226 4382 regni
2246 4293 2488 4381 nostri,
2513 4313 2640 4387 per
2668 4293 2996 4364 officiales
3024 4294 3112 4364 de
3151 4315 3393 4385 regno,
3425 4295 3629 4365 nobis
3650 4295 3888 4365 absen-

1090 4408 1300 4496 tibus,
1338 4409 1633 4481 violatis.
1668 4411 1729 4482 A
1763 4413 2013 4506 quibus
2045 4415 2366 4487 omnibus
2397 4414 2934 4510 incorruptibilis
2967 4417 3219 4487 veritas
3253 4428 3321 4487 et
3352 4417 3630 4511 publica
3671 4415 3886 4486 mimi·

1086 4538 1323 4599 menta
1352 4551 1479 4601 nos
1522 4533 1945 4627 defendunt,
1990 4549 2194 4630 prout
2232 4538 2536 4610 seriatim
2585 4537 2717 4609 hec
2750 4537 2890 4609 fida
2923 4539 3162 4610 relatio
3198 4541 3434 4611 latoris
3471 4539 3898 4633 presentium

1087 4663 1160 4726 et
1186 4654 1491 4747 ipsorum
1516 4657 2097 4732 munimentorum
2123 4673 2320 4733 tenor
2350 4662 2896 4734 manifestissime
2923 4662 3355 4756 profitentur,
3386 4684 3781 4757 quanquam
3801 4661 3890 4733 ad
