<?xml version="1.0" encoding="UTF-8"?>
<!DOCTYPE html PUBLIC "-//W3C//DTD XHTML 1.0 Transitional//EN"
    "http://www.w3.org/TR/xhtml1/DTD/xhtml1-transitional.dtd">
<html xmlns="http://www.w3.org/1999/xhtml" xml:lang="en" lang="en">
 <head>
  <title>
</title>
<meta http-equiv="Content-Type" content="text/html;charset=utf-8" />
  <meta name='ocr-system' content='tesseract 3.04.00' />
  <meta name='ocr-capabilities' content='ocr_page ocr_carea ocr_par ocr_line ocrx_word'/>
</head>
<body>
  <div class='ocr_page' id='page_1' title='image "./historiadiploma00degoog_0098.png"; bbox 0 0 4364 5738; ppageno 0'>
   <div class='ocr_carea' id='block_1_1' title="bbox 964 566 3777 650">
    <p class='ocr_par' dir='ltr' id='par_1_1' title="bbox 964 566 3777 650">
     <span class='ocr_line' id='line_1_1' title="bbox 964 566 3777 650; baseline -0.001 -15"><span class='ocrx_word' id='word_1_1' title='bbox 964 566 1044 625; x_wconf 65' lang='lat'><strong>81</strong></span> <span class='ocrx_word' id='word_1_2' title='bbox 1966 574 2393 634; x_wconf 74' lang='lat' dir='ltr'><strong>anmuct</strong></span> <span class='ocrx_word' id='word_1_3' title='bbox 2445 572 2789 632; x_wconf 66' lang='lat' dir='ltr'><strong>sEctxm</strong></span> <span class='ocrx_word' id='word_1_4' title='bbox 3405 572 3569 650; x_wconf 66' lang='grc' dir='ltr'><strong>[ΑΝΝ.</strong></span> <span class='ocrx_word' id='word_1_5' title='bbox 3607 572 3777 633; x_wconf 76' lang='grc'><strong>1243.</strong></span> 
     </span>
    </p>
   </div>
   <div class='ocr_carea' id='block_1_2' title="bbox 942 705 3778 4398">
    <p class='ocr_par' dir='ltr' id='par_1_2' title="bbox 942 705 3778 4398">
     <span class='ocr_line' id='line_1_2' title="bbox 969 705 3778 806; baseline 0.002 -34"><span class='ocrx_word' id='word_1_6' title='bbox 969 710 1179 772; x_wconf 88' lang='lat' dir='ltr'><strong>tatem</strong></span> <span class='ocrx_word' id='word_1_7' title='bbox 1215 705 1532 776; x_wconf 90' lang='lat' dir='ltr'><strong>eamdem</strong></span> <span class='ocrx_word' id='word_1_8' title='bbox 1555 758 1574 796; x_wconf 94' lang='lat'><strong>,</strong></span> <span class='ocrx_word' id='word_1_9' title='bbox 1611 730 1847 780; x_wconf 90' lang='lat' dir='ltr'><strong>muros</strong></span> <span class='ocrx_word' id='word_1_10' title='bbox 1880 719 1952 781; x_wconf 90' lang='lat' dir='ltr'><strong>et</strong></span> <span class='ocrx_word' id='word_1_11' title='bbox 1994 718 2222 781; x_wconf 86' lang='lat' dir='ltr'><strong>turres</strong></span> <span class='ocrx_word' id='word_1_12' title='bbox 2264 718 2335 779; x_wconf 90' lang='lat' dir='ltr'><strong>et</strong></span> <span class='ocrx_word' id='word_1_13' title='bbox 2361 708 2607 779; x_wconf 89' lang='lat' dir='ltr'><strong>domos</strong></span> <span class='ocrx_word' id='word_1_14' title='bbox 2641 716 2710 777; x_wconf 86' lang='lat' dir='ltr'><strong>et</strong></span> <span class='ocrx_word' id='word_1_15' title='bbox 2741 706 2878 777; x_wconf 90' lang='lat' dir='ltr'><strong>alia</strong></span> <span class='ocrx_word' id='word_1_16' title='bbox 2909 706 3343 806; x_wconf 69' lang='lat' dir='ltr'><strong>publicarum</strong></span> <span class='ocrx_word' id='word_1_17' title='bbox 3378 716 3450 778; x_wconf 89' lang='lat' dir='ltr'><strong>et</strong></span> <span class='ocrx_word' id='word_1_18' title='bbox 3480 707 3778 801; x_wconf 90' lang='lat' dir='ltr'><strong>singula-</strong></span> 
     </span>
     <span class='ocr_line' id='line_1_3' title="bbox 965 829 3776 927; baseline 0.003 -33"><span class='ocrx_word' id='word_1_19' title='bbox 965 846 1118 895; x_wconf 91' lang='lat' dir='ltr'><strong>rum</strong></span> <span class='ocrx_word' id='word_1_20' title='bbox 1154 848 1607 920; x_wconf 88' lang='lat' dir='ltr'><strong>personarum</strong></span> <span class='ocrx_word' id='word_1_21' title='bbox 1635 844 1705 903; x_wconf 91' lang='lat' dir='ltr'><strong>et</strong></span> <span class='ocrx_word' id='word_1_22' title='bbox 1736 833 1968 905; x_wconf 91' lang='lat' dir='ltr'><strong>omnia</strong></span> <span class='ocrx_word' id='word_1_23' title='bbox 1998 834 2068 904; x_wconf 93' lang='lat' dir='ltr'><strong>in</strong></span> <span class='ocrx_word' id='word_1_24' title='bbox 2103 834 2292 905; x_wconf 89' lang='lat' dir='ltr'><strong>bono</strong></span> <span class='ocrx_word' id='word_1_25' title='bbox 2324 842 2508 903; x_wconf 84' lang='lat' dir='ltr'><strong>statu</strong></span> <span class='ocrx_word' id='word_1_26' title='bbox 2550 830 3013 926; x_wconf 78' lang='lat' dir='ltr'><strong>promittimus</strong></span> <span class='ocrx_word' id='word_1_27' title='bbox 3038 829 3483 919; x_wconf 87' lang='lat' dir='ltr'><strong>confirmare,</strong></span> <span class='ocrx_word' id='word_1_28' title='bbox 3520 840 3591 903; x_wconf 90' lang='lat' dir='ltr'><strong>et</strong></span> <span class='ocrx_word' id='word_1_29' title='bbox 3621 852 3776 927; x_wconf 87' lang='lat' dir='ltr'><strong>pas-</strong></span> 
     </span>
     <span class='ocr_line' id='line_1_4' title="bbox 963 950 3777 1048; baseline 0.001 -27"><span class='ocrx_word' id='word_1_30' title='bbox 963 950 1155 1022; x_wconf 88' lang='lat' dir='ltr'><strong>sadia</strong></span> <span class='ocrx_word' id='word_1_31' title='bbox 1211 963 1282 1023; x_wconf 92' lang='lat' dir='ltr'><strong>et</strong></span> <span class='ocrx_word' id='word_1_32' title='bbox 1327 1005 1915 1029; x_wconf 90' lang='lat'><strong>........</strong></span> <span class='ocrx_word' id='word_1_33' title='bbox 1967 957 2353 1029; x_wconf 90' lang='lat' dir='ltr'><strong>secundum</strong></span> <span class='ocrx_word' id='word_1_34' title='bbox 2400 956 2763 1048; x_wconf 90' lang='lat' dir='ltr'><strong>antiquum</strong></span> <span class='ocrx_word' id='word_1_35' title='bbox 2804 955 2921 1046; x_wconf 82' lang='lat' dir='ltr'><strong>jus</strong></span> <span class='ocrx_word' id='word_1_36' title='bbox 2972 964 3043 1024; x_wconf 90' lang='lat' dir='ltr'><strong>et</strong></span> <span class='ocrx_word' id='word_1_37' title='bbox 3094 954 3668 1026; x_wconf 85' lang='lat' dir='ltr'><strong>consuetudinem</strong></span> <span class='ocrx_word' id='word_1_38' title='bbox 3709 964 3777 1025; x_wconf 88' lang='lat' dir='ltr'><strong>et</strong></span> 
     </span>
     <span class='ocr_line' id='line_1_5' title="bbox 959 1076 3775 1173; baseline 0.001 -29"><span class='ocrx_word' id='word_1_39' title='bbox 959 1083 1214 1146; x_wconf 83' lang='lat' dir='ltr'><strong>statum</strong></span> <span class='ocrx_word' id='word_1_40' title='bbox 1270 1076 1706 1151; x_wconf 83' lang='lat' dir='ltr'><strong>affidabimus</strong></span> <span class='ocrx_word' id='word_1_41' title='bbox 1766 1092 1838 1152; x_wconf 91' lang='lat' dir='ltr'><strong>et</strong></span> <span class='ocrx_word' id='word_1_42' title='bbox 1901 1080 2508 1153; x_wconf 81' lang='lat' dir='ltr'><strong>manutenebimus</strong></span> <span class='ocrx_word' id='word_1_43' title='bbox 2562 1078 2662 1149; x_wconf 90' lang='lat' dir='ltr'><strong>eis</strong></span> <span class='ocrx_word' id='word_1_44' title='bbox 2717 1076 2896 1148; x_wconf 86' lang='lat' dir='ltr'><strong>sicut</strong></span> <span class='ocrx_word' id='word_1_45' title='bbox 2960 1078 3385 1173; x_wconf 80' lang='lat' dir='ltr'><strong>temporibus</strong></span> <span class='ocrx_word' id='word_1_46' title='bbox 3443 1077 3775 1149; x_wconf 87' lang='lat' dir='ltr'><strong>hactenus</strong></span> 
     </span>
     <span class='ocr_line' id='line_1_6' title="bbox 959 1197 3776 1300; baseline 0.001 -31"><span class='ocrx_word' id='word_1_47' title='bbox 959 1197 1398 1272; x_wconf 87' lang='lat' dir='ltr'><strong>dominorum</strong></span> <span class='ocrx_word' id='word_1_48' title='bbox 1430 1214 1883 1297; x_wconf 90' lang='lat' dir='ltr'><strong>augustorum</strong></span> <span class='ocrx_word' id='word_1_49' title='bbox 1913 1204 2435 1300; x_wconf 86' lang='lat' dir='ltr'><strong>progenitorum</strong></span> <span class='ocrx_word' id='word_1_50' title='bbox 2471 1211 2865 1274; x_wconf 87' lang='lat' dir='ltr'><strong>nostrorum</strong></span> <span class='ocrx_word' id='word_1_51' title='bbox 2900 1202 3014 1272; x_wconf 82' lang='lat' dir='ltr'><strong>avi</strong></span> <span class='ocrx_word' id='word_1_52' title='bbox 3042 1213 3111 1272; x_wconf 90' lang='lat' dir='ltr'><strong>et</strong></span> <span class='ocrx_word' id='word_1_53' title='bbox 3139 1201 3355 1297; x_wconf 89' lang='lat' dir='ltr'><strong>patris</strong></span> <span class='ocrx_word' id='word_1_54' title='bbox 3385 1201 3601 1272; x_wconf 77' lang='lat' dir='ltr'><strong>nostri</strong></span> <span class='ocrx_word' id='word_1_55' title='bbox 3633 1222 3776 1271; x_wconf 90' lang='lat' dir='ltr'><strong>me-</strong></span> 
     </span>
     <span class='ocr_line' id='line_1_7' title="bbox 956 1323 3776 1421; baseline 0.002 -30"><span class='ocrx_word' id='word_1_56' title='bbox 956 1323 1172 1395; x_wconf 82' lang='lat' dir='ltr'><strong>morie</strong></span> <span class='ocrx_word' id='word_1_57' title='bbox 1206 1327 1579 1399; x_wconf 87' lang='lat' dir='ltr'><strong>recolende</strong></span> <span class='ocrx_word' id='word_1_58' title='bbox 1613 1328 1796 1399; x_wconf 88' lang='lat' dir='ltr'><strong>soliti</strong></span> <span class='ocrx_word' id='word_1_59' title='bbox 1838 1337 2002 1399; x_wconf 90' lang='lat' dir='ltr'><strong>sunt</strong></span> <span class='ocrx_word' id='word_1_60' title='bbox 2033 1328 2318 1399; x_wconf 89' lang='lat' dir='ltr'><strong>habere.</strong></span> <span class='ocrx_word' id='word_1_61' title='bbox 2356 1326 2753 1398; x_wconf 89' lang='lat' dir='ltr'><strong>Molendina</strong></span> <span class='ocrx_word' id='word_1_62' title='bbox 2783 1326 2992 1397; x_wconf 92' lang='lat' dir='ltr'><strong>etiam</strong></span> <span class='ocrx_word' id='word_1_63' title='bbox 3024 1326 3321 1397; x_wconf 85' lang='lat' dir='ltr'><strong>civitatis</strong></span> <span class='ocrx_word' id='word_1_64' title='bbox 3351 1326 3659 1421; x_wconf 83' lang='lat' dir='ltr'><strong>predicte</strong></span> <span class='ocrx_word' id='word_1_65' title='bbox 3691 1325 3776 1398; x_wconf 91' lang='lat' dir='ltr'><strong>de</strong></span> 
     </span>
     <span class='ocr_line' id='line_1_8' title="bbox 955 1448 3775 1543; baseline 0.001 -27"><span class='ocrx_word' id='word_1_66' title='bbox 955 1457 1190 1519; x_wconf 88' lang='lat' dir='ltr'><strong>nostra</strong></span> <span class='ocrx_word' id='word_1_67' title='bbox 1216 1450 1440 1540; x_wconf 89' lang='lat' dir='ltr'><strong>gratia</strong></span> <span class='ocrx_word' id='word_1_68' title='bbox 1474 1448 1964 1523; x_wconf 84' lang='lat' dir='ltr'><strong>confirmantes</strong></span> <span class='ocrx_word' id='word_1_69' title='bbox 1983 1506 2003 1540; x_wconf 96' lang='lat'><strong>,</strong></span> <span class='ocrx_word' id='word_1_70' title='bbox 2038 1452 2361 1524; x_wconf 91' lang='lat' dir='ltr'><strong>volumus</strong></span> <span class='ocrx_word' id='word_1_71' title='bbox 2394 1460 2465 1522; x_wconf 90' lang='lat' dir='ltr'><strong>et</strong></span> <span class='ocrx_word' id='word_1_72' title='bbox 2503 1451 2915 1521; x_wconf 91' lang='lat' dir='ltr'><strong>mandamus</strong></span> <span class='ocrx_word' id='word_1_73' title='bbox 2947 1450 3138 1543; x_wconf 93' lang='lat' dir='ltr'><strong>quod</strong></span> <span class='ocrx_word' id='word_1_74' title='bbox 3169 1451 3462 1521; x_wconf 86' lang='lat' dir='ltr'><strong>mercari</strong></span> <span class='ocrx_word' id='word_1_75' title='bbox 3497 1460 3567 1520; x_wconf 89' lang='lat' dir='ltr'><strong>et</strong></span> <span class='ocrx_word' id='word_1_76' title='bbox 3597 1451 3775 1521; x_wconf 90' lang='lat' dir='ltr'><strong>bona</strong></span> 
     </span>
     <span class='ocr_line' id='line_1_9' title="bbox 954 1573 3771 1664; baseline 0.001 -24"><span class='ocrx_word' id='word_1_77' title='bbox 954 1590 1080 1640; x_wconf 90' lang='lat' dir='ltr'><strong>sua</strong></span> <span class='ocrx_word' id='word_1_78' title='bbox 1115 1581 1394 1664; x_wconf 88' lang='lat' dir='ltr'><strong>portare</strong></span> <span class='ocrx_word' id='word_1_79' title='bbox 1431 1583 1500 1644; x_wconf 90' lang='lat' dir='ltr'><strong>et</strong></span> <span class='ocrx_word' id='word_1_80' title='bbox 1533 1573 1699 1646; x_wconf 90' lang='lat' dir='ltr'><strong>dare</strong></span> <span class='ocrx_word' id='word_1_81' title='bbox 1737 1574 2058 1647; x_wconf 85' lang='lat' dir='ltr'><strong>fidelibus</strong></span> <span class='ocrx_word' id='word_1_82' title='bbox 2093 1587 2162 1646; x_wconf 87' lang='lat' dir='ltr'><strong>et</strong></span> <span class='ocrx_word' id='word_1_83' title='bbox 2199 1573 2523 1646; x_wconf 90' lang='lat' dir='ltr'><strong>omnibus</strong></span> <span class='ocrx_word' id='word_1_84' title='bbox 2560 1573 2714 1644; x_wconf 91' lang='lat' dir='ltr'><strong>aliis</strong></span> <span class='ocrx_word' id='word_1_85' title='bbox 2753 1584 2823 1645; x_wconf 88' lang='lat' dir='ltr'><strong>et</strong></span> <span class='ocrx_word' id='word_1_86' title='bbox 2852 1575 2943 1645; x_wconf 92' lang='lat' dir='ltr'><strong>ab</strong></span> <span class='ocrx_word' id='word_1_87' title='bbox 2986 1574 3085 1644; x_wconf 89' lang='lat' dir='ltr'><strong>eis</strong></span> <span class='ocrx_word' id='word_1_88' title='bbox 3126 1574 3598 1645; x_wconf 80' lang='lat' dir='ltr'><strong>deferentibus</strong></span> <span class='ocrx_word' id='word_1_89' title='bbox 3637 1574 3771 1644; x_wconf 90' lang='lat' dir='ltr'><strong>illic</strong></span> 
     </span>
     <span class='ocr_line' id='line_1_10' title="bbox 956 1694 3769 1795; baseline 0.003 -33"><span class='ocrx_word' id='word_1_90' title='bbox 956 1694 1264 1788; x_wconf 89' lang='lat' dir='ltr'><strong>recipere</strong></span> <span class='ocrx_word' id='word_1_91' title='bbox 1301 1695 1667 1795; x_wconf 89' lang='lat' dir='ltr'><strong>[valeant],</strong></span> <span class='ocrx_word' id='word_1_92' title='bbox 1703 1700 1799 1771; x_wconf 90' lang='lat' dir='ltr'><strong>ita</strong></span> <span class='ocrx_word' id='word_1_93' title='bbox 1830 1701 2021 1794; x_wconf 91' lang='lat' dir='ltr'><strong>quod</strong></span> <span class='ocrx_word' id='word_1_94' title='bbox 2045 1710 2427 1772; x_wconf 89' lang='lat' dir='ltr'><strong>mercatum</strong></span> <span class='ocrx_word' id='word_1_95' title='bbox 2460 1700 2626 1769; x_wconf 93' lang='lat' dir='ltr'><strong>illuc</strong></span> <span class='ocrx_word' id='word_1_96' title='bbox 2654 1698 2928 1770; x_wconf 85' lang='lat' dir='ltr'><strong>deferre</strong></span> <span class='ocrx_word' id='word_1_97' title='bbox 2963 1720 3204 1769; x_wconf 90' lang='lat' dir='ltr'><strong>secure</strong></span> <span class='ocrx_word' id='word_1_98' title='bbox 3231 1699 3466 1768; x_wconf 91' lang='lat' dir='ltr'><strong>nullus</strong></span> <span class='ocrx_word' id='word_1_99' title='bbox 3498 1698 3769 1792; x_wconf 89' lang='lat' dir='ltr'><strong>penitus</strong></span> 
     </span>
     <span class='ocr_line' id='line_1_11' title="bbox 953 1822 3768 1917; baseline 0.001 -27"><span class='ocrx_word' id='word_1_100' title='bbox 953 1831 1299 1911; x_wconf 82' lang='lat' dir='ltr'><strong>arceatur,</strong></span> <span class='ocrx_word' id='word_1_101' title='bbox 1339 1822 1519 1894; x_wconf 91' lang='lat' dir='ltr'><strong>sicut</strong></span> <span class='ocrx_word' id='word_1_102' title='bbox 1549 1824 1780 1917; x_wconf 89' lang='lat' dir='ltr'><strong>aliqua</strong></span> <span class='ocrx_word' id='word_1_103' title='bbox 1811 1825 1946 1897; x_wconf 90' lang='lat' dir='ltr'><strong>alia</strong></span> <span class='ocrx_word' id='word_1_104' title='bbox 1983 1827 2225 1898; x_wconf 88' lang='lat' dir='ltr'><strong>civitas</strong></span> <span class='ocrx_word' id='word_1_105' title='bbox 2261 1824 2563 1898; x_wconf 87' lang='lat' dir='ltr'><strong>Marchie</strong></span> <span class='ocrx_word' id='word_1_106' title='bbox 2591 1824 2703 1895; x_wconf 90' lang='lat' dir='ltr'><strong>cui</strong></span> <span class='ocrx_word' id='word_1_107' title='bbox 2735 1844 2779 1895; x_wconf 90' lang='lat' dir='ltr'><strong>a</strong></span> <span class='ocrx_word' id='word_1_108' title='bbox 2812 1824 3016 1895; x_wconf 92' lang='lat' dir='ltr'><strong>nobis</strong></span> <span class='ocrx_word' id='word_1_109' title='bbox 3048 1822 3183 1896; x_wconf 88' lang='lat' dir='ltr'><strong>hoc</strong></span> <span class='ocrx_word' id='word_1_110' title='bbox 3212 1824 3459 1894; x_wconf 90' lang='lat' dir='ltr'><strong>melius</strong></span> <span class='ocrx_word' id='word_1_111' title='bbox 3482 1824 3768 1917; x_wconf 89' lang='lat' dir='ltr'><strong>promit·</strong></span> 
     </span>
     <span class='ocr_line' id='line_1_12' title="bbox 956 1944 3769 2044; baseline 0 -28"><span class='ocrx_word' id='word_1_112' title='bbox 956 1944 1146 2016; x_wconf 89' lang='lat' dir='ltr'><strong>titur.</strong></span> <span class='ocrx_word' id='word_1_113' title='bbox 1184 1947 1512 2018; x_wconf 88' lang='lat' dir='ltr'><strong>Homines</strong></span> <span class='ocrx_word' id='word_1_114' title='bbox 1541 1971 1824 2043; x_wconf 91' lang='lat' dir='ltr'><strong>quoque</strong></span> <span class='ocrx_word' id='word_1_115' title='bbox 1854 1960 1925 2021; x_wconf 90' lang='lat' dir='ltr'><strong>et</strong></span> <span class='ocrx_word' id='word_1_116' title='bbox 1951 1950 2302 2022; x_wconf 89' lang='lat' dir='ltr'><strong>civitatem</strong></span> <span class='ocrx_word' id='word_1_117' title='bbox 2336 1950 2557 2044; x_wconf 85' lang='lat' dir='ltr'><strong>ipsam</strong></span> <span class='ocrx_word' id='word_1_118' title='bbox 2596 1959 2665 2019; x_wconf 93' lang='lat' dir='ltr'><strong>et</strong></span> <span class='ocrx_word' id='word_1_119' title='bbox 2697 1948 2930 2019; x_wconf 90' lang='lat' dir='ltr'><strong>omnia</strong></span> <span class='ocrx_word' id='word_1_120' title='bbox 2971 1969 3212 2018; x_wconf 90' lang='lat' dir='ltr'><strong>eorum</strong></span> <span class='ocrx_word' id='word_1_121' title='bbox 3236 1949 3397 2039; x_wconf 85' lang='lat' dir='ltr'><strong>jura</strong></span> <span class='ocrx_word' id='word_1_122' title='bbox 3433 1969 3569 2039; x_wconf 88' lang='lat' dir='ltr'><strong>que</strong></span> <span class='ocrx_word' id='word_1_123' title='bbox 3600 1957 3769 2018; x_wconf 88' lang='lat' dir='ltr'><strong>tem·</strong></span> 
     </span>
     <span class='ocr_line' id='line_1_13' title="bbox 949 2069 3763 2163; baseline 0.001 -25"><span class='ocrx_word' id='word_1_124' title='bbox 949 2089 1120 2163; x_wconf 86' lang='lat' dir='ltr'><strong>pore</strong></span> <span class='ocrx_word' id='word_1_125' title='bbox 1157 2090 1441 2142; x_wconf 89' lang='lat' dir='ltr'><strong>suorum</strong></span> <span class='ocrx_word' id='word_1_126' title='bbox 1476 2082 1994 2145; x_wconf 89' lang='lat' dir='ltr'><strong>antecessorum</strong></span> <span class='ocrx_word' id='word_1_127' title='bbox 2022 2074 2204 2145; x_wconf 89' lang='lat' dir='ltr'><strong>soliti</strong></span> <span class='ocrx_word' id='word_1_128' title='bbox 2240 2083 2404 2144; x_wconf 89' lang='lat' dir='ltr'><strong>sunt</strong></span> <span class='ocrx_word' id='word_1_129' title='bbox 2443 2073 2701 2143; x_wconf 89' lang='lat' dir='ltr'><strong>habere</strong></span> <span class='ocrx_word' id='word_1_130' title='bbox 2744 2071 2815 2140; x_wconf 94' lang='lat' dir='ltr'><strong>in</strong></span> <span class='ocrx_word' id='word_1_131' title='bbox 2862 2069 3140 2142; x_wconf 84' lang='lat' dir='ltr'><strong>civitate</strong></span> <span class='ocrx_word' id='word_1_132' title='bbox 3176 2070 3342 2141; x_wconf 89' lang='lat' dir='ltr'><strong>Fani</strong></span> <span class='ocrx_word' id='word_1_133' title='bbox 3385 2072 3497 2142; x_wconf 87' lang='lat' dir='ltr'><strong>vel</strong></span> <span class='ocrx_word' id='word_1_134' title='bbox 3531 2080 3763 2161; x_wconf 80' lang='lat' dir='ltr'><strong>extra,</strong></span> 
     </span>
     <span class='ocr_line' id='line_1_14' title="bbox 948 2191 3763 2286; baseline 0.001 -24"><span class='ocrx_word' id='word_1_135' title='bbox 948 2191 1207 2286; x_wconf 88' lang='lat' dir='ltr'><strong>ubique</strong></span> <span class='ocrx_word' id='word_1_136' title='bbox 1249 2195 1318 2264; x_wconf 92' lang='lat' dir='ltr'><strong>in</strong></span> <span class='ocrx_word' id='word_1_137' title='bbox 1364 2218 1492 2268; x_wconf 91' lang='lat' dir='ltr'><strong>suo</strong></span> <span class='ocrx_word' id='word_1_138' title='bbox 1536 2197 1726 2269; x_wconf 90' lang='lat' dir='ltr'><strong>bono</strong></span> <span class='ocrx_word' id='word_1_139' title='bbox 1759 2207 1944 2268; x_wconf 82' lang='lat' dir='ltr'><strong>statu</strong></span> <span class='ocrx_word' id='word_1_140' title='bbox 1982 2197 2373 2269; x_wconf 90' lang='lat' dir='ltr'><strong>tenebimus</strong></span> <span class='ocrx_word' id='word_1_141' title='bbox 2417 2207 2488 2267; x_wconf 90' lang='lat' dir='ltr'><strong>et</strong></span> <span class='ocrx_word' id='word_1_142' title='bbox 2531 2195 2602 2265; x_wconf 91' lang='lat' dir='ltr'><strong>iu</strong></span> <span class='ocrx_word' id='word_1_143' title='bbox 2643 2194 2916 2265; x_wconf 88' lang='lat' dir='ltr'><strong>meliori</strong></span> <span class='ocrx_word' id='word_1_144' title='bbox 2951 2194 3346 2266; x_wconf 83' lang='lat' dir='ltr'><strong>curabimus</strong></span> <span class='ocrx_word' id='word_1_145' title='bbox 3383 2195 3763 2267; x_wconf 85' lang='lat' dir='ltr'><strong>reformari.</strong></span> 
     </span>
     <span class='ocr_line' id='line_1_15' title="bbox 945 2317 3766 2418; baseline 0 -29"><span class='ocrx_word' id='word_1_146' title='bbox 945 2318 1401 2390; x_wconf 89' lang='lat' dir='ltr'><strong>Concedimus</strong></span> <span class='ocrx_word' id='word_1_147' title='bbox 1433 2320 1716 2416; x_wconf 86' lang='lat' dir='ltr'><strong>insuper</strong></span> <span class='ocrx_word' id='word_1_148' title='bbox 1748 2333 1826 2393; x_wconf 90' lang='lat' dir='ltr'><strong>ut</strong></span> <span class='ocrx_word' id='word_1_149' title='bbox 1859 2318 2005 2418; x_wconf 89' lang='lat' dir='ltr'><strong>[ad]</strong></span> <span class='ocrx_word' id='word_1_150' title='bbox 2040 2322 2367 2393; x_wconf 83' lang='lat' dir='ltr'><strong>collectas</strong></span> <span class='ocrx_word' id='word_1_151' title='bbox 2398 2321 2511 2391; x_wconf 82' lang='lat' dir='ltr'><strong>vel</strong></span> <span class='ocrx_word' id='word_1_152' title='bbox 2544 2317 2816 2390; x_wconf 88' lang='lat' dir='ltr'><strong>dativas</strong></span> <span class='ocrx_word' id='word_1_153' title='bbox 2850 2318 3120 2411; x_wconf 91' lang='lat' dir='ltr'><strong>aliquas</strong></span> <span class='ocrx_word' id='word_1_154' title='bbox 3154 2318 3405 2390; x_wconf 90' lang='lat' dir='ltr'><strong>amodo</strong></span> <span class='ocrx_word' id='word_1_155' title='bbox 3444 2329 3516 2389; x_wconf 90' lang='lat' dir='ltr'><strong>et</strong></span> <span class='ocrx_word' id='word_1_156' title='bbox 3546 2340 3766 2410; x_wconf 90' lang='lat' dir='ltr'><strong>usque</strong></span> 
     </span>
     <span class='ocr_line' id='line_1_16' title="bbox 945 2442 3768 2537; baseline 0 -25"><span class='ocrx_word' id='word_1_157' title='bbox 945 2442 1039 2513; x_wconf 93' lang='lat' dir='ltr'><strong>ad</strong></span> <span class='ocrx_word' id='word_1_158' title='bbox 1069 2443 1624 2536; x_wconf 89' lang='lat' dir='ltr'><strong>quinquennium</strong></span> <span class='ocrx_word' id='word_1_159' title='bbox 1658 2467 1801 2517; x_wconf 92' lang='lat' dir='ltr'><strong>non</strong></span> <span class='ocrx_word' id='word_1_160' title='bbox 1854 2455 2192 2537; x_wconf 80' lang='lat' dir='ltr'><strong>cogantur</strong></span> <span class='ocrx_word' id='word_1_161' title='bbox 2223 2465 2354 2515; x_wconf 90' lang='lat' dir='ltr'><strong>nec</strong></span> <span class='ocrx_word' id='word_1_162' title='bbox 2386 2443 2480 2514; x_wconf 93' lang='lat' dir='ltr'><strong>ad</strong></span> <span class='ocrx_word' id='word_1_163' title='bbox 2512 2442 2901 2514; x_wconf 84' lang='lat' dir='ltr'><strong>exercitum</strong></span> <span class='ocrx_word' id='word_1_164' title='bbox 2941 2443 3054 2513; x_wconf 91' lang='lat' dir='ltr'><strong>vel</strong></span> <span class='ocrx_word' id='word_1_165' title='bbox 3088 2443 3515 2513; x_wconf 85' lang='lat' dir='ltr'><strong>cavalcatam</strong></span> <span class='ocrx_word' id='word_1_166' title='bbox 3549 2463 3768 2535; x_wconf 89' lang='lat' dir='ltr'><strong>usque</strong></span> 
     </span>
     <span class='ocr_line' id='line_1_17' title="bbox 944 2564 3769 2660; baseline 0 -23"><span class='ocrx_word' id='word_1_167' title='bbox 944 2566 1037 2637; x_wconf 89' lang='lat' dir='ltr'><strong>ad</strong></span> <span class='ocrx_word' id='word_1_168' title='bbox 1069 2588 1330 2637; x_wconf 92' lang='lat' dir='ltr'><strong>annum</strong></span> <span class='ocrx_word' id='word_1_169' title='bbox 1369 2589 1626 2656; x_wconf 86' lang='lat' dir='ltr'><strong>unum;</strong></span> <span class='ocrx_word' id='word_1_170' title='bbox 1677 2569 1869 2660; x_wconf 90' lang='lat' dir='ltr'><strong>quod</strong></span> <span class='ocrx_word' id='word_1_171' title='bbox 1923 2578 2160 2638; x_wconf 87' lang='lat' dir='ltr'><strong>tenute</strong></span> <span class='ocrx_word' id='word_1_172' title='bbox 2210 2577 2280 2638; x_wconf 88' lang='lat' dir='ltr'><strong>et</strong></span> <span class='ocrx_word' id='word_1_173' title='bbox 2315 2566 2668 2638; x_wconf 90' lang='lat' dir='ltr'><strong>credentie</strong></span> <span class='ocrx_word' id='word_1_174' title='bbox 2711 2566 3145 2658; x_wconf 87' lang='lat' dir='ltr'><strong>singulorum</strong></span> <span class='ocrx_word' id='word_1_175' title='bbox 3194 2564 3554 2636; x_wconf 91' lang='lat' dir='ltr'><strong>hominum</strong></span> <span class='ocrx_word' id='word_1_176' title='bbox 3604 2566 3769 2637; x_wconf 89' lang='lat' dir='ltr'><strong>civi-</strong></span> 
     </span>
     <span class='ocr_line' id='line_1_18' title="bbox 945 2689 3767 2784; baseline 0 -23"><span class='ocrx_word' id='word_1_177' title='bbox 945 2689 1104 2761; x_wconf 88' lang='lat' dir='ltr'><strong>tatis</strong></span> <span class='ocrx_word' id='word_1_178' title='bbox 1134 2689 1298 2759; x_wconf 88' lang='lat' dir='ltr'><strong>Fani</strong></span> <span class='ocrx_word' id='word_1_179' title='bbox 1328 2698 1534 2783; x_wconf 86' lang='lat' dir='ltr'><strong>prout</strong></span> <span class='ocrx_word' id='word_1_180' title='bbox 1559 2712 1744 2761; x_wconf 91' lang='lat' dir='ltr'><strong>nunc</strong></span> <span class='ocrx_word' id='word_1_181' title='bbox 1773 2700 1933 2760; x_wconf 83' lang='lat' dir='ltr'><strong>sunt</strong></span> <span class='ocrx_word' id='word_1_182' title='bbox 1963 2690 2321 2784; x_wconf 83' lang='lat' dir='ltr'><strong>expedite,</strong></span> <span class='ocrx_word' id='word_1_183' title='bbox 2352 2690 2545 2760; x_wconf 92' lang='lat' dir='ltr'><strong>nulla</strong></span> <span class='ocrx_word' id='word_1_184' title='bbox 2577 2689 3026 2761; x_wconf 89' lang='lat' dir='ltr'><strong>concessione</strong></span> <span class='ocrx_word' id='word_1_185' title='bbox 3056 2690 3374 2760; x_wconf 85' lang='lat' dir='ltr'><strong>obstante</strong></span> <span class='ocrx_word' id='word_1_186' title='bbox 3402 2689 3515 2761; x_wconf 89' lang='lat' dir='ltr'><strong>vel</strong></span> <span class='ocrx_word' id='word_1_187' title='bbox 3537 2690 3767 2782; x_wconf 90' lang='lat' dir='ltr'><strong>aliquo</strong></span> 
     </span>
     <span class='ocr_line' id='line_1_19' title="bbox 945 2812 3765 2909; baseline 0 -24"><span class='ocrx_word' id='word_1_188' title='bbox 945 2814 1467 2909; x_wconf 82' lang='lat' dir='ltr'><strong>impedimentO,</strong></span> <span class='ocrx_word' id='word_1_189' title='bbox 1504 2815 1958 2886; x_wconf 88' lang='lat' dir='ltr'><strong>restituantur</strong></span> <span class='ocrx_word' id='word_1_190' title='bbox 1991 2814 2255 2887; x_wconf 88' lang='lat' dir='ltr'><strong>eisdem</strong></span> <span class='ocrx_word' id='word_1_191' title='bbox 2289 2813 2464 2885; x_wconf 92' lang='lat' dir='ltr'><strong>sicut</strong></span> <span class='ocrx_word' id='word_1_192' title='bbox 2502 2824 2701 2885; x_wconf 90' lang='lat' dir='ltr'><strong>erant</strong></span> <span class='ocrx_word' id='word_1_193' title='bbox 2736 2823 3049 2909; x_wconf 87' lang='lat' dir='ltr'><strong>tempore</strong></span> <span class='ocrx_word' id='word_1_194' title='bbox 3081 2812 3354 2909; x_wconf 89' lang='lat' dir='ltr'><strong>incepte</strong></span> <span class='ocrx_word' id='word_1_195' title='bbox 3381 2835 3631 2906; x_wconf 82' lang='lat' dir='ltr'><strong>guerre</strong></span> <span class='ocrx_word' id='word_1_196' title='bbox 3657 2816 3765 2888; x_wconf 90' lang='lat' dir='ltr'><strong>vel</strong></span> 
     </span>
     <span class='ocr_line' id='line_1_20' title="bbox 945 2935 3765 3037; baseline -0.001 -26"><span class='ocrx_word' id='word_1_197' title='bbox 945 2939 1253 3030; x_wconf 88' lang='lat' dir='ltr'><strong>cuilibet,</strong></span> <span class='ocrx_word' id='word_1_198' title='bbox 1285 2949 1352 3010; x_wconf 91' lang='lat' dir='ltr'><strong>et</strong></span> <span class='ocrx_word' id='word_1_199' title='bbox 1383 2935 1513 3037; x_wconf 91' lang='lat' dir='ltr'><strong>[ut]</strong></span> <span class='ocrx_word' id='word_1_200' title='bbox 1549 2939 1756 3010; x_wconf 87' lang='lat' dir='ltr'><strong>liceat</strong></span> <span class='ocrx_word' id='word_1_201' title='bbox 1790 2959 1916 3010; x_wconf 90' lang='lat' dir='ltr'><strong>sua</strong></span> <span class='ocrx_word' id='word_1_202' title='bbox 1942 2939 2353 3010; x_wconf 88' lang='lat' dir='ltr'><strong>auctoritate</strong></span> <span class='ocrx_word' id='word_1_203' title='bbox 2392 2939 2704 3033; x_wconf 89' lang='lat' dir='ltr'><strong>recipere</strong></span> <span class='ocrx_word' id='word_1_204' title='bbox 2743 2948 2814 3008; x_wconf 88' lang='lat' dir='ltr'><strong>et</strong></span> <span class='ocrx_word' id='word_1_205' title='bbox 2844 2935 3105 3008; x_wconf 90' lang='lat' dir='ltr'><strong>habere</strong></span> <span class='ocrx_word' id='word_1_206' title='bbox 3145 2937 3414 3027; x_wconf 89' lang='lat' dir='ltr'><strong>eadem,</strong></span> <span class='ocrx_word' id='word_1_207' title='bbox 3445 2938 3765 3032; x_wconf 86' lang='lat' dir='ltr'><strong>episcopo</strong></span> 
     </span>
     <span class='ocr_line' id='line_1_21' title="bbox 946 3061 3758 3152; baseline -0.001 -17"><span class='ocrx_word' id='word_1_208' title='bbox 946 3075 1018 3135; x_wconf 93' lang='lat' dir='ltr'><strong>et</strong></span> <span class='ocrx_word' id='word_1_209' title='bbox 1043 3064 1312 3135; x_wconf 89' lang='lat' dir='ltr'><strong>clericis</strong></span> <span class='ocrx_word' id='word_1_210' title='bbox 1342 3064 1413 3133; x_wconf 92' lang='lat' dir='ltr'><strong>in</strong></span> <span class='ocrx_word' id='word_1_211' title='bbox 1457 3061 1793 3135; x_wconf 89' lang='lat' dir='ltr'><strong>fidelitate</strong></span> <span class='ocrx_word' id='word_1_212' title='bbox 1840 3073 2073 3135; x_wconf 88' lang='lat' dir='ltr'><strong>nostra</strong></span> <span class='ocrx_word' id='word_1_213' title='bbox 2124 3063 2567 3134; x_wconf 90' lang='lat' dir='ltr'><strong>manentibus</strong></span> <span class='ocrx_word' id='word_1_214' title='bbox 2614 3061 2704 3133; x_wconf 89' lang='lat' dir='ltr'><strong>de</strong></span> <span class='ocrx_word' id='word_1_215' title='bbox 2748 3069 2985 3132; x_wconf 92' lang='lat' dir='ltr'><strong>nostra</strong></span> <span class='ocrx_word' id='word_1_216' title='bbox 3028 3061 3249 3152; x_wconf 86' lang='lat' dir='ltr'><strong>gratia</strong></span> <span class='ocrx_word' id='word_1_217' title='bbox 3293 3061 3758 3132; x_wconf 85' lang='lat' dir='ltr'><strong>concedimus.</strong></span> 
     </span>
     <span class='ocr_line' id='line_1_22' title="bbox 942 3184 3763 3283; baseline -0.001 -24"><span class='ocrx_word' id='word_1_218' title='bbox 942 3190 1266 3260; x_wconf 88' lang='lat' dir='ltr'><strong>Preterea</strong></span> <span class='ocrx_word' id='word_1_219' title='bbox 1293 3188 1695 3282; x_wconf 90' lang='lat' dir='ltr'><strong>capitaneos</strong></span> <span class='ocrx_word' id='word_1_220' title='bbox 1728 3198 1798 3259; x_wconf 86' lang='lat' dir='ltr'><strong>et</strong></span> <span class='ocrx_word' id='word_1_221' title='bbox 1837 3189 2157 3259; x_wconf 90' lang='lat' dir='ltr'><strong>consules</strong></span> <span class='ocrx_word' id='word_1_222' title='bbox 2186 3187 2427 3283; x_wconf 91' lang='lat' dir='ltr'><strong>populi</strong></span> <span class='ocrx_word' id='word_1_223' title='bbox 2455 3197 2815 3281; x_wconf 85' lang='lat' dir='ltr'><strong>presentes</strong></span> <span class='ocrx_word' id='word_1_224' title='bbox 2844 3195 2916 3257; x_wconf 91' lang='lat' dir='ltr'><strong>et</strong></span> <span class='ocrx_word' id='word_1_225' title='bbox 2950 3186 3217 3255; x_wconf 82' lang='lat' dir='ltr'><strong>futuros</strong></span> <span class='ocrx_word' id='word_1_226' title='bbox 3248 3184 3763 3273; x_wconf 86' lang='lat' dir='ltr'><strong>confirmamus,</strong></span> 
     </span>
     <span class='ocr_line' id='line_1_23' title="bbox 946 3308 3768 3407; baseline -0.001 -25"><span class='ocrx_word' id='word_1_227' title='bbox 946 3320 1154 3407; x_wconf 92' lang='lat' dir='ltr'><strong>prout</strong></span> <span class='ocrx_word' id='word_1_228' title='bbox 1186 3309 1432 3381; x_wconf 87' lang='lat' dir='ltr'><strong>honori</strong></span> <span class='ocrx_word' id='word_1_229' title='bbox 1472 3320 1714 3383; x_wconf 88' lang='lat' dir='ltr'><strong>nostro</strong></span> <span class='ocrx_word' id='word_1_230' title='bbox 1761 3323 1833 3383; x_wconf 91' lang='lat' dir='ltr'><strong>et</strong></span> <span class='ocrx_word' id='word_1_231' title='bbox 1862 3313 2076 3405; x_wconf 86' lang='lat' dir='ltr'><strong>quieti</strong></span> <span class='ocrx_word' id='word_1_232' title='bbox 2115 3321 2336 3384; x_wconf 88' lang='lat' dir='ltr'><strong>status</strong></span> <span class='ocrx_word' id='word_1_233' title='bbox 2377 3310 2593 3406; x_wconf 92' lang='lat' dir='ltr'><strong>ipsius</strong></span> <span class='ocrx_word' id='word_1_234' title='bbox 2640 3319 2823 3381; x_wconf 88' lang='lat' dir='ltr'><strong>terre</strong></span> <span class='ocrx_word' id='word_1_235' title='bbox 2870 3309 3263 3381; x_wconf 87' lang='lat' dir='ltr'><strong>videbimus</strong></span> <span class='ocrx_word' id='word_1_236' title='bbox 3298 3308 3665 3402; x_wconf 85' lang='lat' dir='ltr'><strong>expedire,</strong></span> <span class='ocrx_word' id='word_1_237' title='bbox 3698 3319 3768 3379; x_wconf 86' lang='lat' dir='ltr'><strong>et</strong></span> 
     </span>
     <span class='ocr_line' id='line_1_24' title="bbox 945 3433 3765 3532; baseline -0.001 -26"><span class='ocrx_word' id='word_1_238' title='bbox 945 3436 1018 3506; x_wconf 89' lang='lat' dir='ltr'><strong>in</strong></span> <span class='ocrx_word' id='word_1_239' title='bbox 1074 3434 1398 3505; x_wconf 89' lang='lat' dir='ltr'><strong>omnibus</strong></span> <span class='ocrx_word' id='word_1_240' title='bbox 1440 3435 1761 3528; x_wconf 91' lang='lat' dir='ltr'><strong>capitulis</strong></span> <span class='ocrx_word' id='word_1_241' title='bbox 1812 3436 2227 3532; x_wconf 90' lang='lat' dir='ltr'><strong>supradictis</strong></span> <span class='ocrx_word' id='word_1_242' title='bbox 2289 3444 2358 3506; x_wconf 91' lang='lat' dir='ltr'><strong>et</strong></span> <span class='ocrx_word' id='word_1_243' title='bbox 2405 3434 2558 3506; x_wconf 91' lang='lat' dir='ltr'><strong>aliis</strong></span> <span class='ocrx_word' id='word_1_244' title='bbox 2609 3434 2681 3506; x_wconf 95' lang='lat' dir='ltr'><strong>in</strong></span> <span class='ocrx_word' id='word_1_245' title='bbox 2738 3434 2925 3505; x_wconf 89' lang='lat' dir='ltr'><strong>bono</strong></span> <span class='ocrx_word' id='word_1_246' title='bbox 2976 3443 3160 3505; x_wconf 90' lang='lat' dir='ltr'><strong>statu</strong></span> <span class='ocrx_word' id='word_1_247' title='bbox 3210 3433 3556 3505; x_wconf 88' lang='lat' dir='ltr'><strong>civitatem</strong></span> <span class='ocrx_word' id='word_1_248' title='bbox 3600 3433 3765 3504; x_wconf 89' lang='lat' dir='ltr'><strong>Fani</strong></span> 
     </span>
     <span class='ocr_line' id='line_1_25' title="bbox 946 3556 3765 3653; baseline -0.001 -23"><span class='ocrx_word' id='word_1_249' title='bbox 946 3557 1337 3630; x_wconf 89' lang='lat' dir='ltr'><strong>tenebimus</strong></span> <span class='ocrx_word' id='word_1_250' title='bbox 1387 3557 1565 3629; x_wconf 87' lang='lat' dir='ltr'><strong>sicut</strong></span> <span class='ocrx_word' id='word_1_251' title='bbox 1603 3558 1737 3629; x_wconf 93' lang='lat' dir='ltr'><strong>alie</strong></span> <span class='ocrx_word' id='word_1_252' title='bbox 1772 3560 2085 3631; x_wconf 87' lang='lat' dir='ltr'><strong>civitates</strong></span> <span class='ocrx_word' id='word_1_253' title='bbox 2119 3557 2424 3629; x_wconf 90' lang='lat' dir='ltr'><strong>Marchie</strong></span> <span class='ocrx_word' id='word_1_254' title='bbox 2467 3579 2645 3653; x_wconf 89' lang='lat' dir='ltr'><strong>quas</strong></span> <span class='ocrx_word' id='word_1_255' title='bbox 2696 3557 2944 3628; x_wconf 91' lang='lat' dir='ltr'><strong>melius</strong></span> <span class='ocrx_word' id='word_1_256' title='bbox 2986 3556 3060 3627; x_wconf 92' lang='lat' dir='ltr'><strong>in</strong></span> <span class='ocrx_word' id='word_1_257' title='bbox 3103 3557 3289 3628; x_wconf 92' lang='lat' dir='ltr'><strong>bono</strong></span> <span class='ocrx_word' id='word_1_258' title='bbox 3329 3566 3514 3628; x_wconf 88' lang='lat' dir='ltr'><strong>statu</strong></span> <span class='ocrx_word' id='word_1_259' title='bbox 3558 3567 3765 3628; x_wconf 87' lang='lat' dir='ltr'><strong>tene-</strong></span> 
     </span>
     <span class='ocr_line' id='line_1_26' title="bbox 944 3680 3764 3777; baseline -0 -24"><span class='ocrx_word' id='word_1_260' title='bbox 944 3705 1136 3772; x_wconf 89' lang='lat' dir='ltr'><strong>mus;</strong></span> <span class='ocrx_word' id='word_1_261' title='bbox 1177 3680 1313 3753; x_wconf 87' lang='lat' dir='ltr'><strong>hoc</strong></span> <span class='ocrx_word' id='word_1_262' title='bbox 1352 3681 1626 3773; x_wconf 83' lang='lat' dir='ltr'><strong>adjecto</strong></span> <span class='ocrx_word' id='word_1_263' title='bbox 1666 3683 2057 3777; x_wconf 86' lang='lat' dir='ltr'><strong>specialiter</strong></span> <span class='ocrx_word' id='word_1_264' title='bbox 2092 3682 2283 3775; x_wconf 89' lang='lat' dir='ltr'><strong>quod</strong></span> <span class='ocrx_word' id='word_1_265' title='bbox 2318 3703 2446 3777; x_wconf 99' lang='lat' dir='ltr'><strong>pro</strong></span> <span class='ocrx_word' id='word_1_266' title='bbox 2487 3682 2713 3754; x_wconf 88' lang='lat' dir='ltr'><strong>causis</strong></span> <span class='ocrx_word' id='word_1_267' title='bbox 2754 3689 2825 3752; x_wconf 90' lang='lat' dir='ltr'><strong>et</strong></span> <span class='ocrx_word' id='word_1_268' title='bbox 2858 3680 3340 3774; x_wconf 87' lang='lat' dir='ltr'><strong>questionibus</strong></span> <span class='ocrx_word' id='word_1_269' title='bbox 3374 3702 3549 3773; x_wconf 88' lang='lat' dir='ltr'><strong>quas</strong></span> <span class='ocrx_word' id='word_1_270' title='bbox 3583 3680 3764 3752; x_wconf 88' lang='lat' dir='ltr'><strong>invi-</strong></span> 
     </span>
     <span class='ocr_line' id='line_1_27' title="bbox 944 3804 3767 3898; baseline -0.001 -19"><span class='ocrx_word' id='word_1_271' title='bbox 944 3829 1093 3880; x_wconf 89' lang='lat' dir='ltr'><strong>cem</strong></span> <span class='ocrx_word' id='word_1_272' title='bbox 1127 3807 1309 3879; x_wconf 88' lang='lat' dir='ltr'><strong>inter</strong></span> <span class='ocrx_word' id='word_1_273' title='bbox 1336 3807 1526 3877; x_wconf 90' lang='lat' dir='ltr'><strong>cives</strong></span> <span class='ocrx_word' id='word_1_274' title='bbox 1562 3806 1859 3878; x_wconf 88' lang='lat' dir='ltr'><strong>civitatis</strong></span> <span class='ocrx_word' id='word_1_275' title='bbox 1887 3806 2200 3898; x_wconf 89' lang='lat' dir='ltr'><strong>ejusdem</strong></span> <span class='ocrx_word' id='word_1_276' title='bbox 2228 3806 2341 3877; x_wconf 84' lang='lat' dir='ltr'><strong>vel</strong></span> <span class='ocrx_word' id='word_1_277' title='bbox 2373 3827 2531 3876; x_wconf 90' lang='lat' dir='ltr'><strong>cum</strong></span> <span class='ocrx_word' id='word_1_278' title='bbox 2556 3805 2711 3877; x_wconf 89' lang='lat' dir='ltr'><strong>aliis</strong></span> <span class='ocrx_word' id='word_1_279' title='bbox 2741 3804 2917 3877; x_wconf 88' lang='lat' dir='ltr'><strong>verti</strong></span> <span class='ocrx_word' id='word_1_280' title='bbox 2950 3804 3332 3895; x_wconf 87' lang='lat' dir='ltr'><strong>continget,</strong></span> <span class='ocrx_word' id='word_1_281' title='bbox 3359 3814 3559 3876; x_wconf 83' lang='lat' dir='ltr'><strong>extra</strong></span> <span class='ocrx_word' id='word_1_282' title='bbox 3594 3804 3767 3876; x_wconf 85' lang='lat' dir='ltr'><strong>civi·-</strong></span> 
     </span>
     <span class='ocr_line' id='line_1_28' title="bbox 946 3928 3764 4026; baseline -0.001 -24"><span class='ocrx_word' id='word_1_283' title='bbox 946 3941 1156 4003; x_wconf 88' lang='lat' dir='ltr'><strong>tatem</strong></span> <span class='ocrx_word' id='word_1_284' title='bbox 1212 3934 1437 4026; x_wconf 89' lang='lat' dir='ltr'><strong>ipsam</strong></span> <span class='ocrx_word' id='word_1_285' title='bbox 1488 3942 1932 4026; x_wconf 89' lang='lat' dir='ltr'><strong>preterquam</strong></span> <span class='ocrx_word' id='word_1_286' title='bbox 1988 3931 2081 4002; x_wconf 90' lang='lat' dir='ltr'><strong>ad</strong></span> <span class='ocrx_word' id='word_1_287' title='bbox 2126 3951 2451 4023; x_wconf 92' lang='lat' dir='ltr'><strong>magnam</strong></span> <span class='ocrx_word' id='word_1_288' title='bbox 2499 3930 2764 4001; x_wconf 87' lang='lat' dir='ltr'><strong>curiam</strong></span> <span class='ocrx_word' id='word_1_289' title='bbox 2817 3938 3128 4000; x_wconf 90' lang='lat' dir='ltr'><strong>nostram</strong></span> <span class='ocrx_word' id='word_1_290' title='bbox 3175 3949 3299 4000; x_wconf 89' lang='lat' dir='ltr'><strong>seu</strong></span> <span class='ocrx_word' id='word_1_291' title='bbox 3348 3928 3764 4000; x_wconf 86' lang='lat' dir='ltr'><strong>vicariorum</strong></span> 
     </span>
     <span class='ocr_line' id='line_1_29' title="bbox 942 4044 3764 4150; baseline 0 -25"><span class='ocrx_word' id='word_1_292' title='bbox 942 4066 1335 4126; x_wconf 91' lang='lat' dir='ltr'><strong>nostrorum</strong></span> <span class='ocrx_word' id='word_1_293' title='bbox 1377 4056 1449 4126; x_wconf 93' lang='lat' dir='ltr'><strong>in</strong></span> <span class='ocrx_word' id='word_1_294' title='bbox 1479 4055 1789 4127; x_wconf 90' lang='lat' dir='ltr'><strong>Marchia</strong></span> <span class='ocrx_word' id='word_1_295' title='bbox 1829 4077 1956 4150; x_wconf 90' lang='lat' dir='ltr'><strong>pro</strong></span> <span class='ocrx_word' id='word_1_296' title='bbox 2001 4064 2309 4148; x_wconf 90' lang='lat' dir='ltr'><strong>tempore</strong></span> <span class='ocrx_word' id='word_1_297' title='bbox 2351 4044 2803 4145; x_wconf 86' lang='lat' dir='ltr'><strong>statutorum,</strong></span> <span class='ocrx_word' id='word_1_298' title='bbox 2840 4054 2899 4125; x_wconf 91' lang='lat' dir='ltr'><strong>si</strong></span> <span class='ocrx_word' id='word_1_299' title='bbox 2933 4062 3164 4124; x_wconf 89' lang='lat' dir='ltr'><strong>tamen</strong></span> <span class='ocrx_word' id='word_1_300' title='bbox 3197 4051 3330 4124; x_wconf 89' lang='lat' dir='ltr'><strong>hec</strong></span> <span class='ocrx_word' id='word_1_301' title='bbox 3359 4053 3764 4146; x_wconf 90' lang='lat' dir='ltr'><strong>magnitudo</strong></span> 
     </span>
     <span class='ocr_line' id='line_1_30' title="bbox 942 4173 3761 4272; baseline -0.001 -23"><span class='ocrx_word' id='word_1_302' title='bbox 942 4178 1055 4249; x_wconf 86' lang='lat' dir='ltr'><strong>vel</strong></span> <span class='ocrx_word' id='word_1_303' title='bbox 1089 4199 1452 4249; x_wconf 89' lang='lat' dir='ltr'><strong>causarum</strong></span> <span class='ocrx_word' id='word_1_304' title='bbox 1485 4180 1780 4272; x_wconf 88' lang='lat' dir='ltr'><strong>qualitas</strong></span> <span class='ocrx_word' id='word_1_305' title='bbox 1814 4178 2083 4270; x_wconf 80' lang='lat' dir='ltr'><strong>exiget,</strong></span> <span class='ocrx_word' id='word_1_306' title='bbox 2122 4178 2522 4249; x_wconf 87' lang='lat' dir='ltr'><strong>nullatenus</strong></span> <span class='ocrx_word' id='word_1_307' title='bbox 2569 4176 3056 4249; x_wconf 82' lang='lat' dir='ltr'><strong>extrahantur.</strong></span> <span class='ocrx_word' id='word_1_308' title='bbox 3094 4178 3197 4249; x_wconf 89' lang='lat' dir='ltr'><strong>De</strong></span> <span class='ocrx_word' id='word_1_309' title='bbox 3242 4173 3494 4248; x_wconf 87' lang='lat' dir='ltr'><strong>debitis</strong></span> <span class='ocrx_word' id='word_1_310' title='bbox 3527 4186 3761 4248; x_wconf 88' lang='lat' dir='ltr'><strong>autem</strong></span> 
     </span>
     <span class='ocr_line' id='line_1_31' title="bbox 944 4297 3763 4398; baseline 0 -28"><span class='ocrx_word' id='word_1_311' title='bbox 944 4300 1421 4395; x_wconf 87' lang='lat' dir='ltr'><strong>persolvendis</strong></span> <span class='ocrx_word' id='word_1_312' title='bbox 1475 4297 1598 4398; x_wconf 91' lang='lat' dir='ltr'><strong>[et]</strong></span> <span class='ocrx_word' id='word_1_313' title='bbox 1655 4303 1913 4374; x_wconf 88' lang='lat' dir='ltr'><strong>tenutis</strong></span> <span class='ocrx_word' id='word_1_314' title='bbox 1966 4324 2200 4375; x_wconf 89' lang='lat' dir='ltr'><strong>rerum</strong></span> <span class='ocrx_word' id='word_1_315' title='bbox 2254 4301 2710 4373; x_wconf 91' lang='lat' dir='ltr'><strong>immobilium</strong></span> <span class='ocrx_word' id='word_1_316' title='bbox 2756 4298 3204 4373; x_wconf 88' lang='lat' dir='ltr'><strong>restituendis</strong></span> <span class='ocrx_word' id='word_1_317' title='bbox 3250 4309 3391 4372; x_wconf 90' lang='lat' dir='ltr'><strong>tam</strong></span> <span class='ocrx_word' id='word_1_318' title='bbox 3434 4300 3591 4373; x_wconf 91' lang='lat' dir='ltr'><strong>illos</strong></span> <span class='ocrx_word' id='word_1_319' title='bbox 3641 4300 3763 4394; x_wconf 90' lang='lat' dir='ltr'><strong>qui</strong></span> 
     </span>
    </p>
   </div>
   <div class='ocr_carea' id='block_1_3' title="bbox 806 4424 3756 4520">
    <p class='ocr_par' dir='ltr' id='par_1_3' title="bbox 806 4424 3756 4520">
     <span class='ocr_line' id='line_1_32' title="bbox 806 4424 3756 4520; baseline -0.001 -23"><span class='ocrx_word' id='word_1_320' title='bbox 806 4430 815 4439; x_wconf 84' lang='grc'><strong>“</strong></span> <span class='ocrx_word' id='word_1_321' title='bbox 944 4434 1147 4497; x_wconf 81' lang='lat' dir='ltr'><strong>extra</strong></span> <span class='ocrx_word' id='word_1_322' title='bbox 1183 4424 1463 4495; x_wconf 85' lang='lat' dir='ltr'><strong>fuerunt</strong></span> <span class='ocrx_word' id='word_1_323' title='bbox 1489 4434 1561 4495; x_wconf 89' lang='lat' dir='ltr'><strong>et</strong></span> <span class='ocrx_word' id='word_1_324' title='bbox 1594 4436 1757 4497; x_wconf 90' lang='lat' dir='ltr'><strong>sunt</strong></span> <span class='ocrx_word' id='word_1_325' title='bbox 1782 4448 1994 4520; x_wconf 90' lang='lat' dir='ltr'><strong>quam</strong></span> <span class='ocrx_word' id='word_1_326' title='bbox 2024 4427 2180 4498; x_wconf 90' lang='lat' dir='ltr'><strong>illos</strong></span> <span class='ocrx_word' id='word_1_327' title='bbox 2210 4427 2331 4520; x_wconf 89' lang='lat' dir='ltr'><strong>qui</strong></span> <span class='ocrx_word' id='word_1_328' title='bbox 2364 4435 2527 4498; x_wconf 90' lang='lat' dir='ltr'><strong>sunt</strong></span> <span class='ocrx_word' id='word_1_329' title='bbox 2561 4436 2632 4498; x_wconf 89' lang='lat' dir='ltr'><strong>et</strong></span> <span class='ocrx_word' id='word_1_330' title='bbox 2660 4426 2943 4497; x_wconf 84' lang='lat' dir='ltr'><strong>fuerunt</strong></span> <span class='ocrx_word' id='word_1_331' title='bbox 2973 4425 3160 4497; x_wconf 90' lang='lat' dir='ltr'><strong>intus</strong></span> <span class='ocrx_word' id='word_1_332' title='bbox 3166 4474 3756 4495; x_wconf 90' lang='grc'><strong>........</strong></span> 
     </span>
    </p>
   </div>
   <div class='ocr_carea' id='block_1_4' title="bbox 941 4508 3762 4766">
    <p class='ocr_par' dir='ltr' id='par_1_4' title="bbox 941 4508 3762 4766">
     <span class='ocr_line' id='line_1_33' title="bbox 948 4508 3758 4642; baseline -0.001 -22"><span class='ocrx_word' id='word_1_333' title='bbox 948 4597 1614 4620; x_wconf 90' lang='grc'><strong>.........</strong></span> <span class='ocrx_word' id='word_1_334' title='bbox 1659 4551 1983 4621; x_wconf 87' lang='lat' dir='ltr'><strong>volumus</strong></span> <span class='ocrx_word' id='word_1_335' title='bbox 2024 4561 2096 4622; x_wconf 90' lang='lat' dir='ltr'><strong>et</strong></span> <span class='ocrx_word' id='word_1_336' title='bbox 2133 4551 2588 4641; x_wconf 81' lang='lat' dir='ltr'><strong>mandamus3</strong></span> <span class='ocrx_word' id='word_1_337' title='bbox 2642 4559 3027 4622; x_wconf 88' lang='lat' dir='ltr'><strong>statuentes</strong></span> <span class='ocrx_word' id='word_1_338' title='bbox 3071 4569 3155 4620; x_wconf 89' lang='lat' dir='ltr'><strong>ac</strong></span> <span class='ocrx_word' id='word_1_339' title='bbox 3203 4508 3544 4642; x_wconf 81' lang='lat' dir='ltr'><strong>imperiali</strong></span> <span class='ocrx_word' id='word_1_340' title='bbox 3597 4569 3758 4620; x_wconf 87' lang='lat' dir='ltr'><strong>san-</strong></span> 
     </span>
     <span class='ocr_line' id='line_1_34' title="bbox 941 4667 3762 4766; baseline -0.003 -18"><span class='ocrx_word' id='word_1_341' title='bbox 941 4675 1204 4748; x_wconf 83' lang='lat' dir='ltr'><strong>cientes</strong></span> <span class='ocrx_word' id='word_1_342' title='bbox 1242 4667 1469 4743; x_wconf 89' lang='lat' dir='ltr'><strong>edicto</strong></span> <span class='ocrx_word' id='word_1_343' title='bbox 1512 4682 1853 4764; x_wconf 86' lang='lat' dir='ltr'><strong>quatenus</strong></span> <span class='ocrx_word' id='word_1_344' title='bbox 1896 4675 2130 4745; x_wconf 91' lang='lat' dir='ltr'><strong>nullus</strong></span> <span class='ocrx_word' id='word_1_345' title='bbox 2166 4674 2351 4766; x_wconf 82' lang='lat' dir='ltr'><strong>dux,</strong></span> <span class='ocrx_word' id='word_1_346' title='bbox 2402 4675 2637 4748; x_wconf 89' lang='lat' dir='ltr'><strong>nullus</strong></span> <span class='ocrx_word' id='word_1_347' title='bbox 2680 4671 3026 4764; x_wconf 89' lang='lat' dir='ltr'><strong>marchio,</strong></span> <span class='ocrx_word' id='word_1_348' title='bbox 3074 4671 3307 4743; x_wconf 90' lang='lat' dir='ltr'><strong>nullus</strong></span> <span class='ocrx_word' id='word_1_349' title='bbox 3358 4669 3762 4765; x_wconf 87' lang='lat' dir='ltr'><strong>capitaneus</strong></span> 
     </span>
    </p>
   </div>
  </div>
 </body>
</html>
