4364 5738
573 565 774 626 lxmcr.
814 566 900 641 1.]
1461 561 1854 621 HISTORIA
1901 562 2496 626 DIPLOMATICA.
3316 566 3388 626 81

742 737 946 817 (Edid.
979 738 1203 814 Vnncr,
1237 735 1393 795 Scor.
1428 731 1581 794 della
1607 734 1815 794 Marcu
1858 736 2106 815 Triviq.,
2143 742 2189 795 t.
2228 737 2319 815 11,
2351 738 2617 811 docum„
2646 747 2711 797 n⁰
2758 746 2858 814 86,
2889 754 2950 815 p.
2983 741 3044 808 9,
3083 753 3158 796 ex
3186 737 3396 798 collec-

815 848 976 905 tione
1004 844 1147 904 Mss.
1179 843 1339 903 dicta
1367 842 1574 921 Scotti,
1603 850 1651 903 t.
1684 841 1793 922 11.)

673 1032 1096 1122 FridericuS,
1135 1031 1372 1104 divina
1410 1033 1686 1103 favente
1720 1032 2088 1102 clementia
2115 1032 2584 1103 Romanorum
2618 1032 2995 1126 imperator
3026 1040 3096 1103 et
3131 1052 3405 1125 semper

579 1166 942 1250 augustuS,
978 1157 1357 1230 Jerusalem
1400 1165 1471 1227 et
1502 1155 1730 1226 Sicilie
1763 1177 1917 1226 rex.
1958 1157 2140 1227 Dum
2188 1177 2230 1227 a
2275 1157 2609 1249 qualitate
2657 1167 2728 1228 et
2764 1157 3094 1253 petitione
3144 1156 3404 1248 negotii

583 1281 831 1354 merita
866 1281 1250 1376 petentium
1277 1279 1479 1352 nobis
1510 1289 1887 1351 occurrunt
1914 1289 1985 1350 et
2022 1280 2580 1353 adversariorum
2609 1281 3015 1375 panduntur
3045 1301 3400 1371 excessus,

583 1416 848 1479 rectum
892 1406 1124 1502 prodit
1162 1426 1205 1476 a
1246 1405 1411 1477 sede
1456 1414 1694 1476 nostra
1719 1404 2061 1496 judicium
2106 1414 2188 1475 ut
2225 1404 2388 1476 inde
2437 1403 2748 1477 fidelium
2798 1414 3255 1500 precaveatur
3294 1405 3405 1475 in-

585 1531 901 1603 cursibus
934 1540 1006 1601 et
1041 1551 1283 1601 eorum
1319 1528 1687 1601 commoda
1733 1537 2223 1624 procurentur,
2279 1529 2443 1601 inde
2495 1529 2750 1601 damna
2792 1540 2864 1601 et
2897 1528 3149 1620 injurie
3182 1530 3409 1600 rebel-

585 1653 767 1725 libus
812 1654 1231 1746 irrogentur.
1269 1653 1443 1724 Hinc
1474 1662 1582 1724 est
1611 1652 1823 1744 igitur
1851 1652 2041 1745 quod
2088 1653 2430 1747 presentis
2475 1653 2712 1747 scripti
2754 1654 2933 1725 serie
2972 1664 3217 1725 notum
3264 1653 3410 1724 fore

590 1779 909 1849 volumus
959 1777 1303 1849 universis
1345 1777 1612 1871 imperii
1662 1775 1985 1848 fidelibus
2022 1787 2164 1848 tam
2207 1778 2645 1872 presentibus
2685 1799 2895 1870 quam
2935 1778 3183 1849 futuris
3222 1775 3415 1871 quod

591 1902 843 1975 dilecto
896 1902 1208 1997 principe
1257 1909 1496 1972 nostro
1539 1902 1617 1971 B.
1669 1900 2052 1972 venerabili
2098 1901 2492 1997 patriarcha
2533 1902 2980 1994 Aquilegensi
3021 1903 3413 1996 postulante

591 2037 840 2121 pontes
868 2047 1081 2120 super
1105 2024 1489 2096 Liventiam
1519 2021 1624 2120 (l)
1664 2023 2031 2095 fabricatos
2068 2024 2326 2096 debere
2360 2027 2636 2120 penitus
2669 2026 2967 2117 destrui,
2991 2028 3207 2098 veluti
3241 2026 3414 2099 fide-

592 2149 773 2221 libus
799 2147 1058 2219 nostris
1081 2147 1461 2219 contrarios
1495 2156 1566 2218 et
1591 2146 2012 2240 dampnosos
2030 2156 2102 2218 et
2122 2146 2330 2217 utiles
2360 2148 2615 2218 nostris
2645 2149 3019 2220 rebellibus
3046 2149 3417 2221 Tarvisinis

595 2272 687 2346 ad
734 2272 1128 2344 faciendum
1183 2290 1471 2364 guerras
1528 2281 1599 2341 et
1662 2270 1980 2341 incursus
2029 2269 2316 2343 hostiles
2364 2282 2607 2343 contra
2665 2282 2940 2344 nostros
2985 2273 3299 2345 subditos
3349 2283 3421 2345 et

598 2394 871 2487 fideleS,
914 2418 1044 2468 nos
1079 2377 1522 2468 attendentes
1555 2395 1832 2467 labores
1858 2404 1929 2465 et
1962 2394 2251 2486 injurias
2283 2416 2460 2488 quas
2496 2396 2811 2490 predicto
2847 2396 3142 2492 principi
3181 2406 3421 2500 nostro

600 2530 670 2592 et
710 2520 1108 2592 hominibus
1145 2519 1288 2591 suis
1319 2517 1804 2613 Aquilegensis
1844 2518 2132 2590 ecclesie
2174 2540 2259 2590 ac
2299 2519 2548 2590 ceteris
2592 2520 3110 2591 transeuntibus
3143 2520 3421 2615 publice

601 2644 935 2738 contingit
986 2644 1056 2714 in
1115 2644 1378 2715 eisdem
1423 2642 1737 2738 partibus
1778 2663 1906 2738 per
1959 2643 2243 2715 eosdem
2290 2643 2587 2714 rebelles
2631 2644 2909 2734 inferri,
2965 2644 3133 2737 quin
3193 2645 3424 2741 potius

598 2771 912 2841 volentes
941 2769 1214 2841 auferre
1249 2767 1612 2839 materiam
1645 2776 1717 2838 et
1746 2789 2031 2839 manum
2051 2855 2052 2858 Ἴ
2074 2767 2436 2863 precidere
2470 2769 2847 2840 rebellibus
2890 2769 3263 2841 Tarvisinis
3301 2794 3428 2867 per

602 2916 810 2990 quam
849 2895 1175 2966 euntibus
1215 2869 1636 2965 nocumenta
1679 2892 2053 2987 parabant,
2099 2892 2171 2963 in
2216 2913 2456 2964 eorum
2512 2892 2803 2987 perfidia
2847 2894 3226 2987 sevientes,
3263 2918 3423 2990 pre-

605 3019 784 3090 senti
826 3017 1173 3088 sancimus
1230 3016 1457 3088 edicto
1510 3026 1855 3109 quatenus
1902 3016 2111 3088 iidem
2159 3026 2410 3112 pontes
2464 3038 2676 3113 super
2721 3019 3104 3090 Liventiam
3150 3021 3427 3114 penitus

606 3141 998 3229 diruantur,
1056 3139 1506 3233 Aquilegensi
1555 3139 1846 3212 ecclesie
1900 3141 1994 3212 ob
2042 3140 2366 3211 meritum
2422 3150 2492 3211 et
2540 3141 2982 3214 devotionem
3037 3144 3427 3239 patriarche

607 3263 904 3360 predicti
964 3261 1437 3334 favorabiliter
1484 3263 1946 3335 concedentes
1993 3273 2075 3335 ut
2122 3273 2489 3359 postquam
2540 3264 2799 3361 dirupti
2849 3267 3106 3339 fuerint
3151 3277 3220 3340 et
3265 3268 3425 3342 des-

609 3386 845 3476 tructi,
876 3406 1005 3481 per
1032 3384 1315 3456 eosdem
1352 3386 1647 3457 rebelles
1674 3386 2064 3459 Tarvisinos
2102 3408 2462 3481 nunquam
2490 3388 2774 3460 valeant
2807 3391 3149 3486 reparari;
3187 3401 3427 3465 aucto-

608 3512 810 3584 ritate
853 3511 1197 3607 presentis
1229 3509 1573 3606 privilegii
1608 3519 1990 3584 statuentes
2034 3513 2226 3605 quod
2261 3534 2402 3584 non
2434 3512 2640 3585 liceat
2673 3512 2880 3585 alicui
2924 3516 3189 3609 legato,
3238 3516 3429 3610 capi-

611 3646 855 3726 tane0,
907 3634 1207 3724 vicari0,
1243 3633 1625 3730 potestati,
1673 3635 1994 3726 consilio,
2045 3638 2432 3728 communi,
2489 3638 2752 3711 nullive
2793 3660 3087 3734 persone
3130 3640 3268 3710 alte
3315 3640 3429 3711 vel

611 3759 892 3851 humili,
944 3758 1407 3831 ecclesiastice
1470 3760 2018 3851 vel-mundane,
2069 3773 2312 3834 eontra
2363 3763 2704 3858 presentis
2752 3763 2960 3836 edicti
3011 3773 3082 3835 et
3138 3783 3432 3835 conces-

613 3883 823 3957 sionis
869 3892 1103 3955 nostre
1146 3893 1455 3955 tenorem
1494 3884 1863 3956 temerario
1913 3907 2085 3957 ausu
2125 3886 2388 3980 aliquid
2432 3895 2870 3981 attemptare.
2920 3885 3122 3971 Quod
3170 3886 3230 3956 si
3268 3908 3428 3982 pre-

612 4007 981 4103 sumpserit
1006 4007 1554 4100 indignationem
1582 4017 1890 4079 nostram
1928 4030 2002 4081 se
2031 4009 2306 4083 noverit
2330 4009 2792 4081 incursurum.
2826 4006 2939 4078 Ad
2962 4007 3167 4099 hujus
3198 4008 3431 4102 itaque

616 4131 716 4201 rei
756 4131 1162 4202 memoriam
1203 4141 1274 4203 et
1315 4131 1635 4204 stabilem
1673 4130 2106 4223 firmitatem,
2157 4153 2444 4228 presens
2490 4130 2923 4225 privilegium
2956 4129 3107 4202 fieri
3141 4144 3212 4204 et
3242 4133 3434 4204 bulla

615 4273 825 4326 aurea
866 4254 1135 4350 typario
1166 4265 1402 4328 nostre
1430 4256 1811 4347 majestatis
1840 4255 2175 4352 impressa
2200 4255 2534 4347 jussimus
2565 4254 2845 4325 muniri.

716 4379 933 4470 HuJus
991 4379 1092 4450 rei
1148 4389 1362 4452 testes
1424 4389 1587 4451 sunt
1638 4407 1655 4450 :
1714 4381 1793 4451 B.
1853 4380 2382 4452 panormitanus
2455 4378 3049 4475 archiepiscopus,
3113 4382 3436 4456 Nicolaus

693 4684 767 4758 (⁴)
804 4685 990 4744 Amnis
1016 4687 1220 4746 scilicet
1243 4688 1421 4746 dictus
1450 4688 1504 4745 la
1530 4689 1788 4745 Livenza.

779 4786 883 4847 VI.
3050 4798 3110 4848 ιι
