4364 5738
1009 582 1134 647 260
2005 582 2440 648 nmmum
2488 582 2834 648 suenum
3440 584 3602 663 [Ain.
3637 585 3815 650 1245.

1176 770 1377 850 (Hanc
1404 770 1709 849 epistolam
1732 771 1902 849 cnjus
1927 774 2129 833 textus
2148 786 2446 850 nusquam
2474 770 2693 848 produt
2719 770 2935 832 frustra
2961 769 3425 849 disquisivimus.
3456 719 3823 850 Quapropter

1251 877 1517 937 eamdem
1544 877 1656 937 sub
1682 876 2012 954 compendii
2042 876 2259 951 forma,
2290 878 2445 938 sicut
2469 876 2628 954 apud
2652 873 3019 938 Matthoenm
3044 873 3237 941 Paris.
3261 873 3434 955 (niet.
3456 878 3599 958 maj.
3614 874 3818 959 anyl,

1251 1000 1314 1060 p.
1346 982 1489 1062 434)
1511 985 1832 1056 invenitur,
1868 998 2030 1044 nuuc
2056 984 2275 1044 iterum
2299 982 2580 1058 omnus.)

1108 1169 1284 1241 Ecce
1318 1169 1643 1261 magister
1669 1169 2021 1239 Walterus
2054 1167 2142 1240 de
2174 1169 2350 1241 Ocra
2380 1178 2451 1241 et
2481 1169 2764 1263 quidam
2791 1168 2906 1239 alii
2935 1169 3278 1240 solemnes
3304 1168 3529 1238 nuntii
3558 1168 3819 1241 domini

1011 1292 1446 1389 imperatoris
1485 1291 1872 1363 Londinum
1921 1290 2373 1364 advenientes
2424 1292 2517 1365 ad
2553 1292 2953 1381 concilium,
2991 1291 3351 1385 epistolam
3393 1292 3820 1386 imperialem

1011 1418 1083 1487 in
1137 1416 1445 1489 medium
1494 1415 1932 1509 protulerunt
1985 1467 2004 1485 .
2066 1466 2085 1485 .
2146 1468 2163 1486 .
2229 1468 2246 1486 .
2298 1417 2374 1487 In
2421 1437 2558 1510 qua
2604 1415 2894 1510 epistola
2953 1436 3028 1486 se
3075 1416 3455 1486 excusabat
3498 1415 3822 1487 dominus

1011 1540 1386 1634 imperator
1413 1538 1505 1609 de
1539 1538 1970 1609 contumacia
2005 1559 2215 1633 super
2247 1559 2388 1632 qua
2426 1537 2827 1611 reddiderat
2857 1560 3019 1611 eum
3055 1538 3375 1611 dominus
3413 1559 3594 1635 papa
3638 1536 3817 1609 infa-

986 1685 1236 1762 mem,
1271 1682 1584 1734 assereus
1618 1683 1693 1731 se
1733 1662 1915 1732 velle
1947 1661 2302 1733 humiliter
2321 1661 2632 1754 justitiae
2680 1683 2923 1758 parere
2977 1671 3049 1734 et
3091 1662 3435 1734 mandatis
3473 1662 3818 1735 Ecclesiae

1012 1796 1196 1860 stare
1243 1795 1314 1856 et
1353 1783 1768 1855 satisfacere.
1815 1783 1936 1855 Cui
1977 1784 2187 1856 etiam
2230 1784 2692 1880 perhibebant
2732 1785 3197 1857 testimonium
3237 1784 3559 1857 dominus
3597 1784 3816 1881 impe-

1012 1919 1202 1981 rator
1241 1906 2033 2000 Constantinopolitanus
2084 1915 2156 1976 et
2188 1906 2509 1978 dominus
2541 1928 2775 1978 comes
2805 1907 3183 1978 Tolosanus
3213 1929 3339 2001 per
3367 1907 3628 1978 litteras
3659 1927 3818 1978 suas

1009 2043 1326 2130 patentes
1353 2031 1615 2104 ibidem
1645 2031 1719 2104 in
1755 2032 2124 2125 propatulo
2158 2032 2689 2104 demonstratas.
2727 2030 3117 2103 Justificans
3149 2031 3357 2104 etiam
3390 2052 3465 2103 se
3497 2030 3818 2102 dominus

1008 2159 1382 2252 imperator
1429 2154 1815 2226 Fridericus
1859 2155 1932 2225 iu
1976 2163 2215 2226 tenore
2265 2154 2578 2246 ejusdem
2632 2153 2912 2226 chartae
2960 2164 3033 2225 et
3079 2176 3206 2250 per
3251 2154 3530 2225 nuntios
3579 2154 3815 2227 itidem

1007 2289 1419 2369 asserenteS,
1455 2288 1873 2373 protestatus
1916 2287 2021 2349 est
2063 2277 2254 2371 quod
2285 2279 2607 2351 dominus
2647 2300 2829 2374 papa
2862 2288 3183 2373 proterve
3221 2277 3543 2371 exigebat
3573 2298 3647 2349 se
3678 2278 3812 2350 sai·

1004 2403 1123 2475 siri
1154 2403 1548 2475 civitatibus
1590 2412 1659 2473 et
1690 2402 1930 2473 castris
1959 2412 2030 2473 et
2063 2402 2263 2473 terris
2298 2401 2751 2496 quibusdam,
2797 2402 2885 2474 de
2919 2402 3172 2495 quibus
3203 2422 3343 2471 non
3385 2398 3615 2471 adhuc
3646 2419 3810 2470 con·

1004 2535 1141 2598 stat
1173 2527 1232 2598 si
1256 2525 1666 2621 pertineant
1699 2524 1788 2595 ad
1831 2525 2195 2618 imperium
2248 2526 2363 2597 vel
2403 2525 2811 2614 Ecclesiam,
2859 2534 2930 2595 et
2973 2524 3434 2595 incarceratos
3479 2520 3813 2614 quosdam

1004 2670 1180 2743 quos
1208 2649 1490 2720 tenebat
1523 2647 1720 2741 quasi
1753 2668 1914 2719 suos
1948 2647 2384 2738 seductores,
2426 2647 2744 2740 liberari,
2792 2656 3166 2740 antequam
3212 2646 3397 2718 idem
3446 2645 3815 2741 imperator

1001 2771 1500 2844 absolveretur.
1539 2770 1814 2841 Timens
1859 2770 2092 2862 igitur,
2134 2780 2216 2842 ut
2253 2770 2383 2860 ait,
2426 2770 2673 2842 irretiri
2711 2779 2781 2842 et
2812 2770 3174 2865 papalibus
3220 2767 3485 2862 laqueis
3517 2767 3807 2861 alligari,

1001 2896 1362 2992 supposuit
1400 2916 1475 2966 se
1517 2893 1948 2988 dispositioni
1990 2902 2060 2964 et
2097 2914 2431 2966 censurae
2476 2914 2717 2986 regum
2755 2886 3173 2965 Francorum
3204 2902 3274 2963 et
3317 2890 3701 2983 Anglorum
3729 2912 3812 2961 ac

1001 3017 1357 3108 baronagii
1405 3037 1778 3108 regnorum
1830 3015 2270 3100 eorumdem;
2321 3037 2453 3087 nec
2488 3016 2611 3106 sic,
2650 3025 2730 3087 ut
2783 3018 2914 3107 ait,
2954 3037 2997 3087 a
3038 3015 3320 3088 domino
3365 3035 3546 3110 papa
3592 3035 3808 3085 exau-

1001 3138 1135 3211 diri
1178 3160 1310 3210 nec
1342 3138 1645 3233 appendi
1679 3140 1903 3232 potuit
1939 3139 2252 3230 ejusdem
2308 3150 2444 3210 tam
2489 3140 2677 3231 justa
2726 3138 3075 3210 humilitas
3114 3189 3456 3210 .....
3498 3139 3576 3208 Iu
3624 3137 3809 3208 calce

1002 3261 1213 3353 igitur
1242 3261 1578 3333 sermonis
1604 3261 1672 3331 iu
1706 3261 1943 3331 charta
1973 3263 2342 3356 conscripti
2377 3262 2732 3334 inculcans
2768 3261 3041 3334 addidit
3071 3260 3395 3333 dominus
3440 3260 3812 3354 imperator

1004 3405 1164 3457 cum
1200 3384 1500 3478 quadam
1543 3383 1748 3454 etiam
1791 3383 2322 3455 comminatione
2372 3384 2735 3477 adjuncta,
2789 3384 2979 3478 quod
3031 3383 3265 3456 omnia
3305 3384 3701 3454 transmissa
3738 3383 3807 3453 in

1004 3509 1339 3583 auxilium
1393 3508 1654 3580 domini
1704 3528 1926 3602 papae
1969 3507 2225 3578 fuerint
2273 3506 2511 3579 addita
2555 3508 2893 3603 imperiali
2942 3507 3289 3579 thesauro.
3341 3507 3539 3579 Unde
3589 3505 3809 3578 modis

1004 3633 1324 3705 omnibus
1371 3631 1623 3723 quibus
1677 3631 1904 3726 potuit
1962 3630 2394 3725 supplicabat
2451 3651 2541 3702 ne
2599 3631 2869 3725 Anglici
2927 3632 2999 3701 in
3057 3653 3259 3701 suum
3321 3630 3806 3702 detrimentum

1003 3776 1223 3851 papae
1252 3755 1480 3825 emulo
1504 3775 1629 3825 suo
1657 3753 1916 3848 aliquid
1945 3754 2486 3826 contribuerent.
2514 3753 2805 3826 Addidit
2827 3753 3035 3825 etiam
3063 3752 3254 3846 quod
3282 3752 3337 3823 si
3367 3775 3497 3824 rex
3522 3752 3807 3844 Angliac

1002 3880 1145 3950 suis
1194 3880 1704 3971 obtemperaret
1760 3877 2059 3948 consiliis
2072 3930 2092 3968 ,
2137 3900 2427 3970 regnum
2459 3876 2749 3970 Angliae
2781 3899 2823 3948 a
2867 3877 3123 3948 tributo
3163 3898 3301 3970 quo
3338 3877 3589 3969 injuste
3628 3896 3807 3971 papa

1002 4001 1442 4073 Innocentius
1476 4000 1717 4071 tertius
1755 4000 1929 4071 illud
1961 4000 2332 4093 ligaverat,
2366 4009 2683 4095 potenter
2714 4021 2796 4073 ac
2829 4001 3014 4091 juste
3049 4001 3394 4090 liberaret,
3437 4020 3706 4071 necnon
3738 4009 3807 4069 et

1001 4124 1092 4194 ab
1135 4123 1285 4195 aliis
1326 4122 1687 4219 papalibus
1729 4123 2246 4214 gravaminibus
2289 4124 2541 4217 quibus
2589 4124 2830 4195 diatim
2874 4123 3310 4218 opprimitur,
3360 4123 3533 4195 illud
3579 4122 3803 4217 eripe-

1000 4255 1156 4319 ret.
1215 4298 1234 4319 .
1296 4298 1316 4318 .
1377 4297 1396 4317 .
1434 4247 1773 4318 Insertum
1801 4245 2010 4319 etiam
2041 4246 2169 4318 fuit
2195 4245 2475 4320 chartae
2502 4255 2922 4320 memoratae
2946 4244 3139 4337 quod
3172 4244 3230 4315 si
3260 4266 3389 4317 rex
3417 4243 3578 4316 huic
3606 4265 3802 4315 man·

1002 4367 1169 4443 dato
1200 4389 1341 4441 non
1376 4369 1917 4464 obtemperaret,
1956 4391 2406 4465 quoscunque
2444 4368 2535 4444 de
2573 4370 2718 4445 suis
2752 4371 2825 4442 in
2865 4367 3132 4445 ditione
3169 4390 3293 4443 sua
3333 4377 3569 4461 posset
3606 4388 3804 4461 repe-

1002 4490 1166 4582 rire,
1201 4490 1395 4583 gravi
1427 4491 1704 4584 puniret
1736 4492 2023 4567 ultione.
