4364 5738
556 532 758 592 innicr.
792 531 892 610 2.]
1444 530 1840 593 HISTORIA
1889 529 2487 595 DIPLOMATICA.
3264 531 3383 593 205

652 663 1043 736 Fridericus
1076 663 1205 735 Dei
1245 664 1466 755 gratia
1502 661 2008 761 [Romanorum
2048 667 2429 760 imperator
2466 683 2740 757 semper
2778 673 3149 755 augustuS,
3180 667 3380 737 Jeru-

555 787 772 859 salem
806 798 877 860 et
905 787 1134 858 Sicilie
1163 783 1362 884 rex],·
1395 789 1719 861 omnibus
1752 800 2112 885 presentes
2145 789 2410 860 litteras
2446 787 2860 880 inspecturis
2893 787 3163 860 dilectis
3193 787 3382 862 fide-

556 911 741 983 libus
773 920 844 983 et
874 911 1115 984 amicis
1145 912 1290 983 suis
1320 913 1610 1005 gratiam
1643 935 1839 985 suam
1879 924 1950 986 et
1976 934 2184 985 omne
2216 912 2503 982 bonum.
2533 908 2909 1004 Assumpto
2944 909 3035 982 ad
3069 913 3380 1004 regimen

553 1036 968 1107 universalis
982 1036 1290 1108 Ecclesie
1313 1037 1716 1109 Innocentio
1740 1038 1873 1110 isto
1895 1058 2167 1109 summo
2194 1033 2551 1131 pontifice,
2578 1034 2649 1104 in
2669 1035 3079 1128 applausum
3110 1057 3381 1130 promo·

557 1156 765 1229 tionis
799 1168 871 1230 et
901 1158 1185 1231 honoris
1218 1159 1324 1230 sui
1357 1159 1670 1231 misimus
1701 1160 1794 1232 ad
1829 1182 1990 1232 eum
2024 1161 2370 1231 solemnes
2401 1157 2683 1228 nuntios
2718 1166 2787 1227 et
2815 1157 3080 1249 legatos
3106 1170 3382 1231 nostros

552 1275 996 1379 A[nsaldum]
1030 1282 1207 1354 sacri
1234 1283 1506 1377 imperii
1534 1294 1606 1355 et
1632 1285 1830 1376 regni
1858 1284 2086 1356 Sicilie
2117 1282 2566 1372 admiratum,
2592 1280 2955 1373 magistros
2981 1283 3260 1353 Petrum
3292 1282 3381 1355 de

552 1400 772 1473 Vinea
807 1413 880 1474 et
897 1402 1255 1478 Thadeum
1288 1406 1378 1477 de
1411 1407 1660 1477 Suessa
1701 1427 1952 1500 magne
1989 1406 2179 1478 curie
2212 1413 2450 1476 nostre
2479 1402 2782 1495 judiceS,
2820 1402 3109 1475 dilectos
3140 1403 3384 1476 fideles

554 1533 856 1616 nostroS,
890 1547 1068 1620 quos
1098 1526 1453 1621 predictus
1485 1551 1797 1601 summus
1829 1529 2149 1624 pontifex
2174 1527 2536 1601 occasione
2565 1526 2908 1598 sententie
2940 1526 3208 1598 dudum
3243 1529 3382 1599 late

556 1657 797 1719 contra
843 1669 972 1721 nos
1014 1650 1128 1722 cui
1160 1650 1290 1746 ipsi
1333 1653 1940 1725 communicabant
1992 1663 2064 1725 et
2112 1651 2832 1738 communicaverant,
2887 1672 3028 1722 non
3072 1651 3376 1723 admisit.

554 1771 847 1843 Demum
880 1795 970 1844 ne
1003 1775 1365 1847 occasione
1402 1777 1712 1871 predicta
1747 1778 1938 1871 pacis
1974 1786 2305 1849 tractatus
2332 1785 2403 1848 et
2429 1775 2698 1846 initium
2733 1774 3149 1864 differretur,
3183 1774 3385 1869 (licet

554 1897 971 1968 sententiam
1020 1913 1263 1969 contra
1312 1920 1443 1970 nos
1491 1900 1701 1970 latam
1744 1922 1871 1994 per
1914 1900 2081 1970 olim
2122 1899 2531 1992 Gregorium
2579 1920 2928 1970 summum
2985 1898 3382 1993 pontificem

554 2019 791 2090 multis
823 2029 895 2091 et
924 2020 1363 2092 evidentibus
1390 2021 1775 2094 rationibus
1804 2023 2250 2094 crederemus
2279 2021 2830 2093 indubitabiliter
2856 2043 3007 2092 esse
3042 2022 3377 2119 nullam),

554 2141 1046 2214 nichilominus
1093 2152 1327 2216 tamen
1373 2145 1817 2239 promisimus
1852 2168 1981 2242 per
2016 2147 2240 2218 dictos
2284 2145 2566 2216 nuntios
2606 2154 2879 2215 nostros
2921 2152 2992 2215 et
3024 2143 3383 2215 Panormi-

556 2275 796 2335 tanum
815 2265 1414 2362 archiepiscopum
1435 2265 1536 2363 (a)
1553 2289 1693 2338 una
1713 2291 1873 2340 cum
1897 2268 2230 2363 predictis
2250 2265 2693 2362 postmodum
2713 2266 3134 2338 destinatum
3145 2268 3383 2358 jurare

553 2387 642 2461 de
659 2389 973 2484 parendo
993 2389 1338 2462 mandatis
1351 2392 1660 2464 Ecclesie
1678 2391 1769 2464 ad
1793 2395 2162 2464 cautelam.
2185 2391 2319 2478 Qui
2339 2400 2772 2462 sacramento
2794 2391 3078 2484 prestito
3104 2390 3384 2463 tandem

552 2512 867 2604 admissi,
920 2521 1194 2587 summo
1225 2515 1537 2610 pontifici
1569 2525 1642 2587 et
1673 2516 1998 2587 fratribus
2036 2515 2483 2587 devotionem
2520 2523 2825 2585 nostram
2872 2515 3381 2606 omnimodam,

553 2656 953 2728 personam,
976 2636 1181 2730 filios,
1213 2639 1580 2735 imperium
1613 2649 1684 2711 et
1712 2662 1926 2732 regna
1950 2641 2041 2712 ad
2069 2661 2275 2712 omne
2305 2639 2710 2710 mandatum
2740 2639 3045 2710 Ecclesie
3081 2649 3150 2711 et
3179 2640 3387 2712 totius

554 2758 1071 2834 christianitatis
1114 2762 1530 2857 obsequium
1580 2763 2020 2853 obtulerunt,
2064 2785 2311 2858 pacem
2359 2763 2448 2834 de
2499 2760 2843 2834 discordia
2891 2783 3103 2853 quam
3151 2771 3386 2856 preter

553 2902 831 2955 omnem
863 2885 1143 2981 culpam
1169 2898 1478 2959 nostram
1512 2900 1738 2961 ortam
1762 2909 1913 2960 esse
1948 2888 2275 2960 dicebant
2302 2887 2484 2959 inter
2503 2887 2879 2959 Ecclesiam
2911 2894 2983 2957 et
3015 2886 3380 2981 imperium

553 3016 993 3102 expetentes.
1027 3009 1295 3093 Quibus
1330 3033 1491 3082 cum
1533 3032 1945 3106 responsum
1974 3013 2218 3084 fuisset
2243 3032 2369 3107 per
2401 3032 2746 3082 summum
2779 3009 3203 3105 pontificem,
3237 3031 3380 3083 non

553 3130 1066 3204 communicato
1095 3134 1386 3204 fratrum
1408 3136 1697 3208 consilio
1719 3137 1899 3209 sicut
1920 3138 2067 3233 ipse
2087 3136 2392 3226 dicebat,
2412 3137 2605 3230 quod
2627 3136 2827 3208 aliter
2854 3156 3098 3230 pacem
3120 3133 3380 3206 habere

552 3272 714 3323 cum
751 3254 1058 3326 Ecclesia
1103 3277 1245 3328 non
1301 3268 1738 3351 poteramus,
1782 3260 1914 3331 nisi
1977 3270 2159 3332 terra
2202 3260 2509 3333 Ecclesie
2564 3281 2777 3352 quam
2828 3280 2957 3330 nos
3005 3280 3381 3354 occupasse

555 3375 834 3448 dicebat
860 3377 1181 3473 primitus
1208 3380 1554 3472 restituta,
1582 3391 1653 3453 et
1683 3382 1815 3454 nisi
1850 3383 2257 3456 Lombardis
2284 3393 2354 3455 et
2379 3384 2532 3455 aliis
2557 3382 3055 3455 adherentibus
3074 3382 3381 3454 Ecclesie

551 3520 797 3595 pacem
853 3501 1214 3594 daremuS,
1265 3503 1548 3577 tandem
1597 3500 1760 3596 noS,
1807 3505 1972 3577 licet
2015 3507 2243 3598 justas
2297 3505 2788 3601 detemptionis
2833 3526 3078 3576 causas
3121 3503 3380 3575 habere

553 3623 945 3696 diceremus
993 3624 1084 3697 de
1136 3636 1318 3699 terra
1369 3628 1717 3723 predicta,
1761 3638 2004 3725 utpote
2058 3653 2270 3724 quam
2310 3632 2469 3722 jure
2514 3629 2677 3701 belli
2716 3627 2813 3723 (b)
2855 3650 2982 3722 per
3023 3626 3380 3721 quondam

554 3746 633 3818 G.
674 3747 1234 3841 predecessorem
1270 3772 1476 3823 suum
1504 3751 1847 3825 hostiliter
1871 3755 2257 3849 propulsati
2288 3754 2607 3849 primitus
2638 3771 3045 3849 ceperamus
3076 3760 3148 3821 et
3168 3770 3381 3844 quam

553 3869 625 3940 in
655 3871 1035 3945 Ecclesiam
1072 3872 1160 3946 de
1200 3874 1471 3969 imperii
1507 3876 1919 3949 liberalitate
1945 3876 2042 3975 (c)
2076 3879 2475 3951 translatam
2505 3888 2790 3973 propter
2825 3873 3224 3945 manifestas
3267 3872 3378 3942 in-

635 4020 720 4100 (a)
761 4021 903 4083 Post
941 4022 1088 4083 haec
1130 4024 1310 4085 verba
1352 4027 1560 4104 incipit
1604 4027 1783 4105 longa
1828 4028 2041 4089 lacuna
2087 4045 2270 4105 qnam
2308 4028 2688 4090 Wurdtweln
2732 4025 2992 4085 codicem
3028 4024 3377 4086 Vaticanum

552 4126 946 4189 transcribens
974 4145 1094 4189 non
1122 4133 1456 4208 suspicatus
1482 4138 1594 4194 est.
1626 4134 1678 4194 Δ
1705 4133 1875 4194 nobis
1904 4135 2213 4211 suppletur
2237 4150 2310 4194 ex
2343 4132 2544 4194 codice
2575 4130 2998 4192 vratislavensi
3031 4146 3211 4207 supra
3248 4128 3378 4190 lau-

553 4229 715 4292 dato.
746 4233 938 4293 Locus
969 4251 1206 4312 quoque
1230 4235 1596 4299 desideratur
1636 4240 1794 4315 apud
1821 4240 1995 4300 Pertz
2029 4242 2134 4317 qui
2166 4245 2301 4316 post
2340 4255 2543 4298 vocem
2568 4236 3081 4315 archiepiscopum,
3114 4240 3199 4297 ita
3235 4252 3379 4297 con-

553 4337 722 4397 tinuo
751 4342 941 4415 pergit
978 4358 995 4398 ε
1033 4338 1203 4416 Quod
1223 4341 1532 4419 Romanos,
1560 4342 1940 4415 Lamban-dos,
1977 4344 2185 4403 Tuscos
2218 4345 2284 4402 in
2308 4340 2489 4424 quleis
2513 4350 2706 4422 captos
2733 4350 2788 4405 et
2814 4339 2959 4402 alios
2984 4360 3176 4406 omnes
3217 4361 3375 4404 occa·

554 4441 713 4500 sione
737 4439 1015 4503 discordie
1042 4442 1216 4505 libere
1243 4444 1611 4509 liberabimus
1636 4457 1693 4509 et
1718 4447 1794 4509 ab
1819 4447 2108 4523 omnibus,
2139 4458 2255 4510 etc.

635 4544 720 4627 (b)
762 4549 830 4609 In
861 4549 994 4609 cod.
1029 4551 1401 4632 Wratislav.,
1427 4555 1582 4614 male
1609 4551 1808 4617 libelli.

638 4652 710 4733 (c)
752 4653 978 4716 Ibidem
1007 4652 1296 4721 libertate.
