4364 5738
984 579 1066 638 :M
1981 577 2405 638 anmucl
2457 575 2806 637 sttctJNm
3422 577 3584 658 [Ans.
3622 579 3798 642 1242.

984 727 1055 786 et
1083 714 1528 786 donationem
1561 714 1742 784 inter
1769 713 1967 783 vivos
1994 714 2242 784 factam
2272 713 2499 785 eidem
2538 710 2955 783 monasterio
2988 710 3249 782 aRicca
3280 709 3421 784 filia
3453 716 3807 806 quondam

984 836 1300 909 Pandulfi
1341 837 1733 932 compalatii
1781 837 1869 909 de
1919 837 2150 931 Capua
2193 847 2263 908 et
2300 836 2651 909 Gualterio
2689 835 2779 908 de
2824 835 3047 907 Cicala
3095 836 3247 907 viro
3295 839 3445 929 ejus
3489 836 3810 912 fidelibus

983 963 1235 1036 nostris
1293 962 1381 1033 de
1438 961 1760 1032 omnihus
1816 960 2140 1032 domibus
2198 971 2269 1030 et
2322 960 2871 1054 possessionibus
2928 979 3172 1031 eorum
3229 961 3688 1033 existentibus
3737 964 3807 1034 in

983 1090 1212 1183 Capua
1249 1097 1320 1158 et.
1357 1085 1789 1181 pertinentiis
1822 1086 2005 1176 ejus,
2042 1094 2251 1179 prout
2285 1084 2353 1154 in
2396 1083 2872 1155 instrumentis
2912 1082 3340 1154 oblationum
3376 1095 3447 1156 et
3483 1085 3804 1159 donatio·

984 1234 1151 1282 num
1195 1210 1658 1306 predictarum
1697 1230 1738 1280 a
1782 1207 2109 1303 predictis
2152 1207 2366 1279 Maria
2401 1206 2490 1278 de
2530 1206 2781 1279 Menda
2809 1207 2898 1278 de
2925 1207 3218 1278 Nuceria
3262 1229 3422 1280 cum
3455 1210 3806 1284 Gernoldo

982 1334 1353 1407 Teotonico
1389 1333 1541 1405 viro
1577 1334 1729 1423 ejus
1762 1343 1833 1403 et
1868 1354 1908 1402 a
1936 1332 2139 1403 Ricca
2170 1330 2586 1424 compalatia
2619 1330 2708 1401 de
2745 1330 2978 1425 Capua
3005 1351 3164 1400 cum
3191 1331 3541 1405 Gualterio
3573 1334 3663 1406 de
3698 1335 3805 1407 Ci-

983 1459 1133 1530 cala
1172 1458 1325 1529 viro
1372 1458 1523 1547 ejus
1562 1456 1691 1550 ipsi
1731 1456 2152 1527 monasterio
2204 1453 2537 1527 confectis
2580 1453 2838 1525 exinde
2887 1453 3159 1547 plenius
3198 1456 3626 1548 continetur3
3665 1479 3804 1552 que

984 1584 1163 1653 bona
1198 1581 1428 1652 omnia
1458 1579 1586 1673 ipsi
1618 1589 1781 1649 tunc
1802 1581 1988 1671 juste
2019 1590 2089 1650 et
2115 1578 2614 1650 rationabiliter
2643 1579 2974 1650 tenebant
3001 1588 3070 1649 et
3104 1580 3583 1673 possidebant3
3620 1594 3693 1655 et
3722 1605 3806 1656 ea

983 1728 1170 1777 nunc
1207 1704 1338 1800 ipsi
1375 1703 1792 1775 monasterio
1829 1704 1918 1774 ab
1950 1703 2137 1775 omni
2172 1703 2453 1774 servitio
2492 1703 2683 1774 curie
2718 1711 2955 1774 nostre
2987 1703 3227 1775 debito
3259 1717 3597 1800 perpetuo
3630 1708 3804 1780 libe·

985 1850 1248 1920 ramus,
1285 1848 1425 1899 non
1462 1828 1779 1898 obstante
1815 1826 2304 1898 constitutione
2344 1825 2578 1918 aliqua
2625 1825 2952 1920 predictis
2984 1826 3308 1897 omnibus
3339 1828 3805 1903 oblationibus

983 1963 1054 2025 et
1070 1952 1556 2025 donationibus
1577 1951 1921 2022 contraria
1945 1972 1988 2021 a
2010 1951 2370 2043 majestate
2395 1961 2636 2021 nostra
2660 1948 2846 2021 edita
2866 1970 2990 2020 seu
3009 1948 3442 2038 confirmata,
3457 1973 3596 2045 qua
3621 1953 3804 2026 bona

982 2076 1250 2148 stabilia
1292 2074 1598 2146 ecclesiis
1633 2084 1702 2145 et
1734 2074 2067 2167 religiosis
2113 2072 2283 2145 locis
2323 2072 2559 2144 oblata
2591 2073 2803 2144 vendi
2843 2083 2916 2144 et
2945 2073 3234 2144 alienari
3278 2074 3586 2147 debeant
3627 2077 3803 2149 infra

979 2224 1276 2291 annum;
1333 2198 1741 2270 auctoritate
1798 2198 2134 2292 presentis
2185 2196 2527 2291 privilegii
2589 2195 3053 2292 precipientes
3110 2196 3398 2269 firmiter
3461 2199 3801 2273 universis

977 2335 1320 2419 quatenus
1339 2324 1569 2394 nullus
1592 2322 1679 2393 de
1705 2333 1937 2393 cetero
1965 2322 2053 2392 sit
2079 2332 2218 2391 tam
2242 2341 2455 2391 ausus
2480 2320 2598 2411 qui
2624 2341 2834 2415 super
2852 2320 3179 2416 predictis
3197 2322 3519 2394 omnibus
3539 2323 3800 2396 dictum

979 2448 1472 2521 monasterium
1508 2445 1843 2540 impedire
1881 2445 1953 2514 in
1993 2444 2232 2537 aliquo
2262 2445 2374 2515 vel
2423 2445 2789 2515 molestare
2831 2456 3208 2539 presumat.
3243 2445 3446 2529 Quod
3485 2446 3601 2540 qui
3638 2469 3798 2542 pre·

980 2572 1350 2666 sumpserit
1383 2569 1929 2662 indignationem
1966 2567 2184 2639 nostri
2219 2567 2538 2639 culminis
2568 2589 2642 2638 se
2682 2568 2957 2640 noverit
2984 2569 3420 2641 incursurum
3450 2581 3522 2642 et
3544 2592 3800 2667 penam
3917 2626 3922 2633 .

982 2694 1497 2790 privilegiorum
1545 2702 1938 2764 nostrorum
1990 2691 2216 2763 eidem
2264 2691 2683 2763 monasterio
2732 2691 3270 2765 misericorditer
3316 2715 3800 2767 concessorum

980 2827 1212 2890 nostre
1248 2837 1520 2889 camere
1552 2824 1623 2887 et
1649 2815 1867 2910 passis
1896 2814 2220 2907 injuriam
2253 2816 2666 2887 soluturum.
2699 2815 2808 2887 Ad
2837 2814 3046 2909 hujus
3072 2817 3307 2911 itaque
3336 2818 3800 2892 concessionis

981 2937 1637 3015 et'confirmationis
1683 2948 1918 3011 nostre
1969 2941 2373 3012 memoriam
2421 2952 2490 3012 et
2540 2942 2755 3013 robur
2802 2941 2872 3010 in
2927 2951 3339 3035 perpetuum
3381 2943 3793 3034 valiturum,

981 3089 1263 3163 presens
1292 3065 1729 3161 privilegium
1764 3064 1894 3135 sibi
1938 3063 2084 3135 fieri
2125 3066 2413 3136 fecimus
2450 3076 2521 3137 et
2552 3066 2929 3158 majestatis
2957 3075 3193 3138 nostre
3226 3066 3449 3159 sigillo
3483 3068 3797 3162 precepi·

980 3213 1135 3261 mus
1166 3189 1610 3279 communiri,
1642 3209 1862 3274 anuo,
1899 3210 2134 3259 mense
2163 3200 2239 3263 et
2271 3188 2648 3261 indictione
2683 3189 3110 3284 subscriptis,

1076 3315 1325 3385 Datum
1354 3313 1591 3406 Fogie‚
1621 3335 1807 3384 anno
1835 3313 2178 3384 dominice
2216 3313 2705 3385 incarnationis
2733 3314 3097 3385 millesimo
3128 3313 3602 3387 ducentesimo
3629 3337 3799 3409 qua·

982 3438 1371 3529 dragesimo
1409 3437 1667 3531 primo,
1700 3458 1939 3508 mense
1971 3436 2307 3527 januarii,
2349 3446 2595 3530 quarte
2628 3436 2897 3508 decime
2929 3436 3034 3533 (l)
3068 3436 3495 3527 indictioniS,
3527 3438 3793 3532 imperii

983 3561 1242 3634 domini
1295 3561 1512 3632 nostri
1554 3560 1881 3632 Friderici
1924 3561 2047 3631 Dei
2103 3561 2324 3653 gratia
2371 3560 2798 3631 invictissimi
2845 3560 3312 3632 Romanorum
3364 3561 3796 3656 imperatoris

980 3707 1253 3781 semper
1296 3684 1569 3776 augusti
1612 3694 1683 3755 et
1723 3684 2194 3776 gloriosissimi
2240 3684 2423 3776 regis
2465 3685 2838 3756 Ierusalem
2872 3694 2943 3755 et
2977 3684 3204 3756 Sicilie
3249 3706 3435 3757 anno
3466 3685 3795 3758 vicesimo

980 3812 1236 3907 primo,
1270 3809 1467 3901 regni
1497 3828 1667 3879 vero
1700 3808 2079 3880 Jerusalem
2115 3828 2302 3879 anno
2339 3808 2855 3900 quintodecimo
2887 3816 2958 3878 et
2994 3808 3222 3879 Sicilie
3264 3809 3796 3901 quadragesimo

982 3935 1227 4026 tercio,
1263 3934 1577 4005 feliciter.
1616 3932 1865 4004 Amen.

2053 4132 2127 4139 *u—
2134 4131 2290 4139 ———=·
2297 4130 2884 4139 ——mm———ae—-0

1048 4241 1119 4313 (t)
1154 4241 1244 4299 Sic
1270 4257 1369 4314 pro
1398 4241 1821 4317 quintedecc'm05
1851 4256 1947 4313 per
1969 4239 2309 4296 oscitantiam
2326 4255 2458 4296 vcro
2483 4240 2833 4310 notarii,dum
2858 4240 3160 4298 Fridericus
3185 4256 3372 4299 mense
3389 4243 3636 4316 januario
3663 4245 3793 4301 anni

981 4340 1109 4394 ΜΗ
1137 4338 1193 4395 in
1220 4338 1495 4396 obsidione·
1512 4338 1800 4397 Faventino
1814 4338 2172 4408 detineretur-3
2199 4352 2374 4410 neque
2395 4336 2557 4393 etiam
2577 4337 2772 4395 rectius
2794 4336 3005 4410 imperii
3030 4344 3086 4394 et
3109 4353 3394 4411 regnorum
3414 4341 3539 4396 anni
3568 4355 3790 4398 enume-

973 4442 1185 4492 rantur.
1220 4434 1298 4492 et.
1332 4434 1728 4504 Introduction,
1750 4437 1933 4508 partie
1953 4433 2265 4507 diplomat„
2295 4449 2351 4506 p.
2370 4433 2453 4490 LI.
