4364 5738
522 587 725 649 tumor.
755 584 856 666 5.]
1422 535 1832 648 ΗιετοιιιᾸ
1865 581 2457 647 mrzom'rrcA.
3218 580 3347 649 523

526 722 836 795 omnium
867 742 1008 816 que
1040 741 1219 795 avus
1256 720 1598 794 dictorum
1632 721 1966 794 Guidonis
1997 730 2072 793 et
2101 721 2398 795 Simonis
2429 720 2733 794 habebat
2761 723 2874 794 vel
2904 715 3185 797 tenebat
3213 744 3339 820 per

526 869 600 920 se
630 849 745 920 vel
775 868 900 943 per
929 847 1143 919 alium
1169 855 1293 918 aut
1318 847 1470 938 ejus
1496 847 1773 919 nomine
1800 847 2189 920 habebatur
2217 857 2287 918 et
2312 848 2403 919 ad
2432 868 2593 918 eum
2620 847 3011 942 pertinebat
3042 848 3114 920 in
3147 871 3341 922 mon·

527 973 729 1044 taniis
759 972 1109 1044 Brandelli
1135 981 1206 1044 et
1232 972 1304 1042 in
1331 971 1608 1043 civitate
1644 982 1716 1043 et
1752 981 1896 1043 toto
1933 973 2333 1066 episcopatu
2363 971 2790 1061 Pistoriensi;
2825 971 2988 1043 item
3020 983 3338 1066 quartam

525 1106 794 1193 partem
831 1097 1041 1170 totius
1082 1096 1287 1168 castri
1326 1096 1786 1169 Montismurli
1827 1106 1898 1167 et
1930 1098 2082 1188 ejus
2124 1096 2316 1167 curie
2357 1104 2427 1167 et
2467 1095 2851 1186 districtuS,
2892 1097 3338 1192 Nepozanum

525 1245 684 1295 cum
731 1225 883 1316 ejus
924 1221 1117 1294 curia
1158 1231 1230 1293 et
1264 1221 1614 1311 districtu,
1651 1220 1813 1293 Cavi
1854 1230 1925 1292 et
1959 1222 2252 1292 Pernine
2296 1243 2456 1293 cum
2507 1242 2747 1292 eorum
2797 1217 3227 1317 pertinentiis
3269 1234 3341 1297 et

526 1348 976 1438 districtibus,
1010 1349 1269 1418 Lucum
1305 1346 1394 1417 de
1421 1346 1710 1418 Musello
1752 1366 1910 1416 cum
1950 1344 2289 1436 districtu,
2329 1354 2643 1437 quartam
2676 1356 2945 1441 partem
2981 1347 3342 1443 hospitalis

525 1471 758 1544 Sancti
783 1471 1071 1542 Huberti
1099 1478 1170 1541 et
1199 1489 1479 1540 suarum
1507 1467 2106 1562 pertinentiarum.
2132 1468 2537 1562 Specialiter
2564 1470 2770 1542 etiam
2798 1470 3238 1562 indulgemus
3270 1482 3340 1544 et

525 1594 1018 1668 confirmamus
1035 1594 1163 1684 eis,
1189 1604 1396 1688 prout
1413 1592 1485 1663 in
1505 1612 1699 1663 sacro
1722 1590 2084 1685 privilegio
2111 1601 2350 1663 nostro
2376 1591 2642 1663 dudum
2668 1594 2992 1685 Guidoni,
3014 1595 3335 1688 Tegrino,

521 1717 897 1810 Roggerio,
934 1717 1329 1793 Marcoaldo
1370 1725 1441 1787 et
1479 1714 1826 1808 Agenulso
1857 1715 2224 1788 comitibus
2257 1717 2434 1810 patri
2468 1727 2538 1789 et
2568 1719 2832 1812 patruis
2871 1720 3340 1814 predictorum

525 1845 816 1915 fratrum
869 1844 1143 1939 plenius
1194 1842 1503 1914 noscitur
1566 1840 1906 1912 contineri
1926 1837 2068 1937 (1),
2109 1850 2192 1912 ut
2239 1862 2378 1911 non
2429 1844 2932 1936 compellantur
2972 1845 3061 1917 de
3099 1830 3343 1941 ‘aliqua

526 1988 736 2040 causa
766 1967 898 2039 sub
924 1968 1217 2058 alicujus
1243 1966 1563 2038 examine
1595 1965 2017 2060 respondere
2046 1964 2177 2035 nisi
2206 1965 2337 2036 sub
2367 1965 2569 2037 nobis
2596 1978 2665 2037 et
2691 1967 2828 2039 alio
2858 1989 3066 2060 quem
3092 1971 3185 2042 ad
3210 1971 3343 2043 hoc

527 2093 920 2188 specialiter
942 2092 1451 2183 delegaremus,
1479 2099 1551 2162 et
1577 2089 1636 2161 si
1667 2090 1950 2182 quando
1969 2089 2197 2161 vocati
2226 2090 2482 2161 fuerint
2511 2111 2554 2160 a
2586 2091 2788 2162 nobis
2819 2103 2901 2163 ut
2933 2093 3025 2165 ad
3057 2116 3185 2166 nos
3217 2116 3343 2168 ve-

526 2216 723 2289 niant
751 2219 862 2290 vel
896 2239 937 2290 a
970 2216 1230 2287 nuntiis
1255 2214 1544 2305 nostriS,
1580 2223 1771 2286 metu
1799 2224 2251 2305 cognatorum
2287 2213 2642 2306 quondam
2673 2215 2980 2289 Anselmi
3016 2220 3130 2291 vel
3154 2220 3347 2311 justo

526 2339 1023 2435 impedimento
1081 2338 1651 2434 superveniente,
1697 2338 1963 2432 possint
2012 2360 2137 2434 per
2188 2339 2622 2433 responsales
2679 2362 2840 2412 suos
2898 2344 3010 2414 vel
3065 2345 3349 2417 nuntios

528 2465 730 2536 nobis
758 2473 827 2536 et
856 2464 1110 2536 nostris
1137 2463 1398 2535 nuntiis
1429 2463 1579 2535 sine
1611 2472 1849 2535 nostra
1883 2462 2359 2556 indignatione
2378 2464 2838 2558 respondere,
2867 2476 3249 2540 statuentes
3276 2478 3348 2541 et

531 2589 876 2685 imperiali
899 2590 1290 2662 sancientes
1323 2588 1552 2660 edicto
1585 2598 1928 2681 quatenus
1954 2589 2146 2659 nulla
2179 2610 2476 2683 persona
2506 2590 2646 2660 alta
2663 2592 2776 2662 vel
2809 2589 3112 2683 humilis,
3133 2594 3350 2666 eccle-

528 2715 800 2786 siastica
830 2716 946 2786 vel
977 2714 1332 2804 secularis,
1364 2714 1596 2784 nullus
1629 2713 1934 2784 marchio
1971 2734 2199 2805 neque
2233 2734 2491 2804 comes,
2517 2715 2709 2785 nulla
2746 2725 3076 2809 potestaS,
3104 2717 3347 2791 civitas

527 2841 674 2914 sive
709 2862 1103 2933 commune,
1140 2848 1368 2913 rector
1392 2861 1523 2912 nec
1553 2837 1994 2930 universitaS,
2032 2839 2226 2911 nulla
2259 2838 2559 2931 denique
2587 2838 2721 2911 alia
2755 2862 3049 2934 persona
3082 2864 3201 2917 eos
3231 2846 3346 2917 vel

527 2987 769 3038 eorum
799 2966 1097 3040 heredes
1121 2966 1465 3060 legitimos
1498 2973 1736 3038 contra
1764 2963 1971 3056 hujus
2003 2963 2345 3060 privilegii
2379 2964 2597 3035 nostri
2634 2974 2946 3037 tenorem
2978 2969 3345 3043 molestare

527 3093 639 3165 vel
678 3090 987 3182 injuriari
1016 3100 1138 3161 aut
1174 3090 1560 3184 inquietare
1601 3101 1724 3163 aut
1754 3089 2116 3161 disvestire
2150 3099 2544 3185 presumat,
2588 3099 2659 3161 et
2695 3091 2816 3181 qui
2853 3095 3348 3188 presumpserit

525 3223 761 3311 preter
795 3212 1342 3305 indignationem
1387 3213 1602 3284 nostri
1641 3213 1960 3285 culminis
1993 3235 2204 3308 quam
2237 3213 2585 3303 incurret,
2632 3227 2912 3285 centum
2954 3216 3165 3291 libras
3195 3219 3347 3291 auri

527 3337 873 3434 purissimi
903 3359 1029 3433 pro
1057 3358 1240 3432 pena
1276 3358 1350 3411 se
1384 3337 1930 3433 compositurum
1958 3347 2329 3429 agnoscat,
2363 3338 2735 3409 medietate
2764 3361 3034 3411 camere
3071 3353 3340 3435 nostre,

528 3462 793 3558 reliqua
839 3462 1209 3534 medietate
1249 3461 1468 3557 passis
1506 3461 1828 3553 injuriam
1860 3461 2313 3555 applicanda3
2360 3461 2569 3531 nullis
2613 3462 2765 3533 aliis
2811 3465 3185 3558 privilegiis
3220 3490 3346 3538 seu

529 3587 1091 3665 concessionibus
1108 3608 1153 3658 a
1171 3587 1472 3661 culmine
1491 3594 1731 3659 nostro
1754 3586 2138 3681 impetratis
2152 3586 2263 3659 vel
2284 3585 2735 3681 impetrandis
2757 3586 3348 3681 prejudicantibus

529 3712 601 3783 in
634 3712 864 3806 aliquo
897 3713 1204 3809 presenti
1235 3710 1598 3808 privilegio
1626 3722 1890 3783 nostro.
1930 3709 2044 3783 Ad
2087 3710 2294 3802 hujus
2325 3718 2558 3782 autem
2594 3710 3080 3804 protectionis,
3122 3711 3344 3784 dona-

532 3837 759 3929 tioniS,
787 3836 1248 3911 concessionis
1282 3846 1352 3909 et
1378 3834 1917 3908 confirmationis
1951 3844 2186 3907 nostre
2221 3834 2624 3907 memoriam
2661 3844 2731 3907 et
2765 3835 2976 3907 robur
3010 3845 3346 3933 perpetuo

527 3961 926 4054 valiturum,
952 3985 1238 4060 presens
1278 3960 1713 4059 privilegium
1755 3960 1906 4034 fieri
1940 3971 2011 4034 et
2046 3961 2271 4055 sigillo
2315 3961 2694 4054 majestatis
2738 3969 2972 4034 nostre
3012 3962 3345 4056 jussimus

530 4107 966 4159 communm.

529 4424 836 4496 retulimus,
866 4431 909 4481 t.
934 4423 1002 4494 11,
1022 4442 1080 4499 p.
1112 4428 1203 4492 64,
1256 4423 1352 4483 sed
1385 4422 1543 4481 male.
1575 4422 1673 4481 Hic
1699 4437 1895 4495 nempe
1921 4420 2104 4494 agitur
2138 4421 2208 4478 de
2238 4421 2398 4495 plebe
2424 4421 2607 4480 Sancti
2634 4421 2851 4481 Genesii
2874 4423 2943 4483 de
2968 4424 3089 4484 vico
3111 4426 3344 4505 valaris,

530 4531 592 4580 ut
616 4529 801 4581 monet
839 4522 1084 4594 Lamias,
1111 4521 1274 4594 ibid„
1305 4538 1362 4594 p.
1385 4524 1520 4589 675,
1544 4536 1669 4578 cum
1706 4520 1855 4578 locus
1883 4519 1985 4576 iste
2013 4520 2092 4576 sic
2123 4534 2340 4592 quoque
2375 4521 2576 4579 rectius
2597 4522 2902 4581 nominetur
2934 4523 2990 4580 in
3022 4525 3344 4598 quibusdam

528 4622 646 4679 aliis
682 4620 1019 4678 documentis
1053 4636 1194 4692 quae
1225 4636 1395 4695 supra
1422 4620 1745 4690 referuntur,
1777 4634 1833 4693 p.
1871 4621 1993 4689 3⁴⁴,
2027 4620 2159 4688 3⁴3,
2190 4620 2318 4675 520.

602 4717 673 4793 (t)
708 4717 794 4776 Cf.
817 4733 1002 4792 supra,
1025 4722 1067 4775 t.
1098 4719 1166 4792 11,
1197 4734 1253 4793 p.
1283 4720 1375 4792 59,
1398 4719 1782 4777 documentum
1798 4717 1912 4791 im
1937 4714 2366 4790 praelaudatum.
