4364 5738
658 537 860 612 Iunior.
892 541 985 618 5.]
1544 540 1940 603 HISTORIA
1987 541 2583 605 DIPLOMATICA.
3354 545 3470 605 541

649 675 877 766 judex
912 675 1173 749 domini
1205 675 1445 748 vitalis
1493 676 1583 748 de
1627 677 1999 772 Becharia,
2050 678 2426 774 imperialis
2469 675 2831 772 potestatis
2875 676 3069 748 Cunii
3095 731 3115 769 ,
3167 681 3478 775 precepit

657 799 869 871 michi
899 800 1194 873 Iohanni
1230 801 1501 873 notario
1529 812 1873 894 quatenus
1904 803 2258 896 quoddam
2296 801 2732 898 privilegium
2774 822 3178 873 concessum
3211 812 3305 874 et.
3368 857 3386 874 .

829 981 844 996 .
909 982 924 997 .
969 935 1139 997 tum.
1205 981 1222 999 .
1285 980 1303 997 .
1365 979 1384 998 .
1442 927 1800 1018 majestate
1851 928 2271 1001 monasterio
2321 926 2534 999 Vallis
2583 924 2776 997 Pexii
2818 925 2889 996 in
2938 927 3285 1020 publicam
3331 928 3473 1001 for-

657 1070 843 1120 mam
874 1051 1263 1143 redigerem
1292 1060 1362 1122 et
1390 1061 1790 1143 tractarem3
1836 1063 2036 1125 tenor
2066 1054 2266 1145 cujus
2300 1051 2453 1122 talis
2485 1060 2591 1122 est
2622 1076 2640 1121 ε

752 1176 1192 1268 FredericuS,
1227 1178 1352 1249 Dei
1392 1179 1612 1270 gratia
1647 1180 2113 1253 Romanorum
2152 1179 2531 1274 imperator
2562 1198 2837 1272 semper
2873 1186 3242 1269 augustuS,
3280 1178 3471 1249 Ieru-

655 1303 873 1373 salem
909 1312 980 1375 et
1016 1303 1244 1375 Sicilie
1278 1327 1430 1375 rex.
1470 1305 1599 1375 Per
1629 1327 1916 1399 presens
1951 1285 2282 1400 scriptum
2316 1313 2560 1376 notum
2597 1300 2746 1375 fieri
2778 1304 3099 1374 volumus
3133 1303 3475 1376 universis

654 1425 928 1521 imperii
959 1425 1280 1500 fidelibus
1315 1440 1453 1500 tam
1485 1430 1921 1524 presentibus
1952 1451 2163 1522 quam
2194 1429 2441 1501 futuris
2474 1428 2665 1522 quod
2696 1449 2824 1499 nos
2869 1428 2960 1499 ob
3002 1429 3474 1501 reverenciam

655 1552 837 1642 regis
870 1574 1112 1644 regum
1147 1576 1274 1648 per
1301 1575 1512 1647 quem
1543 1555 1840 1627 vivimus
1878 1564 1948 1626 et
1988 1554 2280 1627 feliciter
2311 1554 2765 1649 imperamus,
2802 1553 3216 1627 monasteria
3260 1555 3475 1627 Vallis

654 1675 830 1747 Pesii
865 1698 1023 1748 cum
1063 1677 1457 1750 hominibus
1494 1677 1813 1751 fidelibus
1859 1680 2146 1771 nostris,
2197 1679 2540 1772 grangiis,
2592 1700 2755 1774 poss
2762 1730 3104 1750 .....
3151 1678 3358 1751 nibus
3404 1690 3476 1752 et

656 1802 978 1874 omnibus
1018 1803 1220 1874 bonis
1255 1804 1398 1875 suis
1436 1825 1573 1897 que
1610 1804 1682 1874 in
1720 1806 2023 1900 presenti
2047 1806 2236 1897 juste
2288 1813 2526 1876 tenent
2571 1813 2643 1876 et
2673 1803 3032 1900 possident
3058 1813 3134 1875 et
3163 1803 3235 1875 in
3268 1813 3473 1876 antea

646 1926 839 2018 justo
886 1927 1085 1999 titulo
1127 1937 1455 2022 poterunt
1489 1929 1780 2024 adipisci
1821 1930 1952 2000 sub
1988 1929 2418 2024 protectione
2427 1980 3095 2001 .........
3147 1951 3282 2001 one
3323 1931 3471 2000 cul-

654 2052 859 2123 minis
891 2052 1107 2124 nostri
1147 2053 1536 2147 recepimus
1569 2053 1879 2148 speciali,
1908 2054 2323 2126 mandantes
2352 2063 2422 2125 et
2446 2053 2786 2148 presentis
2818 2053 3053 2149 scripti
3085 2053 3473 2127 sancientes

656 2177 882 2249 edicto
923 2187 1266 2270 quatenus
1306 2178 1540 2250 nullus
1584 2179 1673 2250 sit
1720 2179 1841 2272 qui
1886 2179 2306 2251 monasteria
2350 2179 2499 2274 ipsa
2545 2178 2758 2251 Vallis
2801 2178 2976 2251 Pesii
3022 2189 3261 2252 contra
3309 2201 3473 2275 pre-

652 2303 865 2373 sentis
893 2303 1129 2397 scripti
1159 2303 1377 2374 nostri
1412 2312 1724 2376 tenorem
1763 2314 2021 2378 temere
2056 2304 2478 2398 inquietare,
2515 2306 2880 2376 molestare
2908 2326 3031 2375 seu
3066 2306 3471 2399 perturbare

651 2437 1031 2520 presumat.
1074 2427 1278 2514 Quod
1317 2428 1439 2521 qui
1470 2429 1966 2523 presumpserit
2006 2428 2552 2521 indignationem
2600 2428 2918 2501 culminis
2960 2429 3179 2501 nostri
3224 2450 3301 2500 se
3340 2450 3471 2501 no-

649 2553 832 2624 verit
878 2553 1343 2625 incursurum.
1403 2552 1516 2625 Ad
1577 2553 1785 2646 hujus
1838 2564 2071 2626 autem
2130 2554 2577 2650 protectionis
2636 2564 2708 2626 et
2765 2554 3186 2627 defensionis
3234 2564 3471 2627 nostre

648 2677 1051 2749 memoriam
1088 2687 1160 2749 et
1198 2677 1412 2749 robur
1449 2687 1785 2773 perpetuo
1817 2679 2230 2770 valiturum,
2275 2701 2562 2775 presens
2598 2679 2929 2774 scriptum
2962 2677 3113 2751 fieri
3143 2688 3212 2751 et
3242 2680 3468 2773 sigillo

650 2801 1027 2894 majestatis
1064 2811 1297 2875 nostre
1331 2801 1664 2894 jussimus
1700 2803 2134 2877 communiri.
2176 2805 2263 2876 Et
2291 2803 2779 2877 nichilominus
2817 2813 2899 2876 ut
2940 2826 3226 2900 presens
3267 2826 3464 2879 man-

649 2924 888 2998 datum
919 2938 1230 3002 nostrum
1263 2927 1526 3002 firmius
1557 2930 1992 3022 observetur,
2030 2931 2180 3023 ejus
2210 2931 2542 3003 Iacobum
2571 2930 3039 3004 marchionem
3067 2930 3156 3004 de
3187 2932 3465 3007 Carreto

648 3049 979 3123 dilectum
989 3104 1495 3127 .......
1536 3076 1783 3128 uerum
1821 3052 1922 3153 (a)
1954 3063 2024 3127 et
2058 3053 2340 3128 fidelem
2369 3063 2683 3129 nostrum
2723 3067 3227 3152 exequutorem
3256 3056 3467 3131 duxi·

647 3196 804 3246 mus
840 3175 1285 3248 statuendum
1319 3200 1445 3273 per
1488 3179 1722 3252 literas
1755 3181 1974 3252 nostri
2010 3181 2331 3254 culminis
2356 3182 2724 3277 speciales.

746 3303 1001 3373 Datum
1031 3301 1207 3375 Carii
1241 3324 1367 3397 per
1394 3325 1644 3377 manus
1672 3305 1980 3397 magistri
2007 3307 2191 3379 Petri
2222 3307 2312 3378 de
2344 3308 2561 3379 Vinea
2588 3308 2964 3403 imperialis
2986 3309 3146 3381 aule
3182 3308 3464 3405 protho-

646 3426 897 3499 notarii
935 3437 1007 3499 et
1037 3427 1233 3521 regni
1275 3428 1502 3502 Sicilie
1538 3430 1925 3523 logothete,
1957 3452 2143 3504 anno
2182 3430 2528 3503 dominice
2570 3432 3062 3504 incarnationis
3102 3433 3464 3508 millesimo

647 3550 1123 3626 ducentesimo
1153 3552 1686 3646 quadragesimo
1723 3554 2043 3650 septimo,
2074 3575 2316 3627 mense
2336 3553 2544 3646 junii,
2578 3555 2818 3648 quinte
2846 3554 3263 3628 indictionis,

743 3677 832 3747 Et
871 3697 1001 3768 ego
1036 3676 1387 3750 Iohannes
1431 3679 1692 3751 Petitus
1741 3679 1976 3774 palatii
2023 3678 2332 3751 notarius
2373 3678 2507 3751 hoc
2546 3679 2972 3752 autenticum
3011 3680 3158 3753 vidi
3207 3690 3278 3752 et
3326 3681 3464 3773 legi

648 3808 718 3871 et
771 3800 841 3871 in
891 3800 1183 3873 formam
1233 3803 1493 3898 publici
1548 3803 1987 3876 instrumenti
2038 3804 2280 3899 scripsi
2329 3814 2401 3875 et
2445 3803 2722 3896 redegi,
2780 3804 2992 3876 nichil
3038 3804 3305 3877 addens
3347 3806 3461 3879 vel

647 3922 1040 3999 diminuens
1072 3937 1306 4023 preter
1332 3928 1621 4001 silabam
1656 3929 1771 4003 vel
1807 3939 2098 4025 pontum
2126 3928 2320 4023 quod
2349 3939 2570 4002 mutet
2600 3927 3199 4022 significationem.

730 4185 812 4269 (a)
854 4190 1171 4255 Evidenter
1195 4199 1396 4255 tamen
1422 4195 1816 4275 supplendum
1840 4202 1899 4258 et
1925 4195 2239 4277 legendum
2265 4201 2355 4258 est
2379 4212 2672 4278 ymerum.
2713 4195 2898 4277 Super
2921 4213 3042 4277 quo
3069 4196 3284 4263 videsis
3314 4196 3461 4276 quid

646 4310 825 4374 supra
854 4299 1196 4380 retulimus,
1226 4318 1286 4380 p.
1322 4309 1459 4365 514.
