4364 5738
948 583 989 641 4
1945 583 2369 642 FRIDERICI
2423 583 2768 644 SECUNDI
3379 587 3545 665 [Anu.
3585 589 3755 650 1241.

945 718 1115 789 serit
1148 727 1220 788 et
1257 718 1349 791 ad
1382 716 1876 811 perfectionem
1919 717 2150 810 operis
2194 738 2321 812 pro
2361 729 2737 810 augmento
2778 718 3048 813 imperii
3089 741 3217 813 per
3259 719 3654 793 instantiam
3695 735 3765 794 et

947 840 1361 912 indefessam
1402 839 1934 911 sollicitudinem
1978 850 2284 911 nostram
2331 861 2509 935 pene
2555 842 2833 935 penitus
2876 842 2965 912 sit
3005 841 3373 915 deductuS.
3416 845 3764 941 Principes

945 984 1116 1035 vero
1149 973 1420 1035 nostros
1455 964 1803 1036 noluimus
1842 964 1912 1033 in
1954 963 2267 1057 personis
2300 972 2370 1035 et
2402 965 2611 1035 rebus
2647 965 3084 1059 aliquatenus
3121 966 3447 1059 fatigare,
3476 969 3761 1061 quibus·

948 1087 1110 1159 dam
1141 1088 1448 1187 exceptis
1475 1087 1596 1179 qui
1629 1108 1769 1159 una
1801 1087 2157 1157 nobiscum
2190 1087 2376 1158 avidi
2407 1089 2754 1182 presentie
2795 1099 3029 1161 nostre
3068 1099 3139 1161 et
3177 1089 3456 1164 honoris
3495 1092 3764 1187 imperii

946 1211 1311 1301 sitibundi,
1360 1210 1682 1282 eumdem
1723 1211 2029 1281 laborem
2082 1232 2210 1304 pro
2272 1220 2582 1306 tempore
2640 1213 2970 1285 continuo
3030 1227 3576 1309 assumpserunt.
3621 1217 3764 1287 Nec

945 1337 1209 1428 absque
1241 1335 1528 1408 consilio
1560 1334 1948 1429 principum
1978 1345 2049 1404 et
2077 1334 2356 1406 hortatu
2387 1335 2587 1427 illud,
2625 1336 2682 1407 si
2712 1337 2812 1408 eis
2840 1338 3268 1432 displicuisse
3305 1338 3618 1431 deberet,
3633 1341 3761 1413 ali-

945 1469 1289 1551 quatenus
1316 1459 1618 1553 incipere
1657 1468 2186 1551 temptassemus
2203 1509 2222 1546 ,
2246 1458 2610 1552 presertim
2637 1481 2799 1531 cum
2822 1482 3062 1533 omnes
3090 1472 3159 1533 et
3188 1462 3494 1555 singulos
3530 1464 3602 1533 in
3631 1463 3763 1536 boc

944 1583 1203 1655 habere
1229 1592 1300 1653 et
1326 1582 1525 1654 nobis
1563 1584 1788 1653 facere
1831 1581 2275 1652 crederemus
2309 1583 2684 1673 gratiores3
2722 1583 2811 1656 de
2850 1606 2990 1676 quo
3022 1585 3447 1677 singulorum
3477 1587 3760 1659 consilia

944 1706 1291 1803 prosecuti
1324 1707 1558 1778 fovere
1593 1705 2015 1777 intendimus
2043 1706 2224 1778 votis
2258 1707 2426 1778 suis.
2461 1706 2907 1802 Quapropter
2933 1709 3002 1778 in
3031 1710 3378 1804 publicam
3407 1712 3762 1804 querelam

945 1826 1371 1924 erumpimus
1411 1830 1601 1922 quod
1643 1830 1843 1901 nobis
1880 1830 1948 1899 in
1986 1830 2178 1901 Italia
2221 1830 2602 1902 obtinenda
2646 1831 3022 1925 reipublice
3064 1854 3343 1904 causam
3386 1844 3456 1905 et
3496 1835 3763 1929 imperii

944 1955 1161 2028 decus
1191 1954 1554 2047 agentibus
1576 2008 1595 2043 ‚
1627 1975 1767 2025 non
1799 1953 2056 2048 profuit
2087 1953 2357 2049 imperii
2389 1964 2459 2026 et
2487 1954 2881 2051 principum
2910 1978 3228 2029 connexa
3261 1958 3595 2051 protectio
3625 1980 3760 2051 que

942 2078 1414 2151 indifferenter
1435 2089 1505 2150 et
1532 2078 1783 2173 passim
1815 2087 2099 2150 cunctos
2128 2078 2509 2173 imperialia
2539 2080 2824 2151 servitia
2854 2081 3183 2152 facientes
3214 2089 3445 2151 tuetur
3474 2082 3566 2152 ab
3594 2081 3764 2173 inju-

942 2203 1309 2276 riatoribus
1349 2203 1777 2275 eorumdem.
1814 2203 1992 2273 Nam
2035 2213 2494 2275 surrexerunt
2541 2224 2635 2274 cx
2687 2203 2986 2275 adverso
3032 2204 3421 2276 turbatores
3463 2205 3652 2299 pacis
3692 2217 3762 2277 et

943 2327 1237 2422 imperii,
1275 2328 1404 2399 viri
1434 2349 1609 2419 quos
1641 2326 2395 2418 exaltavimuS,quibus
2424 2347 2551 2397 nos
2580 2336 2649 2396 et
2682 2326 3046 2421 imperium
3082 2338 3396 2399 nostrum
3424 2329 3764 2401 commisi-

940 2474 1095 2524 mus
1124 2452 1259 2547 (4),
1296 2451 1740 2545 blasphemiis
1781 2459 2277 2544 persequentes
2322 2458 2394 2520 et
2436 2450 2702 2541 injuriis
2743 2471 2994 2521 nomen
3028 2462 3375 2541 nostrum,
3408 2442 3649 2525 fideles
3689 2465 3760 2524 et

942 2586 1160 2647 terras
1195 2584 1467 2646 nostras
1498 2575 1681 2645 ferro
1714 2582 1785 2644 et
1813 2573 2089 2644 flamma
2120 2582 2474 2644 vastantes
2496 2626 2515 2663 ,
2553 2573 2720 2666 quin
2761 2574 2990 2667 potius
3035 2574 3510 2647 machinantes
3548 2575 3759 2648 dilec-

944 2711 1048 2770 tos
1082 2699 1280 2770 nobis
1313 2698 1749 2789 coadjutores
1776 2706 1846 2767 et
1872 2696 2139 2791 imperii
2170 2696 2517 2791 principes
2546 2719 2587 2768 a
2621 2706 2856 2769 nostra
2886 2708 2955 2769 et
2978 2698 3247 2792 imperii
3271 2698 3568 2789 ditione,
3597 2699 3758 2770 licet

935 2825 1193 2895 frustra
1226 2834 1643 2894 conarentur
1679 2818 1813 2918 (a),
1855 2831 2170 2892 avertere
2189 2875 2209 2910 ,
2240 2821 2478 2914 lingue
2512 2822 2851 2893 lubricum
2882 2832 3119 2917 preter
3143 2832 3559 2894 nocumenta
3590 2844 3757 2919 ope-

942 2970 1095 3018 rum
1135 2947 1227 3018 ad
1270 2947 1528 3018 illibata
1563 2946 2040 3017 dissolventes,
2074 2946 2385 3037 Exurgat
2428 2946 2638 3038 igitur
2664 2957 2951 3040 experta
2993 2946 3382 3041 principum
3416 2945 3554 3019 fida
3583 2945 3756 3019 fides

810 3155 827 3166 ,
943 3082 1013 3142 et
1047 3083 1186 3142 tam
1219 3070 1600 3163 degeneres
1640 3071 1732 3141 ab
1769 3069 2028 3141 bonore
2062 3079 2132 3140 et
2166 3069 2363 3140 titulo
2398 3070 2761 3163 principali
2800 3069 3257 3162 indignasque
3297 3067 3390 3165 (b)
3424 3091 3754 3164 personas

942 3216 1116 3288 quas
1157 3193 1445 3288 perfidia
1485 3194 1844 3265 manifesta
1896 3193 2396 3287 condempnat,
2432 3194 2625 3265 velut
2668 3193 3083 3287 apostolicos
3133 3192 3478 3288 principes
3484 3246 3746 3265 .....

942 3318 1253 3389 membra
1304 3317 1767 3411 condempnet
1810 3328 2157 3388 eteorum
2207 3318 2723 3411 presumptibus
2777 3317 3012 3389 obviet
3057 3317 3460 3408 manifeste,
3497 3317 3752 3389 dilecto

940 3439 1082 3512 filio
1111 3450 1346 3512 nostro
1371 3442 1444 3512 C.
1484 3442 1950 3512 Romanorum
1978 3441 2047 3510 in
2079 3462 2310 3532 regem
2345 3443 2566 3512 electo
2592 3451 2661 3512 et
2686 3440 2877 3532 regni
2904 3441 3285 3512 Jerusalem
3319 3439 3561 3512 heredi
3596 3439 3753 3512 totis

941 3575 1179 3636 contra
1220 3586 1339 3636 eos
1373 3563 1462 3660 (c)
1494 3565 1755 3635 viribus
1791 3564 2172 3636 assistendo
2194 3619 2213 3654 ‚
2247 3565 2649 3658 priusquam
2685 3564 2855 3635 tanti
2892 3566 3074 3636 fama
3109 3564 3273 3635 mali
3308 3563 3396 3636 de
3430 3563 3752 3658 principi·

939 3690 1069 3760 bus
1090 3700 1295 3760 exeat
1311 3688 1651 3780 aquilonis
1666 3700 1735 3758 et
1753 3688 2085 3759 dissensio
2102 3687 2201 3783 (d)
2216 3689 2600 3782 principum
2626 3710 2667 3760 a
2686 3688 2932 3759 vicinis
2950 3687 3249 3759 Tartaris
3263 3699 3744 3780 cognoscatur,

938 3835 1074 3906 que
1114 3811 1206 3884 ad
1248 3810 1768 3883 dissolutionem
1808 3812 2153 3908 puplicam
2187 3823 2257 3882 et
2293 3812 2491 3904 regni
2527 3811 2934 3884 divisionem
2971 3820 3380 3906 sequentem
3413 3810 3748 3883 maturius

1019 4001 1099 4078 (a)
1146 4002 1215 4061 In
1240 4002 1439 4062 codice
1463 4006 1947 4062 converterentur.

1018 4105 1096 4183 (b)
1140 4109 1276 4168 Vox
1302 4108 1457 4168 lectu
1483 4107 1851 4168 difficillima.

1018 4213 1092 4292 (c)
1146 4215 1216 4273 In
1244 4215 1442 4274 codice
1467 4231 1615 4273 eum.

1014 4318 1101 4398 (d)
1145 4319 1218 4378 In
1245 4319 1442 4379 codice
1469 4317 1731 4399 defensio.

1001 4612 1074 4685 (t)
1116 4610 1385 4670 Alluditur
1407 4607 1476 4664 ad
1512 4606 1766 4665 sifridum
1808 4607 2168 4680 moguntinum
2210 4604 2693 4679 archiepiscopum,
2731 4610 2785 4661 et
2821 4610 3225 4679 procuratorem
3261 4600 3469 4675 imperii
3507 4601 3598 4672 qui
3635 4599 3739 4656 boc

927 4722 1070 4764 anno
1095 4711 1152 4761 et
1174 4704 1291 4777 ipso
1318 4716 1503 4759 mense
1530 4701 1584 4757 in
1612 4700 1940 4757 Fridericum
1968 4701 2354 4757 insurrexerat.
