4364 5738
1029 565 1187 638 aas
2029 569 2458 637 sumntum
2503 567 2855 636 sscunm
3253 629 3260 634 .
3468 574 3633 657 [An.
3668 574 3842 638 1246.

1032 699 1171 805 que
1205 709 1452 806 prefati
1479 697 1870 804 proditores
1907 710 2243 781 tenebant
2280 725 2323 782 a
2357 710 2784 783 monasterio
2823 719 3239 801 memorato,
3289 710 3482 805 quod
3519 711 3645 782 tihi
3684 729 3848 783 con·

1032 842 1219 904 stare
1257 833 1609 923 volumuS,
1655 832 1711 904 si
1746 855 1872 928 pro
1917 833 2107 904 curia
2143 841 2378 906 nostra
2431 844 2633 929 capta
2676 843 2841 906 sunt
2884 839 2956 905 et
2995 847 3078 905 ea
3115 834 3308 905 curia
3339 844 3575 906 nostra
3620 845 3843 925 tenet,

1037 956 1302 1029 eisdem
1336 955 1572 1028 abbati
1615 966 1686 1026 et
1726 957 2099 1028 conventui
2137 956 2392 1030 nostris
2431 955 2754 1029 fidelibus
2802 978 2930 1053 pro
2971 949 3168 1052 parte
3208 957 3424 1052 ipsius
3457 957 3850 1029 monasterii

1038 1079 1186 1151 sine
1221 1079 1530 1172 qualibet
1555 1073 1959 1151 difficultate
2002 1080 2366 1153 restituere
2398 1101 2537 1152 non
2582 1091 2984 1175 postponas,
3018 1081 3273 1152 Datum
3308 1081 3687 1176 Crepacore
3715 1078 3774 1174 (⁴
3790 1078 3845 1176 ),

1039 1201 1335 1296 septimo
1372 1202 1564 1294 julii,
1613 1213 1860 1296 quarta
1900 1200 2306 1275 indictione.
2339 1204 2666 1275 volentes
2707 1202 2918 1295 igitur
2953 1217 3228 1275 sacrum
3256 1203 3616 1298 imperiale
3653 1221 3849 1274 man-

1039 1325 1282 1399 datum
1336 1346 1498 1397 cum
1545 1325 1735 1397 omni
1786 1324 2160 1397 devotione
2216 1327 2566 1421 complere
2589 1377 2610 1414 ,
2662 1324 3077 1397 mandamus
3125 1324 3325 1399 vobis
3367 1345 3464 1398 ex
3516 1326 3850 1421 imperiali

1040 1460 1240 1546 parte
1272 1448 1684 1520 auctoritate
1720 1469 1862 1541 qua
1907 1448 2262 1541 fungimur
2305 1447 2751 1542 injungentes
2787 1448 3117 1542 quatinus
3156 1450 3466 1544 inspecta
3502 1457 3578 1521 et
3616 1450 3848 1522 ohser—

1041 1575 1205 1645 vata
1238 1574 1457 1644 forma
1490 1570 1780 1666 predicti
1817 1572 2193 1667 imperialis
2220 1572 2568 1663 mandati,
2606 1573 2935 1645 ecclesias
2960 1593 3044 1645 ac
3077 1575 3263 1645 bona
3296 1573 3434 1644 alia
3470 1573 3703 1645 omnia
3736 1591 3850 1644 su—

1044 1696 1357 1791 predicta
1384 1715 1525 1787 que
1558 1695 1807 1790 prefati
1840 1695 2229 1789 proditores
2273 1696 2604 1767 tenebant
2644 1716 2689 1766 a
2730 1697 3147 1769 monasterio
3196 1707 3613 1787 memorato,
3666 1694 3851 1789 quod

1044 1818 1246 1891 vobis
1294 1829 1609 1891 constare
1652 1820 2019 1907 volumuS,
2072 1819 2130 1889 si
2173 1837 2303 1914 pro
2352 1819 2691 1913 imperiali
2725 1819 2917 1891 curia
2961 1828 3165 1914 capta
3207 1830 3371 1893 sunt
3411 1828 3486 1891 et
3537 1837 3620 1891 ea
3668 1818 3852 1890 curia

1046 1952 1264 2033 tenet,
1299 1941 1611 2038 predicto
1638 1941 1921 2014 domino
1948 1940 2184 2013 abbati
2218 1952 2289 2013 et
2315 1942 2690 2014 conventui
2725 1962 2854 2036 pro
2883 1951 3078 2037 parte
3106 1941 3274 2014 dicti
3294 1941 3692 2014 monasterii
3707 1941 3853 2012 sine

1049 2063 1358 2160 qualibet
1395 2085 1591 2137 mora
1630 2074 1703 2136 et
1744 2063 2149 2136 difficultate
2187 2066 2549 2138 restituere
2582 2066 2979 2137 nullatenus
3011 2065 3465 2162 postponatis.

1146 2190 1397 2260 Datum
1424 2188 1666 2279 Ebuli‚
1710 2188 1922 2260 tercio
1954 2188 2226 2260 decimo
2255 2188 2451 2282 julii,
2489 2199 2740 2282 quarta
2773 2187 3174 2261 indictione.

1139 2315 1354 2405 Cujus
1388 2314 1799 2385 auctoritate
1820 2313 2130 2385 mandati
2173 2334 2306 2386 nos
2351 2313 2474 2408 qui
2508 2333 2719 2407 supra
2747 2314 2975 2406 judex
3019 2314 3221 2406 Hugo
3263 2312 3355 2385 de
3395 2307 3664 2401 Sarno,'
3697 2312 3856 2404 quia

1051 2437 1252 2510 nobis
1283 2446 1554 2510 constat
1597 2458 1751 2508 esse
1793 2438 2161 2531 probatum
2198 2458 2326 2532 pro
2359 2448 2554 2532 parte
2587 2438 2910 2510 Cavensis
2950 2437 3345 2509 monasterii
3381 2434 3570 2529 quod
3619 2436 3857 2508 domos

1052 2560 1227 2632 duas
1255 2564 1591 2633 soleratas
1627 2570 1700 2632 et
1733 2561 1935 2633 simul
1968 2581 2281 2633 cameras
2309 2583 2469 2633 cum
2497 2562 2856 2634 caminatis
2892 2561 2962 2631 in
2995 2559 3357 2656 parrochia
3393 2560 3625 2631 Sancti
3668 2558 3856 2630 Helie

1053 2705 1189 2781 que
1215 2687 1457 2781 juncte
1488 2697 1653 2758 sunt
1694 2687 1930 2758 domui
1964 2684 2300 2758 heredum
2332 2686 2510 2758 Petri
2543 2688 2634 2759 de
2661 2687 3081 2759 Normandia
3114 2697 3185 2759 et
3218 2685 3553 2758 heredum
3585 2686 3859 2757 loannis

1055 2811 1143 2884 de
1172 2811 1451 2884 Simone
1479 2811 1846 2882 Macellaro
1868 2821 1941 2882 et
1968 2810 2098 2881 viis
2124 2810 2444 2905 puplicis,
2475 2820 2545 2882 et
2571 2811 2907 2905 quasdam
2943 2821 3158 2882 terras
3188 2831 3348 2883 cum
3380 2809 3581 2882 olivis
3613 2809 3681 2880 in
3712 2809 3860 2880 loco

1054 2935 1175 3006 ubi
1209 2936 1390 3007 Cava
1436 2935 1687 3006 dicitur
1725 2957 1861 3028 que
1898 2936 2140 3027 juncte
2172 2945 2337 3005 sunt
2383 2935 2617 3024 terriS,
2662 2935 2883 3007 vineis
2926 2957 3085 3005 cum
3133 2935 3336 3006 olivis
3380 2934 3639 3007 domini
3673 2930 3860 3003 Guil-

1058 3059 1247 3130 lelmi
1274 3058 1367 3128 de
1399 3057 1774 3151 Campam,
1808 3067 1881 3128 et
1908 3057 2142 3128 oliveti
2175 3057 2512 3129 heredum
2544 3057 2872 3129 Iohannis
2902 3058 2991 3129 de
3025 3057 3360 3148 Saldano,
3393 3068 3466 3128 et
3500 3056 3736 3128 oliveti
3765 3052 3862 3149 (a)

1058 3180 1389 3253 Iohannis
1420 3179 1507 3251 de
1544 3181 1863 3269 Isabello,
1899 3191 1969 3251 et
1999 3182 2292 3253 vallonis
2335 3182 2676 3271 Cozulini,
2716 3201 2890 3274 quas
2922 3181 3279 3253 detinebat
3311 3182 3479 3252 olim
3514 3201 3556 3251 a
3587 3199 3859 3251 monas·

1062 3303 1236 3375 terio
1274 3301 1457 3374 filius
1492 3303 1844 3395 quondam
1875 3303 2129 3397 judicis
2168 3304 2348 3376 Petri
2387 3305 2475 3376 de
2516 3306 2774 3395 Ebulo;
2817 3306 2981 3376 item
3030 3304 3236 3375 aliam
3289 3315 3542 3375 terram
3588 3303 3861 3374 vineam

1062 3444 1221 3500 cum
1263 3428 1629 3498 fructiferis
1665 3427 2028 3499 arboribus
2064 3428 2136 3499 in
2173 3428 2384 3498 casali
2423 3428 2821 3499 monasterii
2864 3429 2936 3499 in
2984 3427 3415 3522 pertinentiis
3453 3427 3687 3514 Eboli,
3725 3442 3863 3516 que

1052 3552 1296 3643 juncta
1325 3561 1433 3621 est
1477 3550 1678 3620 vinee
1712 3550 1947 3622 Jacobi
1974 3550 2064 3621 de
2096 3548 2413 3620 Malfrido
2458 3560 2529 3620 et
2566 3551 2770 3621 vinee
2808 3549 3138 3622 Gualterii
3170 3549 3260 3621 de
3297 3547 3645 3636 Durant03
3701 3548 3860 3617 item

1062 3674 1395 3746 olivetum
1435 3695 1654 3744 unum
1695 3673 1765 3743 in
1810 3673 2053 3744 eodem
2100 3672 2326 3743 casale
2374 3672 2446 3742 in
2493 3673 2646 3744 loco
2687 3671 2807 3743 ubi
2849 3673 3103 3743 Sancta
3142 3671 3354 3745 Maria
3395 3671 3486 3742 de
3533 3668 3861 3741 Labaoola

1063 3797 1315 3870 dicitur
1343 3799 1710 3889 conjuncta
1738 3794 1831 3890 (b)
1866 3806 2046 3866 terre
2078 3812 2238 3865 cum
2270 3795 2469 3866 olivis
2497 3795 2666 3867 dicti
2693 3796 2930 3867 Iacobi
2963 3804 3036 3866 et
3061 3794 3332 3867 olivetis
3367 3794 3552 3865 dicte
3579 3793 3862 3864 ecclesie

1065 3931 1137 3993 et
1165 3921 1276 3992 vie
1310 3919 1619 4015 puplice;
1657 3918 1823 3989 item
1857 3916 2063 3990 aliam
2103 3925 2360 3988 terram
2401 3938 2559 3988 cum
2587 3916 2793 3990 olivis
2824 3924 2898 3990 et
2922 3916 3079 3989 aliis
3112 3916 3482 3989 smctiferis
3505 3914 3865 3988 arboribus

1144 4147 1235 4225 (a)
1274 4148 1398 4220 Slc,
1431 4154 1492 4207 et
1517 4163 1694 4224 supra
1718 4160 1824 4224 pro
1848 4143 2072 4208 οΒοαο.

1148 4250 1231 4330 (b)
1269 4253 1370 4314 Sic
1394 4271 1501 4330 pro
1520 4254 1906 4333 cmjmuctum.

1136 4580 1217 4652 (l)
1254 4580 1424 4637 Locus
1448 4579 1502 4635 in
1525 4574 1832 4655 Principatu
1857 4578 2128 4652 Ultor-ieri,
2154 4597 2269 4640 non
2300 4580 2526 4639 multum
2549 4577 2756 4639 distans
2778 4596 2812 4638 a
2838 4577 3234 4652 Castellranco,
3264 4574 3402 4637 sicut
3422 4577 3534 4652 iam
3564 4594 3731 4652 supra
3753 4593 3867 4635 mo-

1068 4680 1306 4737 unimus.
