4364 5738
674 2313 901 2364 Angusto.)

1021 585 1134 646 112
2005 580 2430 643 FRmEthl
2480 581 2827 642 SECUNDI
3447 582 3609 660 [Anu.
3644 583 3823 647 1243.

1014 740 1186 808 rem,
1224 719 1283 788 si
1316 718 1415 788 eis
1444 716 1822 808 sufficiant,
1854 718 2165 810 alioquin
2198 739 2325 811 per
2350 716 2488 787 alia
2519 717 2708 805 loca,
2751 715 3017 805 absque
3055 715 3243 786 omni
3277 714 3533 788 damno
3565 729 3635 788 et
3667 740 3821 811 pre·

1003 841 1265 934 judicio
1316 840 1774 934 imperialium
1832 841 2281 912 venationum
2341 848 2413 910 et
2470 838 2908 927 solatiorum,
2964 838 3055 909 ad
3109 858 3350 908 eorum
3416 860 3584 910 usus
3638 840 3821 930 ligna

1011 965 1315 1037 incidere
1362 963 1778 1058 permittatis
1799 1016 1818 1050 ,
1887 964 2065 1034 sicut
2123 963 2357 1034 extitit
2413 962 2794 1053 antiquitus
2845 968 3277 1033 consuetum.
3337 962 3559 1033 Boves
3617 963 3821 1035 etiam

1011 1109 1249 1160 eorum
1281 1086 1580 1159 domitos
1608 1086 1758 1157 sine
1802 1085 2092 1156 canibus
2124 1092 2196 1155 et
2236 1084 2594 1182 campanis
2634 1084 2704 1154 in
2737 1083 2907 1155 locis
2938 1083 3056 1153 ubi
3089 1083 3391 1176 spissure
3438 1105 3577 1155 non
3621 1094 3812 1175 sunt,

1009 1233 1133 1306 per
1159 1231 1402 1282 eorum
1430 1209 1755 1282 custodes
1788 1209 1949 1280 duci
1976 1218 2048 1279 et
2075 1208 2265 1302 pasci
2302 1207 2739 1301 permittatis,
2779 1207 2949 1278 dum
2979 1215 3210 1276 tamen
3246 1206 3338 1276 ab
3368 1205 3559 1277 omni
3590 1206 3816 1299 specie

1008 1346 1077 1406 et
1104 1336 1379 1428 ingenio
1413 1343 1484 1405 et
1514 1333 1724 1405 modo
1755 1333 2059 1404 venandi
2085 1332 2504 1421 abstineant,
2542 1340 2616 1401 et
2655 1329 2949 1422 quilibet
2985 1350 3147 1401 suos
3178 1328 3546 1422 separatim
3578 1329 3813 1418 ducat,

1009 1460 1102 1530 ita
1135 1458 1325 1550 quod
1358 1479 1499 1527 non
1539 1456 1919 1529 adveniant
1953 1457 2022 1526 in
2063 1464 2490 1543 armentum,
2533 1455 2797 1524 nullam
2836 1452 3128 1547 proinde
3161 1452 3486 1546 predictis
3522 1450 3815 1524 bovibus

1010 1592 1250 1654 contra
1285 1591 1593 1652 tenorem
1636 1580 2009 1674 imperialis
2039 1578 2350 1650 mandati
2384 1575 2676 1671 predicti
2708 1575 3095 1647 molestiam
3128 1574 3525 1646 inserentes.

1103 1707 1355 1776 Datum
1386 1704 1789 1792 Panhormi,
1823 1703 2157 1796 vigesimo
2188 1702 2432 1794 quinto
2457 1699 2759 1773 octobris
2775 1751 2796 1788 ,
2831 1699 3135 1770 secunde
3170 1696 3586 1770 indictionis,

1113 2282 1426 2366 Articuli
1483 2284 1579 2364 de
1642 2308 1824 2389 pace
1886 2282 2279 2364 tractanda
2336 2306 2531 2389 quos
2593 2279 2840 2363 nuntii
2904 2278 3119 2361 Sedis
3184 2277 3655 2387 Apostolicae
3712 2278 3808 2360 ad

1006 2419 1537 2526 imperatorem
1572 2425 2090 2524 portaverunt.

1166 2632 1353 2709 (Edit.
1383 2648 1481 2706 ap.
1512 2630 1855 2705 Rumam,
1882 2627 2101 2690 Amul.
2138 2626 2355 2699 eccles„
2386 2628 2463 2689 ad
2489 2644 2627 2688 ann.
2666 2636 2816 2688 12⁴3
2835 2670 2854 2701 ‚
2885 2624 2932 2708 S
2964 2626 3127 2704 XIV,
3158 2644 3190 2688 e
3217 2634 3428 2705 regest.
3460 2629 3663 2689 Innoc.
3694 2626 3802 2698 lv,

1242 2735 1339 2795 lib.
1371 2737 1423 2811 1,
1452 2752 1514 2814 p.
1547 2744 1645 2812 84,
1679 2742 1737 2795 et
1759 2753 1855 2812 ap.
1888 2736 2114 2808 Pan-rz,
2145 2736 2397 2796 Menum.
2435 2731 2627 2794 Germ.
2661 2731 2824 2805 hist„
2853 2742 2901 2794 t.
2933 2734 3040 2807 IV,
3071 2753 3128 2810 p.
3167 2733 3331 2812 342.)

1100 2927 1493 3018 Proponant
1525 2923 1749 2994 nuntii
1786 2924 1977 3016 quod
2018 2921 2340 2996 dominus
2381 2943 2565 3017 papa
2605 2931 2678 2994 et
2715 2924 2961 2993 fratres
3000 2922 3107 2993 sui
3146 2920 3544 2993 desiderant
3581 2944 3804 3016 quan-

1005 3061 1151 3121 tum
1186 3048 1257 3118 in
1313 3048 1413 3118 eis
1444 3056 1550 3119 est
1581 3067 1705 3140 per
1748 3046 1981 3119 omnia
2031 3046 2291 3118 habere
2345 3067 2505 3118 cum
2555 3045 2867 3139 principe
2910 3055 2983 3115 et
3019 3066 3179 3115 cum
3218 3046 3539 3117 omnibus
3583 3046 3801 3119 homi-

1000 3172 1207 3242 nibus
1252 3179 1323 3240 et
1366 3168 1587 3262 parati
1631 3178 1795 3240 sunt
1833 3178 2171 3261 quantum
2228 3170 2297 3240 in
2343 3170 2444 3240 eis
2476 3178 2583 3241 est
2620 3190 2865 3263 pacem
2910 3169 3078 3240 dare
3123 3177 3196 3239 et
3242 3170 3803 3261 tranquillitatem

1001 3294 1131 3364 sibi
1163 3302 1236 3363 et
1264 3293 1588 3363 universo
1615 3292 1903 3383 mundo,
1944 3302 2016 3363 et
2040 3293 2305 3364 utinam
2344 3292 2478 3364 hoc
2518 3292 2811 3388 principi
2847 3293 3117 3387 placeat
3153 3293 3268 3364 vel
3305 3313 3458 3363 eam
3497 3313 3640 3363 non
3672 3293 3799 3363 im-

1000 3416 1257 3511 pediat.
1305 3415 1482 3502 Quia
1535 3435 1861 3507 magnum
1913 3417 2396 3509 preambulum
2444 3425 2550 3488 est
2591 3426 2663 3487 et
2708 3416 2877 3487 utile
2924 3416 3017 3487 ad
3068 3424 3430 3487 tractatum
3477 3416 3700 3509 pacis,
3742 3415 3800 3486 si

915 3602 918 3603 γ
999 3540 1446 3611 restituantur
1485 3539 1728 3633 prelati
1769 3549 1842 3609 et
1876 3539 2107 3609 clerici
2148 3560 2390 3610 omnes
2435 3540 2690 3635 captivi
2733 3560 2909 3633 quos
2947 3539 3211 3612 detinet
3255 3549 3325 3611 et
3366 3560 3606 3612 omnes
3658 3548 3797 3610 tam

994 3663 1226 3736 clerici
1257 3683 1466 3755 quam
1499 3663 1652 3735 laici
1688 3683 1865 3755 quos
1901 3661 2087 3755 cepit
2116 3661 2188 3732 in
2220 3664 2472 3754 galeiS,
2514 3673 2764 3755 rogent
2795 3672 2866 3734 et
2892 3671 3135 3757 petant
3165 3664 3356 3754 quod
3394 3683 3512 3734 eos
3545 3661 3800 3734 debeat

995 3788 1390 3876 restituere,
1438 3807 1596 3856 cum
1638 3786 1773 3857 hoc
1811 3786 2036 3879 ipsum
2079 3785 2227 3880 ipse
2276 3796 2346 3858 et
2389 3787 2612 3859 nuntii
2662 3786 2766 3858 sui
2817 3786 3259 3881 promiserint
3309 3798 3472 3858 ante
3516 3806 3794 3881 promo-

995 3911 1252 3983 tionem
1288 3919 1620 3983 nostram.
1667 3911 1834 3980 Item
1883 3920 2275 4003 proponant
2305 3888 2495 4002 quod
2530 3912 2660 4006 ipsi
2698 3932 2824 4012 pro
2858 3911 3059 3984 nobis
3097 3912 3321 4004 parati
3359 3921 3523 3982 sunt
3555 3909 3796 3981 audire

995 4045 1065 4104 et
1107 4045 1396 4106 tractare
1440 4033 1527 4105 de
1572 4054 1742 4128 pace
1786 4041 1857 4104 et
1902 4032 2145 4105 audire
2193 4034 2726 4106 satisfactionem
2774 4056 2985 4127 quam
3030 4036 3181 4105 vult
3225 4036 3449 4105 facere
3478 4033 3796 4127 princeps

992 4157 1082 4228 de
1108 4158 1428 4229 omnibus
1464 4178 1590 4250 pro
1629 4157 1882 4250 quibus
1914 4157 2553 4230 excommunicatus
2581 4169 2709 4230 est.
2746 4160 2917 4229 Item
2944 4157 3236 4229 offerant
3273 4157 3463 4249 quod
3495 4157 3793 4228 Ecclesia

991 4279 1050 4350 si
1083 4280 1153 4350 in
1190 4280 1421 4375 aliquo
1459 4290 1697 4351 contra
1746 4281 2056 4352 debitum
2090 4281 2247 4352 lesit
2277 4302 2473 4371 eum,
2516 4283 2705 4373 quod
2736 4301 2877 4353 non
2912 4280 3169 4369 credit,
3204 4291 3445 4375 parata
3493 4291 3599 4352 est
3640 4300 3793 4351 cor-

989 4401 1210 4494 rigere
1240 4402 1406 4473 etin
1439 4411 1692 4474 statum
1726 4404 2038 4476 debitum
2070 4404 2479 4496 reformare;
2519 4415 2589 4477 et
2615 4405 2671 4476 si
2706 4405 3027 4499 princeps
3058 4404 3243 4475 dicat
3271 4404 3462 4497 quod
3493 4405 3564 4475 in
3598 4404 3790 4476 nullo

990 4525 1146 4598 lesit
1178 4524 1554 4596 Ecclesiam
1586 4536 1824 4598 contra
1851 4528 2189 4621 justitiam
2217 4531 2331 4600 vel
2364 4528 2422 4600 si
2453 4528 2639 4600 dicat
2666 4528 2857 4620 quod
2890 4549 3017 4600 nos
3048 4526 3329 4598 lesimus
3355 4548 3516 4599 eum
3548 4535 3788 4599 contra

979 4648 1342 4742 justitiam,
1380 4649 1600 4743 parati
1636 4670 1874 4722 sumus
1909 4671 2157 4723 vocare
2195 4672 2423 4743 reges,
2451 4652 2754 4747 prelatos
2783 4660 2856 4724 et
2889 4651 3238 4746 principes
3274 4662 3416 4724 tam
3441 4652 3787 4725 seculares
