<?xml version="1.0" encoding="UTF-8"?>
<!DOCTYPE html PUBLIC "-//W3C//DTD XHTML 1.0 Transitional//EN"
    "http://www.w3.org/TR/xhtml1/DTD/xhtml1-transitional.dtd">
<html xmlns="http://www.w3.org/1999/xhtml" xml:lang="en" lang="en">
 <head>
  <title>
</title>
<meta http-equiv="Content-Type" content="text/html;charset=utf-8" />
  <meta name='ocr-system' content='tesseract 3.04.00' />
  <meta name='ocr-capabilities' content='ocr_page ocr_carea ocr_par ocr_line ocrx_word'/>
</head>
<body>
  <div class='ocr_page' id='page_1' title='image "./historiadiploma00degoog_0418.png"; bbox 0 0 4364 5738; ppageno 0'>
   <div class='ocr_carea' id='block_1_1' title="bbox 1034 564 3847 653">
    <p class='ocr_par' dir='ltr' id='par_1_1' title="bbox 1034 564 3847 653">
     <span class='ocr_line' id='line_1_1' title="bbox 1034 564 3847 653; baseline 0.003 -24"><span class='ocrx_word' id='word_1_1' title='bbox 1034 564 1161 629; x_wconf 69' lang='lat'><strong>⁴02</strong></span> <span class='ocrx_word' id='word_1_2' title='bbox 2038 571 2469 636; x_wconf 64' lang='lat' dir='ltr'><strong>munemel</strong></span> <span class='ocrx_word' id='word_1_3' title='bbox 2517 573 2865 637; x_wconf 75' lang='lat' dir='ltr'><strong>ssscumn</strong></span> <span class='ocrx_word' id='word_1_4' title='bbox 3477 573 3644 653; x_wconf 78' lang='lat' dir='ltr'><strong>[An.</strong></span> <span class='ocrx_word' id='word_1_5' title='bbox 3678 574 3847 638; x_wconf 68' lang='lat'><strong>12⁴6.</strong></span> 
     </span>
    </p>
   </div>
   <div class='ocr_carea' id='block_1_2' title="bbox 2383 760 2513 834">
    <p class='ocr_par' dir='ltr' id='par_1_2' title="bbox 2383 760 2513 834">
     <span class='ocr_line' id='line_1_2' title="bbox 2383 760 2513 834; baseline 0 -1"><span class='ocrx_word' id='word_1_6' title='bbox 2383 760 2513 834; x_wconf 89' lang='lat'>111.</span> 
     </span>
    </p>
   </div>
   <div class='ocr_carea' id='block_1_3' title="bbox 1024 909 3853 3579">
    <p class='ocr_par' dir='ltr' id='par_1_3' title="bbox 1024 909 3853 3350">
     <span class='ocr_line' id='line_1_3' title="bbox 1060 909 3852 1007; baseline -0.001 -19"><span class='ocrx_word' id='word_1_7' title='bbox 1060 985 1067 988; x_wconf 81' lang='grc'>,</span> <span class='ocrx_word' id='word_1_8' title='bbox 1135 909 1613 1002; x_wconf 81' lang='lat' dir='ltr'><strong>Innocentius,</strong></span> <span class='ocrx_word' id='word_1_9' title='bbox 1650 922 1821 1003; x_wconf 66' lang='lat' dir='ltr'><strong>etc„</strong></span> <span class='ocrx_word' id='word_1_10' title='bbox 1863 912 2086 984; x_wconf 91' lang='lat' dir='ltr'><strong>electo</strong></span> <span class='ocrx_word' id='word_1_11' title='bbox 2128 910 2574 985; x_wconf 87' lang='lat' dir='ltr'><strong>Ferrariensi.</strong></span> <span class='ocrx_word' id='word_1_12' title='bbox 2613 911 2983 1007; x_wconf 79' lang='lat' dir='ltr'><strong>Cupientes</strong></span> <span class='ocrx_word' id='word_1_13' title='bbox 3020 910 3290 1006; x_wconf 89' lang='lat' dir='ltr'><strong>imperii</strong></span> <span class='ocrx_word' id='word_1_14' title='bbox 3330 911 3688 1005; x_wconf 81' lang='lat' dir='ltr'><strong>negotium</strong></span> <span class='ocrx_word' id='word_1_15' title='bbox 3722 913 3852 984; x_wconf 88' lang='lat' dir='ltr'><strong>Ro-</strong></span> 
     </span>
     <span class='ocr_line' id='line_1_4' title="bbox 1040 1032 3853 1131; baseline 0.002 -28"><span class='ocrx_word' id='word_1_16' title='bbox 1040 1033 1227 1104; x_wconf 88' lang='lat' dir='ltr'><strong>mani</strong></span> <span class='ocrx_word' id='word_1_17' title='bbox 1260 1032 1678 1126; x_wconf 85' lang='lat' dir='ltr'><strong>suffragante</strong></span> <span class='ocrx_word' id='word_1_18' title='bbox 1715 1034 1951 1107; x_wconf 87' lang='lat' dir='ltr'><strong>divina</strong></span> <span class='ocrx_word' id='word_1_19' title='bbox 1982 1035 2205 1127; x_wconf 85' lang='lat' dir='ltr'><strong>gratia</strong></span> <span class='ocrx_word' id='word_1_20' title='bbox 2243 1034 2682 1108; x_wconf 86' lang='lat' dir='ltr'><strong>laudabiliter</strong></span> <span class='ocrx_word' id='word_1_21' title='bbox 2716 1033 3148 1131; x_wconf 82' lang='lat' dir='ltr'><strong>promoveri,</strong></span> <span class='ocrx_word' id='word_1_22' title='bbox 3184 1034 3584 1108; x_wconf 82' lang='lat' dir='ltr'><strong>discretioni</strong></span> <span class='ocrx_word' id='word_1_23' title='bbox 3620 1046 3738 1108; x_wconf 81' lang='lat' dir='ltr'><strong>tue</strong></span> <span class='ocrx_word' id='word_1_24' title='bbox 3776 1046 3853 1107; x_wconf 87' lang='lat' dir='ltr'><strong>ut</strong></span> 
     </span>
     <span class='ocr_line' id='line_1_5' title="bbox 1036 1158 3849 1255; baseline 0.001 -27"><span class='ocrx_word' id='word_1_25' title='bbox 1036 1168 1406 1252; x_wconf 81' lang='lat' dir='ltr'><strong>postquam</strong></span> <span class='ocrx_word' id='word_1_26' title='bbox 1438 1158 1529 1230; x_wconf 89' lang='lat' dir='ltr'><strong>de</strong></span> <span class='ocrx_word' id='word_1_27' title='bbox 1561 1160 2029 1231; x_wconf 87' lang='lat' dir='ltr'><strong>Romanorum</strong></span> <span class='ocrx_word' id='word_1_28' title='bbox 2066 1178 2233 1250; x_wconf 86' lang='lat' dir='ltr'><strong>rege</strong></span> <span class='ocrx_word' id='word_1_29' title='bbox 2272 1159 2345 1230; x_wconf 92' lang='lat' dir='ltr'><strong>in</strong></span> <span class='ocrx_word' id='word_1_30' title='bbox 2380 1159 2869 1255; x_wconf 83' lang='lat' dir='ltr'><strong>imperatorem</strong></span> <span class='ocrx_word' id='word_1_31' title='bbox 2900 1159 3345 1254; x_wconf 90' lang='lat' dir='ltr'><strong>postmodum</strong></span> <span class='ocrx_word' id='word_1_32' title='bbox 3379 1158 3849 1253; x_wconf 87' lang='lat' dir='ltr'><strong>promovendo</strong></span> 
     </span>
     <span class='ocr_line' id='line_1_6' title="bbox 1037 1281 3848 1371; baseline 0 -18"><span class='ocrx_word' id='word_1_33' title='bbox 1037 1281 1350 1354; x_wconf 83' lang='lat' dir='ltr'><strong>extiterit</strong></span> <span class='ocrx_word' id='word_1_34' title='bbox 1379 1282 1627 1354; x_wconf 86' lang='lat' dir='ltr'><strong>electio</strong></span> <span class='ocrx_word' id='word_1_35' title='bbox 1676 1283 2063 1371; x_wconf 87' lang='lat' dir='ltr'><strong>celebrata,</strong></span> <span class='ocrx_word' id='word_1_36' title='bbox 2097 1283 2463 1356; x_wconf 82' lang='lat' dir='ltr'><strong>universos</strong></span> <span class='ocrx_word' id='word_1_37' title='bbox 2509 1294 2650 1355; x_wconf 88' lang='lat' dir='ltr'><strong>tam</strong></span> <span class='ocrx_word' id='word_1_38' title='bbox 2690 1282 3142 1355; x_wconf 89' lang='lat' dir='ltr'><strong>ecclesiarum</strong></span> <span class='ocrx_word' id='word_1_39' title='bbox 3173 1283 3593 1354; x_wconf 85' lang='lat' dir='ltr'><strong>secularium</strong></span> <span class='ocrx_word' id='word_1_40' title='bbox 3627 1293 3699 1354; x_wconf 88' lang='lat' dir='ltr'><strong>et</strong></span> <span class='ocrx_word' id='word_1_41' title='bbox 3743 1304 3848 1354; x_wconf 88' lang='lat' dir='ltr'><strong>re·</strong></span> 
     </span>
     <span class='ocr_line' id='line_1_7' title="bbox 1034 1405 3850 1501; baseline 0.001 -26"><span class='ocrx_word' id='word_1_42' title='bbox 1034 1405 1381 1498; x_wconf 90' lang='lat' dir='ltr'><strong>gularium</strong></span> <span class='ocrx_word' id='word_1_43' title='bbox 1421 1406 1725 1499; x_wconf 86' lang='lat' dir='ltr'><strong>prelatos</strong></span> <span class='ocrx_word' id='word_1_44' title='bbox 1763 1427 1976 1497; x_wconf 92' lang='lat' dir='ltr'><strong>quam</strong></span> <span class='ocrx_word' id='word_1_45' title='bbox 2012 1406 2361 1501; x_wconf 88' lang='lat' dir='ltr'><strong>principes</strong></span> <span class='ocrx_word' id='word_1_46' title='bbox 2396 1415 2469 1477; x_wconf 90' lang='lat' dir='ltr'><strong>et</strong></span> <span class='ocrx_word' id='word_1_47' title='bbox 2502 1406 2716 1479; x_wconf 88' lang='lat' dir='ltr'><strong>laicos</strong></span> <span class='ocrx_word' id='word_1_48' title='bbox 2746 1415 2820 1478; x_wconf 89' lang='lat' dir='ltr'><strong>et</strong></span> <span class='ocrx_word' id='word_1_49' title='bbox 2852 1405 3028 1478; x_wconf 89' lang='lat' dir='ltr'><strong>alios</strong></span> <span class='ocrx_word' id='word_1_50' title='bbox 3067 1406 3354 1478; x_wconf 87' lang='lat' dir='ltr'><strong>clericos</strong></span> <span class='ocrx_word' id='word_1_51' title='bbox 3388 1427 3516 1501; x_wconf 90' lang='lat' dir='ltr'><strong>per</strong></span> <span class='ocrx_word' id='word_1_52' title='bbox 3553 1405 3850 1478; x_wconf 90' lang='lat' dir='ltr'><strong>Theuto·</strong></span> 
     </span>
     <span class='ocr_line' id='line_1_8' title="bbox 1034 1528 3849 1623; baseline 0.001 -24"><span class='ocrx_word' id='word_1_53' title='bbox 1034 1528 1226 1599; x_wconf 87' lang='lat' dir='ltr'><strong>niam</strong></span> <span class='ocrx_word' id='word_1_54' title='bbox 1260 1529 1671 1601; x_wconf 88' lang='lat' dir='ltr'><strong>constitutos</strong></span> <span class='ocrx_word' id='word_1_55' title='bbox 1703 1539 1786 1600; x_wconf 90' lang='lat' dir='ltr'><strong>ut</strong></span> <span class='ocrx_word' id='word_1_56' title='bbox 1819 1530 1886 1600; x_wconf 90' lang='lat' dir='ltr'><strong>ei</strong></span> <span class='ocrx_word' id='word_1_57' title='bbox 1929 1530 2052 1623; x_wconf 92' lang='lat' dir='ltr'><strong>qui</strong></span> <span class='ocrx_word' id='word_1_58' title='bbox 2093 1531 2356 1601; x_wconf 90' lang='lat' dir='ltr'><strong>electus</strong></span> <span class='ocrx_word' id='word_1_59' title='bbox 2403 1529 2614 1602; x_wconf 84' lang='lat' dir='ltr'><strong>fuerit</strong></span> <span class='ocrx_word' id='word_1_60' title='bbox 2652 1529 3023 1602; x_wconf 89' lang='lat' dir='ltr'><strong>efficaciter</strong></span> <span class='ocrx_word' id='word_1_61' title='bbox 3064 1530 3463 1619; x_wconf 84' lang='lat' dir='ltr'><strong>intendant,</strong></span> <span class='ocrx_word' id='word_1_62' title='bbox 3506 1528 3849 1603; x_wconf 84' lang='lat' dir='ltr'><strong>fidelitatis</strong></span> 
     </span>
     <span class='ocr_line' id='line_1_9' title="bbox 1024 1651 3847 1748; baseline 0.002 -28"><span class='ocrx_word' id='word_1_63' title='bbox 1024 1651 1424 1742; x_wconf 86' lang='lat' dir='ltr'><strong>juramenta</strong></span> <span class='ocrx_word' id='word_1_64' title='bbox 1450 1663 1759 1748; x_wconf 86' lang='lat' dir='ltr'><strong>prestent</strong></span> <span class='ocrx_word' id='word_1_65' title='bbox 1782 1673 1866 1725; x_wconf 91' lang='lat' dir='ltr'><strong>ac</strong></span> <span class='ocrx_word' id='word_1_66' title='bbox 1897 1653 2133 1724; x_wconf 93' lang='lat' dir='ltr'><strong>omnia</strong></span> <span class='ocrx_word' id='word_1_67' title='bbox 2158 1653 2540 1726; x_wconf 76' lang='lat' dir='ltr'><strong>exhibeant</strong></span> <span class='ocrx_word' id='word_1_68' title='bbox 2567 1675 2706 1745; x_wconf 87' lang='lat' dir='ltr'><strong>que</strong></span> <span class='ocrx_word' id='word_1_69' title='bbox 2738 1664 3253 1726; x_wconf 87' lang='lat' dir='ltr'><strong>consueverunt</strong></span> <span class='ocrx_word' id='word_1_70' title='bbox 3279 1654 3369 1725; x_wconf 91' lang='lat' dir='ltr'><strong>ab</strong></span> <span class='ocrx_word' id='word_1_71' title='bbox 3397 1653 3498 1725; x_wconf 90' lang='lat' dir='ltr'><strong>eis</strong></span> <span class='ocrx_word' id='word_1_72' title='bbox 3527 1653 3847 1726; x_wconf 87' lang='lat' dir='ltr'><strong>Romanis</strong></span> 
     </span>
     <span class='ocr_line' id='line_1_10' title="bbox 1033 1774 3847 1872; baseline 0.001 -27"><span class='ocrx_word' id='word_1_73' title='bbox 1033 1774 1316 1867; x_wconf 84' lang='lat' dir='ltr'><strong>regibus</strong></span> <span class='ocrx_word' id='word_1_74' title='bbox 1341 1796 1463 1846; x_wconf 90' lang='lat' dir='ltr'><strong>seu</strong></span> <span class='ocrx_word' id='word_1_75' title='bbox 1494 1776 2023 1870; x_wconf 86' lang='lat' dir='ltr'><strong>imperatoribus</strong></span> <span class='ocrx_word' id='word_1_76' title='bbox 2050 1776 2407 1867; x_wconf 76' lang='lat' dir='ltr'><strong>exhiberi,</strong></span> <span class='ocrx_word' id='word_1_77' title='bbox 2453 1777 2677 1849; x_wconf 86' lang='lat' dir='ltr'><strong>dictos</strong></span> <span class='ocrx_word' id='word_1_78' title='bbox 2706 1780 3012 1872; x_wconf 90' lang='lat' dir='ltr'><strong>prelatos</strong></span> <span class='ocrx_word' id='word_1_79' title='bbox 3043 1788 3116 1849; x_wconf 90' lang='lat' dir='ltr'><strong>et</strong></span> <span class='ocrx_word' id='word_1_80' title='bbox 3151 1777 3440 1850; x_wconf 89' lang='lat' dir='ltr'><strong>clericos</strong></span> <span class='ocrx_word' id='word_1_81' title='bbox 3477 1777 3847 1852; x_wconf 90' lang='lat' dir='ltr'><strong>monitione</strong></span> 
     </span>
     <span class='ocr_line' id='line_1_11' title="bbox 1032 1898 3845 1995; baseline 0 -25"><span class='ocrx_word' id='word_1_82' title='bbox 1032 1899 1369 1994; x_wconf 89' lang='lat' dir='ltr'><strong>premissa</strong></span> <span class='ocrx_word' id='word_1_83' title='bbox 1404 1921 1532 1995; x_wconf 91' lang='lat' dir='ltr'><strong>per</strong></span> <span class='ocrx_word' id='word_1_84' title='bbox 1560 1899 2031 1994; x_wconf 90' lang='lat' dir='ltr'><strong>suspensionis</strong></span> <span class='ocrx_word' id='word_1_85' title='bbox 2055 1900 2147 1971; x_wconf 92' lang='lat' dir='ltr'><strong>ab</strong></span> <span class='ocrx_word' id='word_1_86' title='bbox 2182 1898 2446 1990; x_wconf 86' lang='lat' dir='ltr'><strong>officio,</strong></span> <span class='ocrx_word' id='word_1_87' title='bbox 2483 1899 2821 1993; x_wconf 78' lang='lat' dir='ltr'><strong>dignitate</strong></span> <span class='ocrx_word' id='word_1_88' title='bbox 2840 1950 2861 1989; x_wconf 90' lang='lat'><strong>,</strong></span> <span class='ocrx_word' id='word_1_89' title='bbox 2893 1899 3160 1971; x_wconf 90' lang='lat' dir='ltr'><strong>honore</strong></span> <span class='ocrx_word' id='word_1_90' title='bbox 3195 1921 3282 1971; x_wconf 90' lang='lat' dir='ltr'><strong>ac</strong></span> <span class='ocrx_word' id='word_1_91' title='bbox 3318 1898 3658 1971; x_wconf 86' lang='lat' dir='ltr'><strong>beneficio</strong></span> <span class='ocrx_word' id='word_1_92' title='bbox 3694 1920 3845 1970; x_wconf 92' lang='lat' dir='ltr'><strong>sen·</strong></span> 
     </span>
     <span class='ocr_line' id='line_1_12' title="bbox 1034 2022 3843 2119; baseline -0 -25"><span class='ocrx_word' id='word_1_93' title='bbox 1034 2023 1348 2112; x_wconf 86' lang='lat' dir='ltr'><strong>tentiam,</strong></span> <span class='ocrx_word' id='word_1_94' title='bbox 1379 2024 1681 2117; x_wconf 81' lang='lat' dir='ltr'><strong>prefatos</strong></span> <span class='ocrx_word' id='word_1_95' title='bbox 1702 2044 1870 2094; x_wconf 89' lang='lat' dir='ltr'><strong>vero</strong></span> <span class='ocrx_word' id='word_1_96' title='bbox 1896 2023 2245 2118; x_wconf 89' lang='lat' dir='ltr'><strong>principes</strong></span> <span class='ocrx_word' id='word_1_97' title='bbox 2271 2033 2345 2095; x_wconf 90' lang='lat' dir='ltr'><strong>et</strong></span> <span class='ocrx_word' id='word_1_98' title='bbox 2364 2022 2576 2095; x_wconf 89' lang='lat' dir='ltr'><strong>laicos</strong></span> <span class='ocrx_word' id='word_1_99' title='bbox 2600 2044 2726 2118; x_wconf 89' lang='lat' dir='ltr'><strong>per</strong></span> <span class='ocrx_word' id='word_1_100' title='bbox 2754 2044 3010 2118; x_wconf 91' lang='lat' dir='ltr'><strong>penam</strong></span> <span class='ocrx_word' id='word_1_101' title='bbox 3031 2022 3461 2119; x_wconf 90' lang='lat' dir='ltr'><strong>spiritualem</strong></span> <span class='ocrx_word' id='word_1_102' title='bbox 3488 2033 3561 2094; x_wconf 91' lang='lat' dir='ltr'><strong>et</strong></span> <span class='ocrx_word' id='word_1_103' title='bbox 3584 2032 3843 2117; x_wconf 89' lang='lat' dir='ltr'><strong>tempo·</strong></span> 
     </span>
     <span class='ocr_line' id='line_1_13' title="bbox 1032 2145 3844 2241; baseline 0 -23"><span class='ocrx_word' id='word_1_104' title='bbox 1032 2147 1252 2218; x_wconf 89' lang='lat' dir='ltr'><strong>ralem</strong></span> <span class='ocrx_word' id='word_1_105' title='bbox 1282 2147 1519 2218; x_wconf 87' lang='lat' dir='ltr'><strong>valeas</strong></span> <span class='ocrx_word' id='word_1_106' title='bbox 1559 2147 1617 2219; x_wconf 89' lang='lat' dir='ltr'><strong>si</strong></span> <span class='ocrx_word' id='word_1_107' title='bbox 1658 2147 1867 2218; x_wconf 84' lang='lat' dir='ltr'><strong>fuerit</strong></span> <span class='ocrx_word' id='word_1_108' title='bbox 1905 2167 2188 2218; x_wconf 90' lang='lat' dir='ltr'><strong>necesse</strong></span> <span class='ocrx_word' id='word_1_109' title='bbox 2233 2147 2688 2241; x_wconf 76' lang='lat' dir='ltr'><strong>compellere,</strong></span> <span class='ocrx_word' id='word_1_110' title='bbox 2728 2147 3136 2218; x_wconf 87' lang='lat' dir='ltr'><strong>auctoritate</strong></span> <span class='ocrx_word' id='word_1_111' title='bbox 3170 2147 3599 2241; x_wconf 85' lang='lat' dir='ltr'><strong>presentium</strong></span> <span class='ocrx_word' id='word_1_112' title='bbox 3645 2145 3844 2219; x_wconf 81' lang='lat' dir='ltr'><strong>duxi·</strong></span> 
     </span>
     <span class='ocr_line' id='line_1_14' title="bbox 1031 2269 3846 2365; baseline 0 -23"><span class='ocrx_word' id='word_1_113' title='bbox 1031 2291 1190 2342; x_wconf 89' lang='lat' dir='ltr'><strong>mus</strong></span> <span class='ocrx_word' id='word_1_114' title='bbox 1248 2270 1803 2343; x_wconf 90' lang='lat' dir='ltr'><strong>concedendum.</strong></span> <span class='ocrx_word' id='word_1_115' title='bbox 1869 2271 2010 2342; x_wconf 92' lang='lat' dir='ltr'><strong>Illis</strong></span> <span class='ocrx_word' id='word_1_116' title='bbox 2071 2281 2308 2342; x_wconf 89' lang='lat' dir='ltr'><strong>autem</strong></span> <span class='ocrx_word' id='word_1_117' title='bbox 2364 2269 2648 2364; x_wconf 88' lang='lat' dir='ltr'><strong>prelatis</strong></span> <span class='ocrx_word' id='word_1_118' title='bbox 2707 2280 2781 2341; x_wconf 88' lang='lat' dir='ltr'><strong>et</strong></span> <span class='ocrx_word' id='word_1_119' title='bbox 2828 2269 3095 2342; x_wconf 87' lang='lat' dir='ltr'><strong>clericis</strong></span> <span class='ocrx_word' id='word_1_120' title='bbox 3155 2291 3333 2364; x_wconf 89' lang='lat' dir='ltr'><strong>quos</strong></span> <span class='ocrx_word' id='word_1_121' title='bbox 3381 2280 3668 2365; x_wconf 89' lang='lat' dir='ltr'><strong>propter</strong></span> <span class='ocrx_word' id='word_1_122' title='bbox 3720 2269 3846 2342; x_wconf 93' lang='lat' dir='ltr'><strong>hoc</strong></span> 
     </span>
     <span class='ocr_line' id='line_1_15' title="bbox 1031 2393 3845 2490; baseline -0 -25"><span class='ocrx_word' id='word_1_123' title='bbox 1031 2394 1511 2490; x_wconf 77' lang='lat' dir='ltr'><strong>suspenderiS,</strong></span> <span class='ocrx_word' id='word_1_124' title='bbox 1555 2393 1862 2466; x_wconf 85' lang='lat' dir='ltr'><strong>districte</strong></span> <span class='ocrx_word' id='word_1_125' title='bbox 1898 2394 2222 2485; x_wconf 85' lang='lat' dir='ltr'><strong>injungas</strong></span> <span class='ocrx_word' id='word_1_126' title='bbox 2263 2403 2345 2465; x_wconf 92' lang='lat' dir='ltr'><strong>ut</strong></span> <span class='ocrx_word' id='word_1_127' title='bbox 2385 2393 2565 2464; x_wconf 86' lang='lat' dir='ltr'><strong>infra</strong></span> <span class='ocrx_word' id='word_1_128' title='bbox 2608 2403 2874 2465; x_wconf 85' lang='lat' dir='ltr'><strong>certum</strong></span> <span class='ocrx_word' id='word_1_129' title='bbox 2910 2393 3280 2466; x_wconf 86' lang='lat' dir='ltr'><strong>terminum</strong></span> <span class='ocrx_word' id='word_1_130' title='bbox 3317 2394 3845 2489; x_wconf 89' lang='lat' dir='ltr'><strong>peremptorium</strong></span> 
     </span>
     <span class='ocr_line' id='line_1_16' title="bbox 1031 2516 3839 2612; baseline -0.001 -22"><span class='ocrx_word' id='word_1_131' title='bbox 1031 2539 1243 2612; x_wconf 88' lang='lat' dir='ltr'><strong>quem</strong></span> <span class='ocrx_word' id='word_1_132' title='bbox 1279 2520 1381 2590; x_wconf 91' lang='lat' dir='ltr'><strong>eis</strong></span> <span class='ocrx_word' id='word_1_133' title='bbox 1420 2516 1821 2612; x_wconf 76' lang='lat' dir='ltr'><strong>prefixeriS,</strong></span> <span class='ocrx_word' id='word_1_134' title='bbox 1872 2517 2252 2612; x_wconf 92' lang='lat' dir='ltr'><strong>apostolico</strong></span> <span class='ocrx_word' id='word_1_135' title='bbox 2283 2538 2359 2588; x_wconf 92' lang='lat' dir='ltr'><strong>se</strong></span> <span class='ocrx_word' id='word_1_136' title='bbox 2399 2517 2800 2612; x_wconf 91' lang='lat' dir='ltr'><strong>conspectui</strong></span> <span class='ocrx_word' id='word_1_137' title='bbox 2841 2517 3296 2612; x_wconf 87' lang='lat' dir='ltr'><strong>personaliter</strong></span> <span class='ocrx_word' id='word_1_138' title='bbox 3330 2526 3839 2612; x_wconf 81' lang='lat' dir='ltr'><strong>representem,</strong></span> 
     </span>
     <span class='ocr_line' id='line_1_17' title="bbox 1032 2639 3844 2738; baseline -0.001 -22"><span class='ocrx_word' id='word_1_139' title='bbox 1032 2642 1482 2738; x_wconf 87' lang='lat' dir='ltr'><strong>depositionis</strong></span> <span class='ocrx_word' id='word_1_140' title='bbox 1520 2643 1634 2713; x_wconf 88' lang='lat' dir='ltr'><strong>vel</strong></span> <span class='ocrx_word' id='word_1_141' title='bbox 1670 2642 1877 2712; x_wconf 89' lang='lat' dir='ltr'><strong>aliam</strong></span> <span class='ocrx_word' id='word_1_142' title='bbox 1930 2651 2138 2736; x_wconf 87' lang='lat' dir='ltr'><strong>prout</strong></span> <span class='ocrx_word' id='word_1_143' title='bbox 2185 2641 2485 2734; x_wconf 76' lang='lat' dir='ltr'><strong>qualitas</strong></span> <span class='ocrx_word' id='word_1_144' title='bbox 2535 2639 2770 2712; x_wconf 88' lang='lat' dir='ltr'><strong>delicti</strong></span> <span class='ocrx_word' id='word_1_145' title='bbox 2806 2640 3120 2733; x_wconf 83' lang='lat' dir='ltr'><strong>exegerit</strong></span> <span class='ocrx_word' id='word_1_146' title='bbox 3154 2641 3569 2712; x_wconf 90' lang='lat' dir='ltr'><strong>sententiam</strong></span> <span class='ocrx_word' id='word_1_147' title='bbox 3611 2662 3844 2736; x_wconf 90' lang='lat' dir='ltr'><strong>recep-</strong></span> 
     </span>
     <span class='ocr_line' id='line_1_18' title="bbox 1035 2761 3848 2860; baseline -0.001 -22"><span class='ocrx_word' id='word_1_148' title='bbox 1035 2768 1206 2856; x_wconf 87' lang='lat' dir='ltr'><strong>turi;</strong></span> <span class='ocrx_word' id='word_1_149' title='bbox 1244 2765 1665 2840; x_wconf 87' lang='lat' dir='ltr'><strong>denuntians</strong></span> <span class='ocrx_word' id='word_1_150' title='bbox 1694 2765 1859 2860; x_wconf 91' lang='lat' dir='ltr'><strong>ipsis</strong></span> <span class='ocrx_word' id='word_1_151' title='bbox 1883 2766 2075 2857; x_wconf 86' lang='lat' dir='ltr'><strong>quod</strong></span> <span class='ocrx_word' id='word_1_152' title='bbox 2098 2765 2157 2836; x_wconf 90' lang='lat' dir='ltr'><strong>si</strong></span> <span class='ocrx_word' id='word_1_153' title='bbox 2190 2766 2366 2837; x_wconf 85' lang='lat' dir='ltr'><strong>forte</strong></span> <span class='ocrx_word' id='word_1_154' title='bbox 2395 2765 2467 2835; x_wconf 92' lang='lat' dir='ltr'><strong>in</strong></span> <span class='ocrx_word' id='word_1_155' title='bbox 2500 2761 2767 2858; x_wconf 85' lang='lat' dir='ltr'><strong>prefixo</strong></span> <span class='ocrx_word' id='word_1_156' title='bbox 2795 2763 2927 2834; x_wconf 88' lang='lat' dir='ltr'><strong>sibi</strong></span> <span class='ocrx_word' id='word_1_157' title='bbox 2957 2762 3252 2834; x_wconf 89' lang='lat' dir='ltr'><strong>termino</strong></span> <span class='ocrx_word' id='word_1_158' title='bbox 3283 2784 3425 2836; x_wconf 96' lang='lat' dir='ltr'><strong>non</strong></span> <span class='ocrx_word' id='word_1_159' title='bbox 3459 2765 3848 2836; x_wconf 82' lang='lat' dir='ltr'><strong>curaverint</strong></span> 
     </span>
     <span class='ocr_line' id='line_1_19' title="bbox 1030 2887 3844 2986; baseline -0.001 -22"><span class='ocrx_word' id='word_1_160' title='bbox 1030 2912 1462 2986; x_wconf 86' lang='lat' dir='ltr'><strong>comparere,</strong></span> <span class='ocrx_word' id='word_1_161' title='bbox 1497 2911 1628 2961; x_wconf 92' lang='lat' dir='ltr'><strong>nos</strong></span> <span class='ocrx_word' id='word_1_162' title='bbox 1657 2889 2142 2961; x_wconf 88' lang='lat' dir='ltr'><strong>nichilominus</strong></span> <span class='ocrx_word' id='word_1_163' title='bbox 2181 2899 2425 2961; x_wconf 91' lang='lat' dir='ltr'><strong>contra</strong></span> <span class='ocrx_word' id='word_1_164' title='bbox 2456 2909 2577 2960; x_wconf 90' lang='lat' dir='ltr'><strong>eos</strong></span> <span class='ocrx_word' id='word_1_165' title='bbox 2615 2888 2710 2960; x_wconf 86' lang='lat' dir='ltr'><strong>ad</strong></span> <span class='ocrx_word' id='word_1_166' title='bbox 2746 2887 3248 2981; x_wconf 89' lang='lat' dir='ltr'><strong>depositionem</strong></span> <span class='ocrx_word' id='word_1_167' title='bbox 3286 2889 3397 2959; x_wconf 89' lang='lat' dir='ltr'><strong>vel</strong></span> <span class='ocrx_word' id='word_1_168' title='bbox 3436 2910 3655 2983; x_wconf 89' lang='lat' dir='ltr'><strong>penas</strong></span> <span class='ocrx_word' id='word_1_169' title='bbox 3680 2889 3844 2961; x_wconf 87' lang='lat' dir='ltr'><strong>alias</strong></span> 
     </span>
     <span class='ocr_line' id='line_1_20' title="bbox 1029 3010 3843 3109; baseline -0 -24"><span class='ocrx_word' id='word_1_170' title='bbox 1029 3036 1175 3087; x_wconf 90' lang='lat' dir='ltr'><strong>non</strong></span> <span class='ocrx_word' id='word_1_171' title='bbox 1200 3016 1520 3085; x_wconf 89' lang='lat' dir='ltr'><strong>obstante</strong></span> <span class='ocrx_word' id='word_1_172' title='bbox 1547 3012 1856 3107; x_wconf 91' lang='lat' dir='ltr'><strong>ipsorum</strong></span> <span class='ocrx_word' id='word_1_173' title='bbox 1886 3011 2199 3083; x_wconf 88' lang='lat' dir='ltr'><strong>absentia</strong></span> <span class='ocrx_word' id='word_1_174' title='bbox 2228 3011 2597 3105; x_wconf 87' lang='lat' dir='ltr'><strong>corporali,</strong></span> <span class='ocrx_word' id='word_1_175' title='bbox 2639 3010 2818 3082; x_wconf 90' lang='lat' dir='ltr'><strong>sicut</strong></span> <span class='ocrx_word' id='word_1_176' title='bbox 2852 3010 3189 3106; x_wconf 80' lang='lat' dir='ltr'><strong>expedire</strong></span> <span class='ocrx_word' id='word_1_177' title='bbox 3224 3011 3657 3102; x_wconf 85' lang='lat' dir='ltr'><strong>videbimus,</strong></span> <span class='ocrx_word' id='word_1_178' title='bbox 3688 3034 3843 3109; x_wconf 90' lang='lat' dir='ltr'><strong>pro·</strong></span> 
     </span>
     <span class='ocr_line' id='line_1_21' title="bbox 1031 3136 1385 3208; baseline -0.006 0"><span class='ocrx_word' id='word_1_179' title='bbox 1031 3136 1385 3208; x_wconf 76' lang='lat' dir='ltr'><strong>cedemus·</strong></span> 
     </span>
     <span class='ocr_line' id='line_1_22' title="bbox 1040 3255 3025 3350; baseline 0.001 -23"><span class='ocrx_word' id='word_1_180' title='bbox 1040 3320 1047 3327; x_wconf 90' lang='lat'>.</span> <span class='ocrx_word' id='word_1_181' title='bbox 1128 3260 1386 3331; x_wconf 89' lang='lat' dir='ltr'><strong>Datum</strong></span> <span class='ocrx_word' id='word_1_182' title='bbox 1438 3256 1790 3350; x_wconf 90' lang='lat' dir='ltr'><strong>Lugduni,</strong></span> <span class='ocrx_word' id='word_1_183' title='bbox 1841 3258 1907 3328; x_wconf 87' lang='lat' dir='ltr'><strong>X</strong></span> <span class='ocrx_word' id='word_1_184' title='bbox 1945 3256 2277 3329; x_wconf 88' lang='lat' dir='ltr'><strong>kalendas</strong></span> <span class='ocrx_word' id='word_1_185' title='bbox 2318 3255 2518 3345; x_wconf 90' lang='lat' dir='ltr'><strong>maii,</strong></span> <span class='ocrx_word' id='word_1_186' title='bbox 2561 3278 2750 3328; x_wconf 91' lang='lat' dir='ltr'><strong>anno</strong></span> <span class='ocrx_word' id='word_1_187' title='bbox 2797 3257 3025 3328; x_wconf 77' lang='lat' dir='ltr'><strong>tertio·</strong></span> 
     </span>
    </p>

    <p class='ocr_par' dir='ltr' id='par_1_4' title="bbox 1031 3380 3843 3579">
     <span class='ocr_line' id='line_1_23' title="bbox 1127 3380 3843 3476; baseline -0.001 -23"><span class='ocrx_word' id='word_1_188' title='bbox 1127 3383 1207 3453; x_wconf 91' lang='lat' dir='ltr'><strong>In</strong></span> <span class='ocrx_word' id='word_1_189' title='bbox 1235 3381 1559 3453; x_wconf 89' lang='lat' dir='ltr'><strong>eumdem</strong></span> <span class='ocrx_word' id='word_1_190' title='bbox 1586 3402 1866 3452; x_wconf 88' lang='lat' dir='ltr'><strong>sensum</strong></span> <span class='ocrx_word' id='word_1_191' title='bbox 1907 3380 2239 3476; x_wconf 86' lang='lat' dir='ltr'><strong>scriptum</strong></span> <span class='ocrx_word' id='word_1_192' title='bbox 2268 3389 2374 3451; x_wconf 90' lang='lat' dir='ltr'><strong>est</strong></span> <span class='ocrx_word' id='word_1_193' title='bbox 2401 3380 2724 3452; x_wconf 80' lang='lat' dir='ltr'><strong>fratribus</strong></span> <span class='ocrx_word' id='word_1_194' title='bbox 2752 3380 3345 3476; x_wconf 87' lang='lat' dir='ltr'><strong>praedicatoribus</strong></span> <span class='ocrx_word' id='word_1_195' title='bbox 3367 3389 3439 3452; x_wconf 89' lang='lat' dir='ltr'><strong>et</strong></span> <span class='ocrx_word' id='word_1_196' title='bbox 3464 3381 3843 3452; x_wconf 87' lang='lat' dir='ltr'><strong>minoribus</strong></span> 
     </span>
     <span class='ocr_line' id='line_1_24' title="bbox 1031 3505 1512 3579; baseline -0.006 0"><span class='ocrx_word' id='word_1_197' title='bbox 1031 3505 1512 3579; x_wconf 82' lang='lat' dir='ltr'><strong>Alemanniae.</strong></span> 
     </span>
    </p>
   </div>
   <div class='ocr_carea' id='block_1_4' title="bbox 2216 3671 3434 3682">
    <p class='ocr_par' dir='ltr' id='par_1_5' title="bbox 2216 3671 3434 3682">
     <span class='ocr_line' id='line_1_25' title="bbox 2216 3671 3434 3682; baseline 0 -1"><span class='ocrx_word' id='word_1_198' title='bbox 2216 3671 3279 3682; x_wconf 46' lang='grc' dir='ltr'><strong>’ΜΝ-ο,-</strong></span> <span class='ocrx_word' id='word_1_199' title='bbox 3291 3672 3434 3681; x_wconf 64' lang='lat' dir='ltr'><strong>a———u</strong></span> 
     </span>
    </p>
   </div>
   <div class='ocr_carea' id='block_1_5' title="bbox 1031 3844 3839 4092">
    <p class='ocr_par' dir='ltr' id='par_1_6' title="bbox 1031 3844 3839 4092">
     <span class='ocr_line' id='line_1_26' title="bbox 1141 3844 3837 3960; baseline -0.004 -24"><span class='ocrx_word' id='word_1_200' title='bbox 1141 3855 1408 3937; x_wconf 88' lang='lat' dir='ltr'><strong>Variae</strong></span> <span class='ocrx_word' id='word_1_201' title='bbox 1462 3851 1819 3935; x_wconf 85' lang='lat' dir='ltr'><strong>Friderici</strong></span> <span class='ocrx_word' id='word_1_202' title='bbox 1874 3850 2347 3960; x_wconf 83' lang='lat' dir='ltr'><strong>imperatoris</strong></span> <span class='ocrx_word' id='word_1_203' title='bbox 2409 3848 2769 3958; x_wconf 83' lang='lat' dir='ltr'><strong>epistolae</strong></span> <span class='ocrx_word' id='word_1_204' title='bbox 2827 3849 2922 3931; x_wconf 91' lang='lat' dir='ltr'><strong>de</strong></span> <span class='ocrx_word' id='word_1_205' title='bbox 2983 3847 3502 3957; x_wconf 86' lang='lat' dir='ltr'><strong>conjuratione</strong></span> <span class='ocrx_word' id='word_1_206' title='bbox 3566 3844 3837 3955; x_wconf 91' lang='lat' dir='ltr'><strong>prodi-</strong></span> 
     </span>
     <span class='ocr_line' id='line_1_27' title="bbox 1031 3979 3839 4092; baseline -0.006 -20"><span class='ocrx_word' id='word_1_207' title='bbox 1031 3998 1289 4072; x_wconf 85' lang='lat' dir='ltr'><strong>torum</strong></span> <span class='ocrx_word' id='word_1_208' title='bbox 1327 4011 1680 4092; x_wconf 88' lang='lat' dir='ltr'><strong>suorum,</strong></span> <span class='ocrx_word' id='word_1_209' title='bbox 1721 3985 1818 4067; x_wconf 88' lang='lat' dir='ltr'><strong>de</strong></span> <span class='ocrx_word' id='word_1_210' title='bbox 1851 3983 2199 4091; x_wconf 89' lang='lat' dir='ltr'><strong>captione</strong></span> <span class='ocrx_word' id='word_1_211' title='bbox 2236 3981 2499 4064; x_wconf 88' lang='lat' dir='ltr'><strong>Scalae</strong></span> <span class='ocrx_word' id='word_1_212' title='bbox 2539 3992 2616 4064; x_wconf 88' lang='lat' dir='ltr'><strong>et</strong></span> <span class='ocrx_word' id='word_1_213' title='bbox 2649 3981 3044 4065; x_wconf 87' lang='lat' dir='ltr'><strong>obsidione</strong></span> <span class='ocrx_word' id='word_1_214' title='bbox 3084 3979 3426 4090; x_wconf 89' lang='lat' dir='ltr'><strong>Capaccii</strong></span> <span class='ocrx_word' id='word_1_215' title='bbox 3442 4041 3466 4087; x_wconf 85' lang='lat'><strong>,</strong></span> <span class='ocrx_word' id='word_1_216' title='bbox 3503 4004 3644 4060; x_wconf 90' lang='lat' dir='ltr'><strong>nec</strong></span> <span class='ocrx_word' id='word_1_217' title='bbox 3686 4001 3839 4060; x_wconf 91' lang='lat' dir='ltr'><strong>non</strong></span> 
     </span>
    </p>
   </div>
   <div class='ocr_carea' id='block_1_6' title="bbox 948 4113 3065 4221">
    <p class='ocr_par' dir='ltr' id='par_1_7' title="bbox 948 4113 3065 4221">
     <span class='ocr_line' id='line_1_28' title="bbox 948 4113 3065 4221; baseline -0.004 -18"><span class='ocrx_word' id='word_1_218' title='bbox 948 4134 953 4139; x_wconf 83' lang='grc'><strong>’</strong></span> <span class='ocrx_word' id='word_1_219' title='bbox 1033 4121 1130 4202; x_wconf 90' lang='lat' dir='ltr'><strong>de</strong></span> <span class='ocrx_word' id='word_1_220' title='bbox 1163 4120 1474 4203; x_wconf 84' lang='lat' dir='ltr'><strong>victoria</strong></span> <span class='ocrx_word' id='word_1_221' title='bbox 1507 4118 1587 4199; x_wconf 91' lang='lat' dir='ltr'><strong>in</strong></span> <span class='ocrx_word' id='word_1_222' title='bbox 1622 4115 2026 4198; x_wconf 87' lang='lat' dir='ltr'><strong>Perusinos</strong></span> <span class='ocrx_word' id='word_1_223' title='bbox 2059 4124 2136 4195; x_wconf 88' lang='lat' dir='ltr'><strong>et</strong></span> <span class='ocrx_word' id='word_1_224' title='bbox 2169 4113 2626 4196; x_wconf 88' lang='lat' dir='ltr'><strong>Assisinates</strong></span> <span class='ocrx_word' id='word_1_225' title='bbox 2661 4124 3065 4221; x_wconf 84' lang='lat' dir='ltr'><strong>reportata.</strong></span> 
     </span>
    </p>
   </div>
   <div class='ocr_carea' id='block_1_7' title="bbox 2409 4314 2465 4387">
    <p class='ocr_par' dir='ltr' id='par_1_8' title="bbox 2409 4314 2465 4387">
     <span class='ocr_line' id='line_1_29' title="bbox 2409 4314 2465 4387; baseline 0 0"><span class='ocrx_word' id='word_1_226' title='bbox 2409 4314 2465 4387; x_wconf 91' lang='lat'><strong>1.</strong></span> 
     </span>
    </p>
   </div>
   <div class='ocr_carea' id='block_1_8' title="bbox 1199 4459 3839 4758">
    <p class='ocr_par' dir='ltr' id='par_1_9' title="bbox 1199 4459 3839 4758">
     <span class='ocr_line' id='line_1_30' title="bbox 1199 4459 3835 4548; baseline -0.006 -17"><span class='ocrx_word' id='word_1_227' title='bbox 1199 4467 1396 4548; x_wconf 86' lang='lat' dir='ltr'><strong>(Edit.</strong></span> <span class='ocrx_word' id='word_1_228' title='bbox 1434 4471 1493 4527; x_wconf 79' lang='lat' dir='ltr'><strong>lu</strong></span> <span class='ocrx_word' id='word_1_229' title='bbox 1521 4466 1688 4527; x_wconf 79' lang='lat' dir='ltr'><strong>Petri</strong></span> <span class='ocrx_word' id='word_1_230' title='bbox 1722 4465 1791 4527; x_wconf 75' lang='lat' dir='ltr'><strong>de</strong></span> <span class='ocrx_word' id='word_1_231' title='bbox 1829 4466 1958 4526; x_wconf 79' lang='lat' dir='ltr'><strong>Vin.</strong></span> <span class='ocrx_word' id='word_1_232' title='bbox 1997 4467 2190 4546; x_wconf 63' lang='lat' dir='ltr'><strong>epist„</strong></span> <span class='ocrx_word' id='word_1_233' title='bbox 2222 4465 2325 4525; x_wconf 79' lang='lat' dir='ltr'><strong>lib.</strong></span> <span class='ocrx_word' id='word_1_234' title='bbox 2368 4465 2458 4541; x_wconf 89' lang='lat'><strong>11,</strong></span> <span class='ocrx_word' id='word_1_235' title='bbox 2487 4480 2620 4541; x_wconf 84' lang='lat' dir='ltr'><strong>cap.</strong></span> <span class='ocrx_word' id='word_1_236' title='bbox 2651 4462 2738 4541; x_wconf 80' lang='lat' dir='ltr'><strong>X3</strong></span> <span class='ocrx_word' id='word_1_237' title='bbox 2769 4468 2832 4523; x_wconf 88' lang='lat' dir='ltr'><strong>et</strong></span> <span class='ocrx_word' id='word_1_238' title='bbox 2872 4479 2972 4540; x_wconf 83' lang='lat' dir='ltr'><strong>ap.</strong></span> <span class='ocrx_word' id='word_1_239' title='bbox 3003 4462 3206 4524; x_wconf 73' lang='lat' dir='ltr'><strong>Mur.</strong></span> <span class='ocrx_word' id='word_1_240' title='bbox 3242 4462 3475 4531; x_wconf 67' lang='lat' dir='ltr'><strong>Puts„</strong></span> <span class='ocrx_word' id='word_1_241' title='bbox 3508 4459 3662 4520; x_wconf 68' lang='lat' dir='ltr'><strong>Hm.</strong></span> <span class='ocrx_word' id='word_1_242' title='bbox 3694 4459 3835 4539; x_wconf 78' lang='lat' dir='ltr'><strong>maj.</strong></span> 
     </span>
     <span class='ocr_line' id='line_1_31' title="bbox 1271 4563 3839 4655; baseline -0.005 -19"><span class='ocrx_word' id='word_1_243' title='bbox 1271 4571 1543 4655; x_wconf 73' lang='lat' dir='ltr'><strong>Anqlor„</strong></span> <span class='ocrx_word' id='word_1_244' title='bbox 1574 4590 1631 4651; x_wconf 87' lang='lat' dir='ltr'><strong>p.</strong></span> <span class='ocrx_word' id='word_1_245' title='bbox 1660 4580 1816 4650; x_wconf 77' lang='lat'><strong>4783</strong></span> <span class='ocrx_word' id='word_1_246' title='bbox 1845 4573 1980 4633; x_wconf 88' lang='lat' dir='ltr'><strong>coll.</strong></span> <span class='ocrx_word' id='word_1_247' title='bbox 2016 4589 2152 4633; x_wconf 88' lang='lat' dir='ltr'><strong>cum</strong></span> <span class='ocrx_word' id='word_1_248' title='bbox 2179 4569 2427 4632; x_wconf 85' lang='lat' dir='ltr'><strong>codicib.</strong></span> <span class='ocrx_word' id='word_1_249' title='bbox 2455 4569 2611 4630; x_wconf 84' lang='lat' dir='ltr'><strong>Bibl.</strong></span> <span class='ocrx_word' id='word_1_250' title='bbox 2643 4570 2840 4631; x_wconf 83' lang='lat' dir='ltr'><strong>Cesar.</strong></span> <span class='ocrx_word' id='word_1_251' title='bbox 2871 4570 3088 4646; x_wconf 67' lang='lat' dir='ltr'><strong>Paris„</strong></span> <span class='ocrx_word' id='word_1_252' title='bbox 3109 4564 3295 4646; x_wconf 74' lang='lat' dir='ltr'><strong>fonds</strong></span> <span class='ocrx_word' id='word_1_253' title='bbox 3321 4563 3839 4628; x_wconf 65' lang='lat' dir='ltr'><strong>smine-Germe·-</strong></span> 
     </span>
     <span class='ocr_line' id='line_1_32' title="bbox 1270 4672 2778 4758; baseline -0.005 -17"><span class='ocrx_word' id='word_1_254' title='bbox 1270 4676 1520 4758; x_wconf 67' lang='lat' dir='ltr'><strong>Har-tay,</strong></span> <span class='ocrx_word' id='word_1_255' title='bbox 1549 4687 1615 4738; x_wconf 84' lang='lat' dir='ltr'><strong>n⁰</strong></span> <span class='ocrx_word' id='word_1_256' title='bbox 1644 4685 1783 4750; x_wconf 76' lang='lat'><strong>⁴56,</strong></span> <span class='ocrx_word' id='word_1_257' title='bbox 1814 4675 2063 4756; x_wconf 73' lang='lat' dir='ltr'><strong>etfonds</strong></span> <span class='ocrx_word' id='word_1_258' title='bbox 2088 4676 2489 4747; x_wconf 76' lang='lat' dir='ltr'><strong>Nom-name,</strong></span> <span class='ocrx_word' id='word_1_259' title='bbox 2512 4684 2581 4735; x_wconf 77' lang='lat' dir='ltr'><strong>n⁶</strong></span> <span class='ocrx_word' id='word_1_260' title='bbox 2610 4672 2778 4752; x_wconf 77' lang='lat'><strong>202.)</strong></span> 
     </span>
    </p>
   </div>
  </div>
 </body>
</html>
