4364 5738
991 576 1073 638 44
1872 620 1877 623 Α
1990 583 2416 650 ruint-:mm
2456 588 2802 652 suevum
3423 585 3590 664 [anx.
3629 586 3804 647 1242.

673 1134 857 1190 mmo-1
1104 1116 1568 1227 fridericus,
1629 1122 2148 1205 Romanorum
2205 1124 2646 1233 imperator,
2703 1119 3126 1205 cardinales
3192 1119 3420 1202 nimis
3477 1120 3556 1200 in
3614 1118 3818 1201 elec-

996 1249 1201 1334 tione
1248 1252 1527 1335 summi
1575 1254 1954 1363 pontificis
2008 1258 2392 1340 tardantes
2443 1255 2961 1365 reprehendit,
3000 1254 3206 1364 quod
3254 1251 3455 1335 male
3503 1261 3821 1334 tractent

996 1395 1321 1468 matrem
1360 1412 1499 1469 nec
1536 1386 1991 1471 subveniant
2029 1389 2096 1471 ei
2135 1389 2213 1470 in
2254 1388 2853 1473 necessitatibus

1157 1576 1415 1673 (lneaitss
1470 1612 1548 1656 ex
1598 1597 1728 1657 eoa„
1778 1597 1928 1660 mm.
1986 1600 2186 1661 cesar.
2231 1599 2446 1677 raris„
2483 1596 2669 1679 sonas
2712 1593 3516 1674 sm-Gmm-flartay,
3563 1604 3630 1654 no
3677 1603 3818 1671 455,

1236 1718 1371 1779 pars
1401 1703 1513 1776 111,
1542 1714 1610 1762 n·
1640 1700 1799 1783 XC.)

1094 1887 1164 1958 Si
1205 1909 1415 1982 super
1451 1889 1632 1961 duce
1671 1890 2037 1984 prudentia
2079 1912 2282 1963 casus
2321 1891 2771 1987 perscribitur
2805 1890 2912 1989 (Ρ)
2947 1901 3018 1963 et
3060 1890 3181 1962 ubi
3222 1890 3413 1983 viget
3451 1888 3810 1960 consilium

996 2012 1380 2107 periculum
1419 2013 1812 2104 abdicatur,
1859 2025 2052 2088 tanto
2101 2017 2488 2089 communis
2541 2018 2661 2089 illa
2704 2028 2926 2089 mater
2974 2016 3155 2088 inter
3200 2014 3403 2087 flatus
3446 2023 3518 2084 et
3568 2011 3817 2084 fluctus

992 2135 1281 2207 deberet
1320 2136 1647 2230 navigare
1695 2139 2005 2210 securius
2050 2150 2313 2232 quanto
2356 2141 2586 2213 nautis
2627 2139 3101 2212 solertioribus
3149 2139 3599 2231 gubernatur.
3647 2137 3814 2208 Pro-

992 2259 1371 2333 videndum
1420 2271 1653 2334 tamen
1696 2272 1834 2351 est,
1884 2262 2096 2336 immo
2136 2264 2528 2337 cavendum
2572 2285 2661 2335 ne
2706 2273 2918 2335 naute
2954 2261 3361 2356 remigando
3406 2259 3814 2356 dissentiant

991 2396 1060 2457 et
1100 2386 1270 2457 dum
1311 2387 1487 2457 alter
1535 2387 1604 2457 in
1648 2408 1931 2479 eurum,
1977 2388 2153 2459 alter
2193 2388 2262 2458 in
2311 2388 2671 2482 zephirum
2723 2387 3009 2459 tendere
3058 2387 3215 2458 vela
3255 2384 3649 2475 contendit,
3697 2383 3809 2455 vel

990 2510 1325 2581 abruatur
1369 2508 1693 2580 fluctibus
1736 2510 1848 2580 vel
1891 2510 1983 2582 ad
2023 2521 2262 2581 cautes
2303 2532 2442 2582 non
2478 2511 2626 2582 sine
2672 2512 3214 2603 gubernatorum
3254 2509 3562 2605 periculo
3613 2506 3811 2579 navi-

992 2634 1147 2704 cula
1190 2631 1584 2703 collidatur.
1632 2632 1813 2718 Quid
1870 2633 2056 2704 enim
2103 2635 2305 2705 matri
2353 2635 2612 2730 profuit
2662 2636 2981 2729 genuisse
3013 2632 3192 2705 filios
3239 2632 3501 2705 mundo
3542 2642 3812 2728 specta-

991 2756 1204 2846 biles,
1245 2756 1598 2852 speciosos
1641 2778 1762 2851 pre
1800 2755 1958 2827 filiis
1998 2756 2357 2829 hominum
2396 2769 2467 2830 et
2511 2760 2579 2830 in
2614 2759 2909 2831 aliorum
2951 2758 3283 2831 invidiam
3325 2757 3706 2848 graciosos,
3755 2755 3813 2826 si

990 2881 1083 2952 ab
1124 2880 1223 2952 eis
1262 2881 1452 2954 nuda
1501 2881 1839 2971 illuditur,
1887 2903 2052 2975 egra
2093 2884 2607 2978 contempnitur
2644 2905 2774 2955 nec
2815 2883 2944 2954 sibi
2994 2883 3065 2954 in
3108 2881 3250 2955 suis
3290 2881 3814 2952 necessitatibus

990 3005 1427 3095 subvenitur,
1479 3006 1690 3076 immo
1740 3026 1899 3076 cum
1946 3005 2535 3078 subsannantibus
2585 3028 2739 3078 eam
2793 3016 2863 3077 et
2915 3016 3125 3101 caput
3166 3005 3605 3076 moventibus
3655 3004 3809 3075 irri-

989 3128 1244 3200 detur?
1275 3130 1364 3200 Ut
1395 3141 1632 3201 autem
1671 3127 2101 3200 confidenter
2133 3130 2379 3223 loquar
2414 3130 2649 3220 vobis,
2684 3126 3093 3227 [quomodo]
3131 3129 3200 3200 in
3242 3150 3370 3201 vos
3416 3127 3808 3220 hujusmodi

987 3274 1132 3325 non
1166 3262 1478 3324 vertatur
1509 3253 1768 3324 crimen
1817 3274 1949 3323 nec
1988 3253 2472 3347 opprobrium,
2506 3254 2711 3345 dum,
2750 3254 2927 3325 sicut
2962 3254 3145 3325 fama
3179 3253 3484 3347 loquitur
3522 3262 3590 3324 et
3629 3273 3806 3347 quo-

990 3376 1363 3449 dammodo
1409 3398 1519 3448 res
1556 3377 1829 3466 incidit,
1869 3377 2051 3449 inter
2080 3378 2296 3450 vestri
2329 3389 2492 3451 vota
2525 3400 2666 3450 non
2697 3378 2882 3451 idem
2911 3378 3293 3450 volentium
3334 3385 3405 3448 et
3434 3398 3678 3448 manus
3712 3376 3804 3448 ad

991 3501 1267 3574 diversa
1309 3500 1722 3572 trahentium
1758 3500 2167 3572 miserabilis
2214 3511 2435 3573 mater
2479 3502 2596 3573 illa
2642 3500 3034 3590 collabitur,
3083 3501 3389 3595 collapsa
3435 3499 3807 3592 negligitur

990 3636 1063 3698 et
1094 3626 1225 3698 sub
1276 3626 1394 3697 tali
1439 3625 1858 3717 negligentia
1908 3626 2324 3720 preteritur?
2368 3626 2638 3698 Utinam
2674 3627 2827 3698 talis
2874 3625 3181 3721 parentis
3226 3624 3478 3716 injuria
3518 3624 3588 3694 in
3639 3644 3803 3718 pos-

991 3760 1215 3823 terum
1252 3748 1430 3821 filios
1461 3770 1601 3820 non
1638 3758 1948 3840 accuset,
1991 3760 2062 3821 et
2093 3762 2327 3844 preter
2362 3751 2433 3822 id
2465 3751 2657 3846 quod
2700 3773 2794 3822 ex
2830 3750 2964 3822 hoc
3012 3772 3105 3822 ex
3149 3747 3509 3822 bominum
3551 3748 3804 3840 linguis

990 3874 1384 3964 incurritur,
1423 3873 1511 3945 de
1545 3872 1863 3945 manibus
1896 3874 2341 3946 renitentium
2370 3872 2469 3971 (a)
2502 3876 2570 3946 in
2604 3875 2863 3970 scripto
2891 3876 3137 3946 saltem
3167 3872 3490 3945 examine
3523 3872 3804 3944 minime

990 3996 1411 4096 requiratur!
1447 3999 1652 4088 Ecce,
1691 4008 1827 4070 etc.
1866 3994 2001 4094 (l).
3537 4007 3544 4014 ’

1092 4123 1368 4221 (Cetera
1398 4121 1711 4220 desunt.)

1076 4298 1160 4381 (a)
1204 4302 1279 4361 In
1306 4301 1504 4362 manoe
1530 4318 1652 4362 vox
1678 4301 1928 4364 barbara
1952 4273 2346 4362 mimium
2373 4301 2464 4361 vei
2492 4300 2854 4379 hujusmodi.

1067 4619 1138 4690 (t)
1176 4619 1326 4674 Hanc
1351 4613 1631 4689 epistolam
1658 4615 1824 4674 fuisse
1842 4619 2098 4690 scriptam
2124 4618 2453 4674 arbitramur
2481 4632 2587 4688 quo
2619 4623 2857 4689 tempore
2886 4615 3194 4689 imperator,
3220 4615 3484 4689 legatione
3511 4615 3710 4673 frustra
3734 4615 3802 4673 ad
3842 4685 3845 4688 Α

995 4732 1184 4789 pacem
1220 4715 1415 4784 missa,
1445 4728 1717 4771 armorum
1753 4713 1808 4770 vi
1847 4713 2049 4771 curiam
2091 4715 2386 4771 Romanam
2432 4729 2682 4771 coercere
2719 4713 2976 4771 decrevit.
3010 4735 3037 4768 α
3066 4714 3251 4772 Mense
3292 4713 3420 4771 maii
3447 4712 3697 4770 Andreas
3737 4712 3804 4769 de
