4364 5738
994 565 1127 631 m
1992 563 2425 634 mmmm!
2472 567 2828 633 SECUNBI
3437 570 3600 654 [Anu.
3637 570 3814 632 lm.

997 706 1292 776 solnm
1325 704 1403 774 in
1432 704 1756 777 Dumium
1810 705 2151 777 Immensa
2189 707 2390 778 turba
2418 704 2523 804 (a)
2563 708 2989 802 prelatorum
3027 715 3102 777 et
3143 705 3527 801 principum
3565 707 3686 800 qui
3728 705 3824 779 ad

996 828 1265 900 curiam
1288 825 1704 900 serenissimi
1730 825 2199 902 Romanorum
2242 832 2424 924 regis
2455 831 2749 904 veniunt
2788 849 2948 900 cum
2989 849 3448 924 personarum
3481 837 3553 901 et
3582 849 3824 900 rerum

997 951 1575 1024 inestimabilibus
1614 952 1941 1047 periculis
1980 960 2053 1024 et
2091 956 2453 1049 expensis,
2489 975 2609 1026 me
2650 953 2894 1025 fortius
2934 952 3311 1024 inducebat
3350 961 3595 1026 contra
3631 953 3826 1046 ipsos

997 1075 1375 1170 procedere
1415 1075 1535 1168 qui
1573 1074 1663 1147 ad
1700 1076 1919 1171 ipsam
1965 1075 2229 1148 <rafiam
2271 1078 2519 1150 venire
2558 1076 3059 1149 contumaciter
3099 1073 3517 1147 renituntur.
3557 1074 3824 1148 Tamen

998 1206 1338 1291 «wantum
1368 1198 1561 1292 potui
1588 1197 1994 1270 scandalum
2023 1195 2429 1273 desiderans
2461 1201 2748 1289 evitare,
2783 1199 2940 1272 illos
2968 1206 3334 1270 excusatos
3365 1196 3634 1269 habere
3654 1217 3826 1292 pro-

997 1321 1203 1416 posui
1254 1321 1375 1415 qui
1428 1321 1593 1393 licet
1638 1322 2095 1416 personaliter
2134 1343 2278 1396 non
2325 1326 2713 1414 venissent,
2761 1322 3043 1394 nuntioe
3092 1331 3328 1393 tamen
3375 1339 3540 1394 cum
3584 1321 3824 1415 aliquo

998 1444 1335 1517 mandato
1368 1444 1461 1516 nd
1508 1446 1775 1516 curiam
1812 1441 2297 1520 destinassent.
2336 1448 2587 1520 Contra
2634 1446 2789 1519 illos
2832 1467 3002 1518 vero
3046 1446 3167 1539 qui
3218 1446 3294 1516 iu
3336 1453 3530 1516 tanta
3568 1441 3820 1516 fixroris

999 1568 1290 1641 audacia
1322 1567 1766 1663 persistentes
1796 1589 1928 1641 nec
1956 1571 2198 1643 venire
2237 1587 2374 1642 nec
2413 1571 2685 1643 mittere
2715 1569 3099 1661 voluerint,
3132 1570 3330 1640 nulla
3368 1568 3636 1639 ratione
3670 1567 3820 1638 sine

997 1692 1459 1764 immoderato
1482 1687 1814 1764 scandalo
1840 1693 2314 1766 obedientium
2349 1695 2774 1789 prelatorum
2799 1693 2994 1788 potui
3023 1692 3353 1787 preterire
3380 1689 3549 1784 quin
3578 1700 3823 1763 contra

1000 1835 1127 1887 eos
1158 1816 1607 1911 procederem
1631 1815 2014 1888 secundnm
2048 1818 2345 1889 turmam
2370 1818 2758 1889 litterarum
2787 1837 2963 1910 quas
2999 1816 3166 1887 mihi
3201 1816 3527 1887 sauctitas
3555 1814 3820 1887 domini

999 1957 1191 2035 pape
1211 1939 1606 2011 destinavit.
1644 1941 1822 2012 Ecce
1861 1940 2049 2012 enim
2088 1941 2450 2013 manifesta
2489 1941 2798 2036 ipsorum
2839 1939 3273 2012 contumacia
3309 1948 3384 2010 et
3411 1935 3816 2011 inobedien-

1002 2063 1096 2134 tia
1120 2061 1217 2158 (b)
1238 2063 1590 2156 exigente,
1627 2061 1715 2135 ad
1744 2083 2067 2156 magnam
2095 2065 2498 2137 instantiam
2528 2064 2918 2160 principum
2952 2063 3375 2158 prelatorum
3405 2061 3818 2134 sententiam

1002 2187 1737 2260 excommunicationis
1760 2200 1833 2259 et
1862 2187 2334 2283 suspensionis
2365 2187 2456 2258 ab
2500 2186 2762 2275 officie,
2799 2184 3177 2276 beneflcio,
3213 2185 3548 2278 dignitate
3590 2195 3661 2255 et
3690 2183 3818 2255 bo·

1000 2332 1174 2384 nore
1205 2311 1465 2407 protuli
1488 2319 1725 2384 contra
1753 2312 1909 2383 illos
1936 2331 2234 2405 quorum
2267 2311 2549 2385 nomina
2577 2310 2865 2382 inferius
2893 2318 3342 2397 annotantur,
3363 2309 3528 2403 ipsis
3549 2306 3822 2403 preflxo

1001 2435 1299 2507 termino
1330 2434 1796 2530 peremptorio
1826 2454 1901 2506 se
1941 2455 2172 2507 coram
2208 2435 2590 2507 sanctitatis
2620 2434 2884 2507 domini
2919 2454 3099 2529 pape
3132 2433 3478 2527 presentia
3529 2449 3818 2526 pmcn-

1000 2559 1194 2631 tandi
1223 2559 1314 2630 ad
1347 2561 1763 2631 sententiam
1782 2557 2234 2654 depositionis
2263 2561 2375 2630 vel
2406 2559 2641 2647 aliam,
2671 2566 2878 2653 prout
2902 2557 3199 2652 qualitas
3213 2554 3448 2628 delicti
3476 2556 3814 2647 exegerit,

999 2682 1446 2773 audiendam,
1485 2684 1705 2777 iisque
1738 2680 2143 2753 denuntiavi
2186 2681 2375 2776 quod
2409 2683 2463 2753 si
2495 2682 2567 2751 in
2603 2679 2874 2776 prefixo
2912 2681 3206 2753 termino
3237 2702 3378 2753 non
3411 2699 3816 2774 comparue-

998 2807 1139 2879 rint
1181 2807 1538 2899 ordinato,
1583 2818 1827 2880 contra
1875 2807 2059 2903 ipsos
2104 2807 2195 2880 ad
2251 2807 2664 2879 sententiam
2710 2805 3137 2878 definitivam
3184 2806 3508 2879 sanctitas
3557 2805 3816 2879 domini

999 2953 1178 3026 pape
1202 2932 1576 3027 procedere
1602 2932 2049 3003 nihilominus
2076 2953 2210 3003 non
2232 2932 2529 3005 omittet.
2556 2930 3280 3025 Archiepiscoporum,
3305 2930 3809 3025 episcopcrum,

999 3055 1328 3126 abbatum
1362 3056 1643 3128 nomina
1676 3066 1838 3126 sunt
1870 3055 1997 3127 hec
2043 3078 2059 3121 :
2092 3053 2609 3148 Salzburgensis
2642 3063 2711 3124 et
2741 3053 3129 3124 Bremensis
3151 3051 3256 3150 (l)
3289 3052 3812 3148 archiepiscopi,

1000 3175 1457 3268 patuviensis,
1492 3178 1975 3269 Frisingensis,
2011 3177 2428 3269 BrixiensiS,
2466 3178 2826 3269 pragensis
2861 3176 3201 3271 episcopi,
3250 3176 3514 3268 quibus
3535 3174 3817 3251 infesto

1000 3300 1191 3372 beati
1215 3301 1452 3372 Iacchi
1482 3298 1590 3397 (Ξ)
1621 3310 1701 3372 ut
1730 3312 2179 3396 compareant
2208 3320 2441 3373 coram
2476 3298 2759 3373 domino
2786 3321 2965 3395 pape
2993 3300 3122 3370 fuit
3153 3298 3366 3371 unius
3389 3300 3647 3370 mensis
3681 3310 3815 3370 ter-

1000 3424 1235 3496 minus
1255 3424 1652 3514 ordinatns3
1683 3424 2162 3516 Traiectensis,
2178 3424 2720 3513 WomacensiS,
2740 3422 3304 3511 constantiensi&
3335 3421 3818 3515 Augustensis,

1001 3547 1613 3642 padelburgensis,
1641 3547 2169 3620 Ildensemensis
2200 3547 2542 3641 episcopi,
2577 3548 2828 3640 quibus
2861 3548 2989 3618 suit
3018 3547 3149 3620 XX
3183 3546 3454 3619 dierum
3489 3546 3819 3619 terminus

1002 3671 1391 3760 ordinatus3
1425 3672 1715 3742 abbates
1747 3670 1977 3741 Sancti
2004 3669 2206 3761 Galli,
2244 3670 3174 3763 Helwacensis,.Angiensis,
3204 3669 3813 3765 Campodunensis,

1001 3793 1628 3887 WizenburgenSiS‚
1664 3793 1918 3885 quibus
1945 3792 2073 3863 fuit
2100 3793 2305 3864 etiam
2335 3794 2463 3864 XX
2500 3793 2766 3865 dierum
2798 3794 3131 3866 terminus
3161 3794 3546 3866 ordinatus.
3576 3794 3816 3864 Nullus

1004 3919 1187 3990 enim
1248 3917 1536 3990 istorum
1594 3924 1885 3988 venerat
1947 3917 2039 3988 ad
2098 3916 2364 3988 curiam
2418 3919 2534 3989 vel
2590 3917 3012 3990 sufficientes
3062 3917 3348 3990 nuntios
3406 3916 3810 4006 destinavit,

1087 4094 1170 4174 (a)
1214 4097 1329 4171 Ap.
1361 4094 1587 4168 Hcsser,
1620 4091 1893 4167 turbatio,
1929 4091 2102 4153 male.

1093 4198 1172 4280 (b)
1217 4200 1464 4278 Ibidem,
1494 4197 1831 4273 obedientia,
1861 4199 2042 4261 muln.

1081 4487 1156 4563 (t)
1192 4487 1525 4557 Notandum3
1554 4501 1749 4561 nempe
1774 4486 2091 4545 Gerhardus
2123 4486 2423 4544 Bremensis
2456 4485 2895 4559 archiepiscopus
2923 4485 3065 4542 inter
3100 4485 3366 4559 praelatos
3394 4486 3486 4558 qui
3515 4485 3818 4558 Rasponem

1006 4585 1304 4659 elegerunt,
1338 4581 1611 4639 numerari
1634 4582 1791 4641 solet.

1080 4681 1149 4757 (2)
1185 4678 1396 4740 Scilicet
1421 4677 1656 4752 25111151.
