4364 5738
539 535 739 595 lmcr.
769 530 864 608 3.]
1437 527 1834 591 nls‘romA
1882 526 2478 591 ml’LouA'rch.
3233 526 3354 589 247

1330 1031 1557 1095 ANNO
1609 1031 1812 1094 1245.
1852 1065 1936 1080 --
1969 1031 2460 1093 mmc'rlomss
2510 1032 2570 1094 3.

646 1472 1046 1583 Encyclica
1072 1473 1486 1556 Innocentii
1518 1477 1769 1583 quarti
1805 1478 1900 1558 de
1936 1476 2268 1585 generali
2298 1475 2617 1562 concilio
2654 1477 2857 1583 apud
2896 1475 3359 1584 Lugdunum

543 1607 623 1687 in
660 1605 851 1689 festo
889 1607 1127 1688 sancti
1170 1606 1533 1690 Johannis
1561 1606 1937 1717 Baptistae
1969 1609 2448 1692 celebrando.

585 1803 588 1810 ¹
708 1819 1326 1893 (Euidenlznnnm,
1349 1818 1571 1880 Annal.
1606 1817 1794 1882 eccles.
1825 1821 1899 1881 ad
1923 1836 2061 1880 aun.
2096 1830 2273 1893 12⁴5,
2308 1819 2354 1900 S
2374 1822 2427 1894 l,
2455 1822 2593 1882 coll.
2612 1839 2748 1883 eum
2776 1831 2988 1901 regest.
3019 1823 3227 1885 Innoc.
3244 1824 3358 1896 IV,

783 1927 889 1987 lib.
935 1926 1028 2002 11,
1069 1914 1131 2003 p.
1180 1935 1319 1986 648.
1354 1958 1435 1969 -
1469 1916 1667 1987 Mur.
1714 1917 1932 2002 Pam,
1965 1927 2120 1986 Hist.
2160 1928 2303 2005 maj.
2342 1924 2586 2007 Anqlor.
2616 1928 2693 1987 ad
2719 1945 2894 2005 ann„
2931 1947 2992 2005 p.
3032 1938 3179 2001 443,
3219 1948 3356 1990 cum

783 2032 898 2092 hoc
921 2033 1098 2092 titulo
1129 2048 1145 2091 τ
1172 2029 1537 2091 Innocentius
1572 2031 1860 2109 episcopus
1884 2030 2078 2091 sericus
2101 2048 2394 2090 servorum
2419 2033 2527 2091 Dei
2558 2029 2777 2092 dilectis
2791 2030 2945 2109 filiis
2969 2031 3270 2094 abbatibus
3302 2043 3358 2096 et

777 2135 1076 2218 prioribus
1087 2155 1202 2216 per
1221 2132 1498 2218 Anqliam
1515 2137 1837 2197 constitutis
1860 2132 2101 2197 salutem
2126 2143 2182 2196 ct
2208 2134 2577 2216 apostolicam
2600 2135 3056 2210 benedictionem,
3082 2161 3114 2195 υ
3135 2145 3193 2198 et
3221 2156 3356 2200 cum

787 2245 882 2306 his
916 2248 1075 2305 notis
1105 2244 1541 2321 chronologicis
1584 2262 1603 2302 ε
1648 2261 1682 2300 α
1711 2243 1930 2304 Datum
1963 2240 2271 2322 Luqduni,
2320 2242 2417 2302 111
2442 2238 2560 2301 kal.
2592 2241 2889 2323 febrim„
2919 2243 3134 2324 pontusf.
3175 2245 3361 2306 nostri

781 2368 941 2411 anno
973 2347 1240 2411 mado.
1286 2348 1385 2427 (80
1406 2352 1675 2427 januar.)
1712 2368 1745 2406 n
1767 2349 1950 2410 Extat
1982 2366 2250 2426 quoque,
2286 2348 2393 2409 sed
2431 2353 2589 2410 notis
2623 2350 3050 2427 chronologicis
3089 2354 3354 2426 omissio,

651 2500 658 2506 -
785 2461 847 2518 in
879 2455 1144 2520 Clu-onie.
1174 2451 1244 2515 de
1268 2453 1384 2516 rob.
1414 2455 1481 2514 in
1503 2451 1644 2515 Ital.
1674 2461 1846 2536 qest„
1875 2471 1913 2515 a
1938 2455 2113 2515 nobis
2143 2456 2335 2530 edito,
2364 2472 2425 2532 p.
2461 2455 2627 2534 194.)

645 2645 1122 2734 InnocentiuS,
1162 2651 1329 2733 etc„
1367 2628 1883 2738 archiepiscopo
1923 2641 2345 2731 Senonensi,
2383 2652 2518 2714 etc.
2559 2641 2687 2712 Dei
2725 2641 2944 2713 virtus
2986 2653 3054 2713 et
3089 2644 3214 2715 Dei
3246 2666 3357 2717 sa·

546 2769 806 2864 pientia
842 2769 1040 2860 cujus
1074 2765 1403 2838 ineffabili
1435 2766 1747 2858 subjecta
1784 2774 1947 2836 sunt
1976 2766 2207 2836 omnia
2237 2764 2604 2858 majestati,
2641 2786 2682 2835 a
2711 2765 3133 2860 fundationis
3164 2767 3357 2841 initio

548 2893 918 2989 splendore
953 2892 1289 2963 virtutum
1322 2911 1518 2962 suam
1560 2890 1929 2961 illustravit
1976 2889 2396 2979 Ecclesiam,
2435 2899 2506 2960 et
2540 2889 2639 2960 sic
2674 2889 3013 2981 insignem
3056 2892 3359 2966 reddidit

544 3014 914 3107 singularis
943 3012 1303 3107 privilegio
1332 3012 1692 3107 potestatis
1726 3021 1808 3082 ut
1837 3033 1964 3105 per
1998 3012 2147 3103 ejus
2177 3011 2631 3083 ministerium
2666 3034 2867 3083 suum
2891 3013 3157 3103 justitia
3184 3036 3356 3087 con·

543 3142 880 3232 sequatur
905 3135 1225 3208 effectum
1262 3143 1333 3205 et
1371 3135 1612 3206 sedato
1643 3135 1985 3205 bellorum
2032 3134 2305 3205 turbine
2349 3134 2614 3206 mundo
2651 3136 2869 3229 possit
2902 3138 3359 3230 tranquillitas

545 3260 943 3359 provenire.
979 3258 1388 3351 Huiusmodi
1415 3258 1600 3329 enim
1631 3259 2200 3351 proeminentiam
2228 3258 2582 3350 dignitatis
2609 3259 2778 3332 dum
2804 3282 2934 3333 nos
2958 3272 3360 3337 reverenter

543 3384 971 3460 attendimus
997 3382 1121 3475 qui
1149 3380 1468 3472 regimini
1512 3381 1856 3471 generalis
1895 3382 2203 3454 Ecclesie
2246 3381 2410 3455 licet
2462 3383 2785 3455 immeriti
2841 3385 3076 3457 divina
3121 3389 3357 3480 provi·

545 3510 784 3584 dentia
818 3506 1278 3602 presidemus,
1308 3502 1665 3575 reddimur
1692 3504 1902 3577 corde
1942 3505 2215 3577 solliciti
2242 3507 2437 3600 quod
2469 3508 2893 3602 tempestatis
2934 3508 3179 3581 horror
3218 3534 3357 3604 qua

544 3635 696 3729 ipm
733 3630 1055 3703 turbatur
1090 3626 1396 3700 Ecclesia
1430 3636 1499 3697 et
1538 3626 1779 3719 religio
1818 3626 2191 3700 christiana
2231 3630 2646 3720 concutitur,
2684 3652 2810 3723 per
2850 3641 3086 3702 nostre
3122 3634 3357 3726 provi·

545 3757 759 3830 sionis
797 3752 1140 3827 auxilium
1185 3749 1424 3822 celesti
1484 3749 1740 3844 pietate
1783 3751 2082 3846 propitia
2123 3754 2591 3848 propulsetur.
2628 3754 2803 3825 Hinc
2852 3764 2957 3826 est
2998 3755 3189 3847 quod
3230 3778 3358 3828 nos

544 3890 625 3954 nt
652 3880 805 3976 ipsa
844 3876 1154 3950 Ecdesia
1193 3895 1321 3968 per
1360 3871 1673 3945 fidelium
1714 3875 1991 3945 salubre
2035 3876 2403 3948 consilium
2449 3886 2520 3948 et
2558 3876 2895 3948 auxilium
2930 3877 3356 3951 fructuosum

546 4012 764 4076 status
803 4001 1024 4074 debiti
1063 3997 1282 4094 possit
1323 3996 1583 4070 hahere
1614 3998 1965 4088 decorem,
2001 4008 2072 4070 et
2104 3999 2534 4094 deplorando
2578 4001 2783 4072 Terre
2816 4000 3066 4072 Sancte
3113 4001 3356 4075 discri-

548 4127 716 4198 mini
743 4135 819 4197 et
843 4124 1104 4196 afflicto
1134 4124 1444 4193 Romano
1471 4121 1763 4215 imperio
1799 4143 2093 4217 propere
2123 4123 2357 4194 valeat
2396 4121 2750 4193 subveniri
2796 4142 2881 4194 ac
2921 4123 3216 4198 inveniri
3242 4147 3355 4200 re-

548 4250 856 4322 medium
907 4257 1155 4320 contra
1223 4247 1542 4316 Tartaros
1595 4253 1672 4316 et
1728 4246 1902 4318 alios
1955 4255 2468 4339 contemptores
2524 4243 2689 4316 fidei
2742 4266 2825 4318 ac
2880 4258 3359 4341 persecutores

547 4372 789 4470 populi
813 4369 1209 4459 christiani,
1245 4389 1518 4441 necnon
1552 4388 1683 4462 pro
1707 4367 1993 4460 negotio
2023 4368 2215 4459 quod
2252 4367 2437 4439 inter
2468 4368 2847 4441 Ecclesiam
2878 4378 2951 4442 et
2978 4372 3358 4469 principem

547 4496 870 4583 vertitur,
901 4514 1103 4586 reges
1133 4501 1347 4581 terre,
1382 4492 1682 4586 prelatos
1709 4489 2156 4561 ecclesiarum
2181 4511 2267 4561 ac
2296 4489 2469 4562 alios
2499 4493 2743 4564 mundi
2776 4494 3121 4590 principes
3147 4496 3357 4571 duxi·

547 4641 705 4693 mus
734 4615 1205 4690 advocandos.
1235 4617 1583 4708 Rogamus
1611 4615 1847 4708 itaque
1870 4613 2368 4685 fraternitatem
2398 4623 2587 4687 tuam
2620 4625 2692 4689 et
2712 4616 3068 4691 hortamur
3091 4630 3356 4695 attente

3463 1491 3724 1599 εῆᾟᾱὲἒέιῑ.
