<?xml version="1.0" encoding="UTF-8"?>
<!DOCTYPE html PUBLIC "-//W3C//DTD XHTML 1.0 Transitional//EN"
    "http://www.w3.org/TR/xhtml1/DTD/xhtml1-transitional.dtd">
<html xmlns="http://www.w3.org/1999/xhtml" xml:lang="en" lang="en">
 <head>
  <title>
</title>
<meta http-equiv="Content-Type" content="text/html;charset=utf-8" />
  <meta name='ocr-system' content='tesseract 3.04.00' />
  <meta name='ocr-capabilities' content='ocr_page ocr_carea ocr_par ocr_line ocrx_word'/>
</head>
<body>
  <div class='ocr_page' id='page_1' title='image "./historiadiploma00degoog_0063.png"; bbox 0 0 4364 5738; ppageno 0'>
   <div class='ocr_carea' id='block_1_1' title="bbox 607 548 3417 638">
    <p class='ocr_par' dir='ltr' id='par_1_1' title="bbox 607 548 3417 638">
     <span class='ocr_line' id='line_1_1' title="bbox 607 548 3417 638; baseline -0 -17"><span class='ocrx_word' id='word_1_1' title='bbox 607 564 807 622; x_wconf 66' lang='lat' dir='ltr'>Ixmcr.</span> <span class='ocrx_word' id='word_1_2' title='bbox 848 561 971 638; x_wconf 68' lang='lat'>15]</span> <span class='ocrx_word' id='word_1_3' title='bbox 1131 604 1142 613; x_wconf 89' lang='grc'><strong>.</strong></span> <span class='ocrx_word' id='word_1_4' title='bbox 1492 558 1886 618; x_wconf 80' lang='lat' dir='ltr'>HISTORIA</span> <span class='ocrx_word' id='word_1_5' title='bbox 1937 560 2525 626; x_wconf 82' lang='lat' dir='ltr'>DIPLOMATICA.</span> <span class='ocrx_word' id='word_1_6' title='bbox 3281 548 3288 581; x_wconf 70' lang='lat'><strong><em>⁷</em></strong></span> <span class='ocrx_word' id='word_1_7' title='bbox 3337 560 3417 620; x_wconf 72' lang='lat'>49</span> 
     </span>
    </p>
   </div>
   <div class='ocr_carea' id='block_1_2' title="bbox 594 691 3440 3753">
    <p class='ocr_par' dir='ltr' id='par_1_2' title="bbox 599 691 3429 1141">
     <span class='ocr_line' id='line_1_2' title="bbox 605 691 3427 785; baseline -0.001 -18"><span class='ocrx_word' id='word_1_8' title='bbox 605 696 942 768; x_wconf 89' lang='lat' dir='ltr'>debemus</span> <span class='ocrx_word' id='word_1_9' title='bbox 970 702 1040 765; x_wconf 89' lang='lat' dir='ltr'>et</span> <span class='ocrx_word' id='word_1_10' title='bbox 1071 692 1165 764; x_wconf 90' lang='lat' dir='ltr'>ibi</span> <span class='ocrx_word' id='word_1_11' title='bbox 1198 691 1579 764; x_wconf 89' lang='lat' dir='ltr'>secundum</span> <span class='ocrx_word' id='word_1_12' title='bbox 1606 692 1798 785; x_wconf 90' lang='lat' dir='ltr'>quod</span> <span class='ocrx_word' id='word_1_13' title='bbox 1828 695 2171 766; x_wconf 89' lang='lat' dir='ltr'>sententia</span> <span class='ocrx_word' id='word_1_14' title='bbox 2203 697 2641 769; x_wconf 89' lang='lat' dir='ltr'>scabinorum</span> <span class='ocrx_word' id='word_1_15' title='bbox 2672 696 3177 769; x_wconf 90' lang='lat' dir='ltr'>Coloniensium</span> <span class='ocrx_word' id='word_1_16' title='bbox 3207 694 3427 766; x_wconf 85' lang='lat' dir='ltr'>dicta-</span> 
     </span>
     <span class='ocr_line' id='line_1_3' title="bbox 599 816 3429 915; baseline -0 -24"><span class='ocrx_word' id='word_1_17' title='bbox 599 818 803 908; x_wconf 80' lang='lat' dir='ltr'>verit,</span> <span class='ocrx_word' id='word_1_18' title='bbox 834 816 1176 910; x_wconf 88' lang='lat' dir='ltr'>judicare.</span> <span class='ocrx_word' id='word_1_19' title='bbox 1211 816 1286 886; x_wconf 93' lang='lat' dir='ltr'>In</span> <span class='ocrx_word' id='word_1_20' title='bbox 1310 816 1509 908; x_wconf 89' lang='lat' dir='ltr'>cujus</span> <span class='ocrx_word' id='word_1_21' title='bbox 1534 816 1637 887; x_wconf 90' lang='lat' dir='ltr'>rei</span> <span class='ocrx_word' id='word_1_22' title='bbox 1667 817 2131 889; x_wconf 92' lang='lat' dir='ltr'>testimonium</span> <span class='ocrx_word' id='word_1_23' title='bbox 2188 830 2259 890; x_wconf 90' lang='lat' dir='ltr'>et</span> <span class='ocrx_word' id='word_1_24' title='bbox 2293 819 2686 892; x_wconf 85' lang='lat' dir='ltr'>firmitatem</span> <span class='ocrx_word' id='word_1_25' title='bbox 2724 841 3006 915; x_wconf 82' lang='lat' dir='ltr'><strong>presens</strong></span> <span class='ocrx_word' id='word_1_26' title='bbox 3044 818 3294 913; x_wconf 90' lang='lat' dir='ltr'>pagina</span> <span class='ocrx_word' id='word_1_27' title='bbox 3322 828 3429 890; x_wconf 90' lang='lat' dir='ltr'>est</span> 
     </span>
     <span class='ocr_line' id='line_1_4' title="bbox 607 941 3427 1038; baseline -0.001 -22"><span class='ocrx_word' id='word_1_28' title='bbox 607 942 1023 1037; x_wconf 85' lang='lat' dir='ltr'>conscripta,</span> <span class='ocrx_word' id='word_1_29' title='bbox 1059 950 1297 1013; x_wconf 89' lang='lat' dir='ltr'>nostro</span> <span class='ocrx_word' id='word_1_30' title='bbox 1331 949 1402 1013; x_wconf 90' lang='lat' dir='ltr'>et</span> <span class='ocrx_word' id='word_1_31' title='bbox 1428 941 1715 1013; x_wconf 81' lang='lat' dir='ltr'>ecclesie</span> <span class='ocrx_word' id='word_1_32' title='bbox 1748 941 2171 1015; x_wconf 89' lang='lat' dir='ltr'>Coloniensis</span> <span class='ocrx_word' id='word_1_33' title='bbox 2202 944 2441 1038; x_wconf 82' lang='lat' dir='ltr'>sigillis</span> <span class='ocrx_word' id='word_1_34' title='bbox 2472 944 2920 1016; x_wconf 86' lang='lat' dir='ltr'>communita.</span> <span class='ocrx_word' id='word_1_35' title='bbox 2961 943 3210 1015; x_wconf 89' lang='lat' dir='ltr'>Actum</span> <span class='ocrx_word' id='word_1_36' title='bbox 3243 963 3427 1014; x_wconf 90' lang='lat' dir='ltr'>anno</span> 
     </span>
     <span class='ocr_line' id='line_1_5' title="bbox 605 1047 3428 1141; baseline -0.005 0"><span class='ocrx_word' id='word_1_37' title='bbox 605 1066 880 1141; x_wconf 88' lang='lat' dir='ltr'>Domini</span> <span class='ocrx_word' id='word_1_38' title='bbox 911 1067 1004 1137; x_wconf 88' lang='lat' dir='ltr'>M.</span> <span class='ocrx_word' id='word_1_39' title='bbox 1023 1065 1148 1138; x_wconf 90' lang='lat' dir='ltr'>CC.</span> <span class='ocrx_word' id='word_1_40' title='bbox 1168 1064 1414 1137; x_wconf 91' lang='lat' dir='ltr'>XXIX.</span> <span class='ocrx_word' id='word_1_41' title='bbox 3424 1047 3428 1053; x_wconf 71' lang='grc'><strong>’</strong></span> 
     </span>
    </p>

    <p class='ocr_par' dir='ltr' id='par_1_3' title="bbox 606 1187 3436 2268">
     <span class='ocr_line' id='line_1_6' title="bbox 700 1187 3427 1283; baseline 0 -21"><span class='ocrx_word' id='word_1_42' title='bbox 700 1190 843 1263; x_wconf 93' lang='lat' dir='ltr'>Nos</span> <span class='ocrx_word' id='word_1_43' title='bbox 873 1188 1081 1283; x_wconf 89' lang='lat' dir='ltr'>igitur</span> <span class='ocrx_word' id='word_1_44' title='bbox 1111 1187 1553 1260; x_wconf 86' lang='lat' dir='ltr'>attendentes</span> <span class='ocrx_word' id='word_1_45' title='bbox 1587 1187 1799 1262; x_wconf 85' lang='lat' dir='ltr'>fidem</span> <span class='ocrx_word' id='word_1_46' title='bbox 1833 1200 1903 1261; x_wconf 92' lang='lat' dir='ltr'>et</span> <span class='ocrx_word' id='word_1_47' title='bbox 1937 1189 2378 1262; x_wconf 89' lang='lat' dir='ltr'>devotionem</span> <span class='ocrx_word' id='word_1_48' title='bbox 2424 1211 2700 1263; x_wconf 85' lang='lat' dir='ltr'>necnon</span> <span class='ocrx_word' id='word_1_49' title='bbox 2736 1201 2934 1282; x_wconf 84' lang='lat' dir='ltr'>grata</span> <span class='ocrx_word' id='word_1_50' title='bbox 2973 1189 3250 1261; x_wconf 89' lang='lat' dir='ltr'>servitia</span> <span class='ocrx_word' id='word_1_51' title='bbox 3286 1211 3427 1282; x_wconf 90' lang='lat' dir='ltr'>que</span> 
     </span>
     <span class='ocr_line' id='line_1_7' title="bbox 609 1312 3434 1408; baseline -0.001 -22"><span class='ocrx_word' id='word_1_52' title='bbox 609 1313 776 1386; x_wconf 91' lang='lat' dir='ltr'>dicti</span> <span class='ocrx_word' id='word_1_53' title='bbox 808 1312 1082 1405; x_wconf 88' lang='lat' dir='ltr'>judices</span> <span class='ocrx_word' id='word_1_54' title='bbox 1129 1312 1393 1383; x_wconf 79' lang='lat' dir='ltr'>scabini</span> <span class='ocrx_word' id='word_1_55' title='bbox 1439 1321 1513 1383; x_wconf 91' lang='lat' dir='ltr'>et</span> <span class='ocrx_word' id='word_1_56' title='bbox 1552 1312 1860 1384; x_wconf 91' lang='lat' dir='ltr'>universi</span> <span class='ocrx_word' id='word_1_57' title='bbox 1908 1314 2096 1385; x_wconf 89' lang='lat' dir='ltr'>cives</span> <span class='ocrx_word' id='word_1_58' title='bbox 2139 1314 2584 1386; x_wconf 91' lang='lat' dir='ltr'>Colonienses</span> <span class='ocrx_word' id='word_1_59' title='bbox 2634 1313 2874 1385; x_wconf 84' lang='lat' dir='ltr'>fideles</span> <span class='ocrx_word' id='word_1_60' title='bbox 2907 1313 3123 1384; x_wconf 83' lang='lat' dir='ltr'>nostri</span> <span class='ocrx_word' id='word_1_61' title='bbox 3159 1334 3434 1408; x_wconf 82' lang='lat' dir='ltr'>semper</span> 
     </span>
     <span class='ocr_line' id='line_1_8' title="bbox 606 1436 3425 1531; baseline 0 -23"><span class='ocrx_word' id='word_1_62' title='bbox 606 1456 770 1530; x_wconf 84' lang='lat' dir='ltr'>erga</span> <span class='ocrx_word' id='word_1_63' title='bbox 801 1437 1233 1528; x_wconf 84' lang='lat' dir='ltr'>majestatem</span> <span class='ocrx_word' id='word_1_64' title='bbox 1266 1444 1574 1508; x_wconf 89' lang='lat' dir='ltr'>nostram</span> <span class='ocrx_word' id='word_1_65' title='bbox 1620 1446 1691 1507; x_wconf 93' lang='lat' dir='ltr'>et</span> <span class='ocrx_word' id='word_1_66' title='bbox 1738 1436 2102 1531; x_wconf 91' lang='lat' dir='ltr'>imperium</span> <span class='ocrx_word' id='word_1_67' title='bbox 2142 1447 2509 1528; x_wconf 90' lang='lat' dir='ltr'>gesserunt</span> <span class='ocrx_word' id='word_1_68' title='bbox 2536 1448 2606 1508; x_wconf 92' lang='lat' dir='ltr'>et</span> <span class='ocrx_word' id='word_1_69' title='bbox 2636 1458 2842 1528; x_wconf 89' lang='lat' dir='ltr'>agere</span> <span class='ocrx_word' id='word_1_70' title='bbox 2875 1457 3016 1509; x_wconf 90' lang='lat' dir='ltr'>non</span> <span class='ocrx_word' id='word_1_71' title='bbox 3058 1437 3425 1527; x_wconf 89' lang='lat' dir='ltr'>desistunt,</span> 
     </span>
     <span class='ocr_line' id='line_1_9' title="bbox 608 1557 3432 1655; baseline -0.001 -22"><span class='ocrx_word' id='word_1_72' title='bbox 608 1580 819 1655; x_wconf 90' lang='lat' dir='ltr'>opera</span> <span class='ocrx_word' id='word_1_73' title='bbox 853 1557 1015 1631; x_wconf 85' lang='lat' dir='ltr'>fidei</span> <span class='ocrx_word' id='word_1_74' title='bbox 1047 1559 1354 1654; x_wconf 90' lang='lat' dir='ltr'>ipsorum</span> <span class='ocrx_word' id='word_1_75' title='bbox 1393 1558 1737 1630; x_wconf 87' lang='lat' dir='ltr'>continuis</span> <span class='ocrx_word' id='word_1_76' title='bbox 1769 1569 2268 1654; x_wconf 87' lang='lat' dir='ltr'>prosequentes</span> <span class='ocrx_word' id='word_1_77' title='bbox 2302 1560 2694 1652; x_wconf 78' lang='lat' dir='ltr'>augmentis</span> <span class='ocrx_word' id='word_1_78' title='bbox 2715 1615 2735 1651; x_wconf 93' lang='lat'>,</span> <span class='ocrx_word' id='word_1_79' title='bbox 2792 1582 3032 1632; x_wconf 88' lang='lat' dir='ltr'>eorum</span> <span class='ocrx_word' id='word_1_80' title='bbox 3081 1560 3432 1655; x_wconf 90' lang='lat' dir='ltr'>supplica-</span> 
     </span>
     <span class='ocr_line' id='line_1_10' title="bbox 611 1681 3433 1778; baseline 0 -22"><span class='ocrx_word' id='word_1_81' title='bbox 611 1683 911 1756; x_wconf 87' lang='lat' dir='ltr'>tionibus</span> <span class='ocrx_word' id='word_1_82' title='bbox 937 1682 1409 1755; x_wconf 82' lang='lat' dir='ltr'>favorabiliter</span> <span class='ocrx_word' id='word_1_83' title='bbox 1439 1681 1747 1754; x_wconf 91' lang='lat' dir='ltr'>inclinati</span> <span class='ocrx_word' id='word_1_84' title='bbox 1775 1683 2098 1778; x_wconf 81' lang='lat' dir='ltr'>paginam</span> <span class='ocrx_word' id='word_1_85' title='bbox 2125 1684 2592 1756; x_wconf 88' lang='lat' dir='ltr'>concessionis</span> <span class='ocrx_word' id='word_1_86' title='bbox 2616 1696 2686 1756; x_wconf 91' lang='lat' dir='ltr'>et</span> <span class='ocrx_word' id='word_1_87' title='bbox 2714 1684 3143 1777; x_wconf 88' lang='lat' dir='ltr'>indulgentie</span> <span class='ocrx_word' id='word_1_88' title='bbox 3173 1704 3433 1756; x_wconf 90' lang='lat' dir='ltr'>memo-</span> 
     </span>
     <span class='ocr_line' id='line_1_11' title="bbox 612 1805 3435 1900; baseline -0 -21"><span class='ocrx_word' id='word_1_89' title='bbox 612 1806 742 1883; x_wconf 86' lang='lat' dir='ltr'>rati</span> <span class='ocrx_word' id='word_1_90' title='bbox 790 1806 993 1885; x_wconf 87' lang='lat' dir='ltr'>electi</span> <span class='ocrx_word' id='word_1_91' title='bbox 1040 1815 1260 1877; x_wconf 86' lang='lat' dir='ltr'>ratam</span> <span class='ocrx_word' id='word_1_92' title='bbox 1315 1805 1680 1897; x_wconf 78' lang='lat' dir='ltr'>habenteS,</span> <span class='ocrx_word' id='word_1_93' title='bbox 1738 1826 1823 1877; x_wconf 89' lang='lat' dir='ltr'>ea</span> <span class='ocrx_word' id='word_1_94' title='bbox 1869 1806 2104 1878; x_wconf 90' lang='lat' dir='ltr'>omnia</span> <span class='ocrx_word' id='word_1_95' title='bbox 2153 1829 2292 1900; x_wconf 92' lang='lat' dir='ltr'>que</span> <span class='ocrx_word' id='word_1_96' title='bbox 2341 1807 2789 1880; x_wconf 90' lang='lat' dir='ltr'>continentur</span> <span class='ocrx_word' id='word_1_97' title='bbox 2839 1809 2909 1878; x_wconf 93' lang='lat' dir='ltr'>in</span> <span class='ocrx_word' id='word_1_98' title='bbox 2940 1828 3022 1880; x_wconf 91' lang='lat' dir='ltr'>ea</span> <span class='ocrx_word' id='word_1_99' title='bbox 3054 1807 3323 1880; x_wconf 87' lang='lat' dir='ltr'>civibus</span> <span class='ocrx_word' id='word_1_100' title='bbox 3364 1816 3435 1879; x_wconf 90' lang='lat' dir='ltr'>et</span> 
     </span>
     <span class='ocr_line' id='line_1_12' title="bbox 611 1927 3434 2025; baseline -0.001 -20"><span class='ocrx_word' id='word_1_101' title='bbox 611 1929 872 2005; x_wconf 84' lang='lat' dir='ltr'>civitati</span> <span class='ocrx_word' id='word_1_102' title='bbox 900 1929 1179 2002; x_wconf 89' lang='lat' dir='ltr'>Colonie</span> <span class='ocrx_word' id='word_1_103' title='bbox 1222 1939 1558 2025; x_wconf 90' lang='lat' dir='ltr'>perpetuo</span> <span class='ocrx_word' id='word_1_104' title='bbox 1601 1927 2113 2001; x_wconf 62' lang='lat' dir='ltr'>confirmamus</span> <span class='ocrx_word' id='word_1_105' title='bbox 2162 1929 2274 2001; x_wconf 90' lang='lat' dir='ltr'>Ad</span> <span class='ocrx_word' id='word_1_106' title='bbox 2308 1930 2515 2023; x_wconf 90' lang='lat' dir='ltr'>hujus</span> <span class='ocrx_word' id='word_1_107' title='bbox 2564 1931 2773 2023; x_wconf 88' lang='lat' dir='ltr'>igitur</span> <span class='ocrx_word' id='word_1_108' title='bbox 2798 1941 3031 2003; x_wconf 89' lang='lat' dir='ltr'>nostre</span> <span class='ocrx_word' id='word_1_109' title='bbox 3067 1928 3434 2002; x_wconf 88' lang='lat' dir='ltr'>confirma-</span> 
     </span>
     <span class='ocr_line' id='line_1_13' title="bbox 614 2049 3436 2148; baseline -0.001 -22"><span class='ocrx_word' id='word_1_110' title='bbox 614 2052 816 2126; x_wconf 83' lang='lat' dir='ltr'>tionis</span> <span class='ocrx_word' id='word_1_111' title='bbox 843 2052 1147 2125; x_wconf 82' lang='lat' dir='ltr'>futuram</span> <span class='ocrx_word' id='word_1_112' title='bbox 1173 2050 1578 2125; x_wconf 87' lang='lat' dir='ltr'>memoriam</span> <span class='ocrx_word' id='word_1_113' title='bbox 1611 2060 1683 2122; x_wconf 91' lang='lat' dir='ltr'>et</span> <span class='ocrx_word' id='word_1_114' title='bbox 1713 2052 2027 2124; x_wconf 85' lang='lat' dir='ltr'>stabilem</span> <span class='ocrx_word' id='word_1_115' title='bbox 2057 2049 2479 2143; x_wconf 85' lang='lat' dir='ltr'>firmitatem,</span> <span class='ocrx_word' id='word_1_116' title='bbox 2501 2073 2790 2146; x_wconf 86' lang='lat' dir='ltr'>presens</span> <span class='ocrx_word' id='word_1_117' title='bbox 2820 2053 3254 2148; x_wconf 90' lang='lat' dir='ltr'>privilegium</span> <span class='ocrx_word' id='word_1_118' title='bbox 3287 2052 3436 2125; x_wconf 85' lang='lat' dir='ltr'>fieri</span> 
     </span>
     <span class='ocr_line' id='line_1_14' title="bbox 615 2173 2435 2268; baseline -0.002 -19"><span class='ocrx_word' id='word_1_119' title='bbox 615 2185 686 2250; x_wconf 85' lang='lat' dir='ltr'>et</span> <span class='ocrx_word' id='word_1_120' title='bbox 708 2175 1087 2268; x_wconf 85' lang='lat' dir='ltr'>majestatis</span> <span class='ocrx_word' id='word_1_121' title='bbox 1118 2182 1353 2246; x_wconf 88' lang='lat' dir='ltr'>nostre</span> <span class='ocrx_word' id='word_1_122' title='bbox 1396 2173 1622 2266; x_wconf 89' lang='lat' dir='ltr'>sigillo</span> <span class='ocrx_word' id='word_1_123' title='bbox 1641 2173 1975 2265; x_wconf 89' lang='lat' dir='ltr'>jussimus</span> <span class='ocrx_word' id='word_1_124' title='bbox 1998 2174 2435 2245; x_wconf 93' lang='lat' dir='ltr'>communiri.</span> 
     </span>
    </p>

    <p class='ocr_par' dir='ltr' id='par_1_4' title="bbox 594 2296 3440 3136">
     <span class='ocr_line' id='line_1_15' title="bbox 709 2296 3438 2392; baseline -0.001 -21"><span class='ocrx_word' id='word_1_125' title='bbox 709 2300 930 2392; x_wconf 86' lang='lat' dir='ltr'>Hujus</span> <span class='ocrx_word' id='word_1_126' title='bbox 974 2297 1076 2369; x_wconf 90' lang='lat' dir='ltr'>rei</span> <span class='ocrx_word' id='word_1_127' title='bbox 1113 2306 1322 2370; x_wconf 88' lang='lat' dir='ltr'>testes</span> <span class='ocrx_word' id='word_1_128' title='bbox 1358 2306 1523 2368; x_wconf 91' lang='lat' dir='ltr'>sunt</span> <span class='ocrx_word' id='word_1_129' title='bbox 1555 2296 1972 2369; x_wconf 89' lang='lat' dir='ltr'>Bertholdus</span> <span class='ocrx_word' id='word_1_130' title='bbox 2005 2297 2489 2390; x_wconf 89' lang='lat' dir='ltr'>Aquilegensis</span> <span class='ocrx_word' id='word_1_131' title='bbox 2527 2297 2952 2392; x_wconf 86' lang='lat' dir='ltr'>patriarcha,</span> <span class='ocrx_word' id='word_1_132' title='bbox 2986 2297 3291 2369; x_wconf 85' lang='lat' dir='ltr'>Marinus</span> <span class='ocrx_word' id='word_1_133' title='bbox 3323 2319 3438 2369; x_wconf 89' lang='lat' dir='ltr'>ar·</span> 
     </span>
     <span class='ocr_line' id='line_1_16' title="bbox 614 2418 3439 2518; baseline -0.001 -22"><span class='ocrx_word' id='word_1_134' title='bbox 614 2422 1089 2518; x_wconf 88' lang='lat' dir='ltr'>chiepiscopus</span> <span class='ocrx_word' id='word_1_135' title='bbox 1105 2419 1448 2510; x_wconf 90' lang='lat' dir='ltr'>Barensis,</span> <span class='ocrx_word' id='word_1_136' title='bbox 1472 2418 1740 2492; x_wconf 89' lang='lat' dir='ltr'>Ulricus</span> <span class='ocrx_word' id='word_1_137' title='bbox 1760 2420 2200 2511; x_wconf 87' lang='lat' dir='ltr'>Tergestinus</span> <span class='ocrx_word' id='word_1_138' title='bbox 2224 2420 2616 2515; x_wconf 86' lang='lat' dir='ltr'>episcopus,</span> <span class='ocrx_word' id='word_1_139' title='bbox 2644 2420 2854 2491; x_wconf 82' lang='lat' dir='ltr'>frater</span> <span class='ocrx_word' id='word_1_140' title='bbox 2877 2419 3273 2492; x_wconf 88' lang='lat' dir='ltr'>Gerhardus</span> <span class='ocrx_word' id='word_1_141' title='bbox 3292 2442 3439 2493; x_wconf 89' lang='lat' dir='ltr'>ma-</span> 
     </span>
     <span class='ocr_line' id='line_1_17' title="bbox 611 2543 3440 2641; baseline -0.001 -21"><span class='ocrx_word' id='word_1_142' title='bbox 611 2549 825 2641; x_wconf 88' lang='lat' dir='ltr'>gister</span> <span class='ocrx_word' id='word_1_143' title='bbox 847 2546 1096 2618; x_wconf 89' lang='lat' dir='ltr'>domus</span> <span class='ocrx_word' id='word_1_144' title='bbox 1119 2545 1368 2617; x_wconf 90' lang='lat' dir='ltr'>Sancte</span> <span class='ocrx_word' id='word_1_145' title='bbox 1392 2543 1605 2617; x_wconf 88' lang='lat' dir='ltr'>Marie</span> <span class='ocrx_word' id='word_1_146' title='bbox 1632 2543 2166 2616; x_wconf 86' lang='lat' dir='ltr'>Teutonicorum</span> <span class='ocrx_word' id='word_1_147' title='bbox 2192 2544 2262 2614; x_wconf 93' lang='lat' dir='ltr'>in</span> <span class='ocrx_word' id='word_1_148' title='bbox 2285 2544 2691 2633; x_wconf 85' lang='lat' dir='ltr'>Jerusalem,</span> <span class='ocrx_word' id='word_1_149' title='bbox 2730 2544 3067 2615; x_wconf 85' lang='lat' dir='ltr'>Henricus</span> <span class='ocrx_word' id='word_1_150' title='bbox 3098 2544 3440 2637; x_wconf 86' lang='lat' dir='ltr'>Aquensis</span> 
     </span>
     <span class='ocr_line' id='line_1_18' title="bbox 612 2667 3433 2766; baseline -0.002 -23"><span class='ocrx_word' id='word_1_151' title='bbox 612 2669 1002 2766; x_wconf 88' lang='lat' dir='ltr'>prepositus</span> <span class='ocrx_word' id='word_1_152' title='bbox 1033 2667 1406 2764; x_wconf 88' lang='lat' dir='ltr'>imperialis</span> <span class='ocrx_word' id='word_1_153' title='bbox 1445 2667 1602 2739; x_wconf 91' lang='lat' dir='ltr'>aule</span> <span class='ocrx_word' id='word_1_154' title='bbox 1635 2669 2179 2762; x_wconf 84' lang='lat' dir='ltr'>protonotarius,</span> <span class='ocrx_word' id='word_1_155' title='bbox 2217 2667 2623 2762; x_wconf 88' lang='lat' dir='ltr'>Rudolphus</span> <span class='ocrx_word' id='word_1_156' title='bbox 2655 2688 2889 2740; x_wconf 92' lang='lat' dir='ltr'>comes</span> <span class='ocrx_word' id='word_1_157' title='bbox 2921 2668 3011 2739; x_wconf 91' lang='lat' dir='ltr'>de</span> <span class='ocrx_word' id='word_1_158' title='bbox 3041 2668 3433 2760; x_wconf 90' lang='lat' dir='ltr'>Habsburg,</span> 
     </span>
     <span class='ocr_line' id='line_1_19' title="bbox 612 2790 3437 2885; baseline -0.001 -19"><span class='ocrx_word' id='word_1_159' title='bbox 612 2793 997 2867; x_wconf 88' lang='lat' dir='ltr'>Fridericus</span> <span class='ocrx_word' id='word_1_160' title='bbox 1037 2791 1276 2885; x_wconf 91' lang='lat' dir='ltr'>junior</span> <span class='ocrx_word' id='word_1_161' title='bbox 1320 2790 1779 2885; x_wconf 86' lang='lat' dir='ltr'>burggravius</span> <span class='ocrx_word' id='word_1_162' title='bbox 1810 2790 1899 2862; x_wconf 91' lang='lat' dir='ltr'>de</span> <span class='ocrx_word' id='word_1_163' title='bbox 1936 2791 2332 2884; x_wconf 90' lang='lat' dir='ltr'>Nurnberg,</span> <span class='ocrx_word' id='word_1_164' title='bbox 2368 2790 2722 2863; x_wconf 91' lang='lat' dir='ltr'>Conradus</span> <span class='ocrx_word' id='word_1_165' title='bbox 2753 2790 2842 2862; x_wconf 89' lang='lat' dir='ltr'>de</span> <span class='ocrx_word' id='word_1_166' title='bbox 2874 2790 3260 2882; x_wconf 88' lang='lat' dir='ltr'>Hoenlohe,</span> <span class='ocrx_word' id='word_1_167' title='bbox 3292 2792 3437 2862; x_wconf 89' lang='lat' dir='ltr'>An-</span> 
     </span>
     <span class='ocr_line' id='line_1_20' title="bbox 614 2915 3431 3010; baseline -0.001 -19"><span class='ocrx_word' id='word_1_168' title='bbox 614 2920 872 2991; x_wconf 88' lang='lat' dir='ltr'>selmus</span> <span class='ocrx_word' id='word_1_169' title='bbox 895 2916 1134 3010; x_wconf 91' lang='lat' dir='ltr'>junior</span> <span class='ocrx_word' id='word_1_170' title='bbox 1165 2916 1254 2988; x_wconf 92' lang='lat' dir='ltr'>de</span> <span class='ocrx_word' id='word_1_171' title='bbox 1297 2915 1683 3008; x_wconf 79' lang='lat' dir='ltr'>lustingen,</span> <span class='ocrx_word' id='word_1_172' title='bbox 1718 2915 2017 2987; x_wconf 88' lang='lat' dir='ltr'>Wiricus</span> <span class='ocrx_word' id='word_1_173' title='bbox 2053 2915 2140 2987; x_wconf 93' lang='lat' dir='ltr'>de</span> <span class='ocrx_word' id='word_1_174' title='bbox 2169 2915 2456 3005; x_wconf 89' lang='lat' dir='ltr'>Dhune,</span> <span class='ocrx_word' id='word_1_175' title='bbox 2496 2915 2879 2987; x_wconf 87' lang='lat' dir='ltr'>Ludevicus</span> <span class='ocrx_word' id='word_1_176' title='bbox 2905 2915 2995 2988; x_wconf 90' lang='lat' dir='ltr'>de</span> <span class='ocrx_word' id='word_1_177' title='bbox 3023 2915 3431 3007; x_wconf 83' lang='lat' dir='ltr'>Virnsbach,</span> 
     </span>
     <span class='ocr_line' id='line_1_21' title="bbox 594 3041 1334 3136; baseline -0.008 -20"><span class='ocrx_word' id='word_1_178' title='bbox 594 3052 688 3115; x_wconf 89' lang='lat' dir='ltr'>-et</span> <span class='ocrx_word' id='word_1_179' title='bbox 716 3042 834 3115; x_wconf 89' lang='lat' dir='ltr'>alii</span> <span class='ocrx_word' id='word_1_180' title='bbox 861 3041 1334 3136; x_wconf 88' lang='lat' dir='ltr'>quamplures.</span> 
     </span>
    </p>

    <p class='ocr_par' dir='ltr' id='par_1_5' title="bbox 618 3162 3440 3628">
     <span class='ocr_line' id='line_1_22' title="bbox 714 3162 3433 3254; baseline -0.001 -16"><span class='ocrx_word' id='word_1_181' title='bbox 714 3165 887 3238; x_wconf 86' lang='lat' dir='ltr'>Acta</span> <span class='ocrx_word' id='word_1_182' title='bbox 923 3174 1087 3235; x_wconf 89' lang='lat' dir='ltr'>sunt</span> <span class='ocrx_word' id='word_1_183' title='bbox 1121 3163 1253 3235; x_wconf 88' lang='lat' dir='ltr'>hec</span> <span class='ocrx_word' id='word_1_184' title='bbox 1293 3184 1478 3234; x_wconf 90' lang='lat' dir='ltr'>anno</span> <span class='ocrx_word' id='word_1_185' title='bbox 1523 3162 1870 3235; x_wconf 89' lang='lat' dir='ltr'>dominice</span> <span class='ocrx_word' id='word_1_186' title='bbox 1902 3162 2395 3235; x_wconf 90' lang='lat' dir='ltr'>incarnationis</span> <span class='ocrx_word' id='word_1_187' title='bbox 2437 3162 2531 3235; x_wconf 88' lang='lat' dir='ltr'>M.</span> <span class='ocrx_word' id='word_1_188' title='bbox 2554 3162 2673 3234; x_wconf 90' lang='lat' dir='ltr'>CC.</span> <span class='ocrx_word' id='word_1_189' title='bbox 2696 3163 2902 3252; x_wconf 88' lang='lat' dir='ltr'><strong>XLII,</strong></span> <span class='ocrx_word' id='word_1_190' title='bbox 2951 3184 3186 3233; x_wconf 89' lang='lat' dir='ltr'>mense</span> <span class='ocrx_word' id='word_1_191' title='bbox 3224 3163 3433 3254; x_wconf 89' lang='lat' dir='ltr'>maio,</span> 
     </span>
     <span class='ocr_line' id='line_1_23' title="bbox 618 3285 3440 3382; baseline -0.001 -19"><span class='ocrx_word' id='word_1_192' title='bbox 618 3289 740 3363; x_wconf 89' lang='lat' dir='ltr'>XV</span> <span class='ocrx_word' id='word_1_193' title='bbox 780 3287 1151 3360; x_wconf 89' lang='lat' dir='ltr'>indictione</span> <span class='ocrx_word' id='word_1_194' title='bbox 1171 3340 1191 3377; x_wconf 96' lang='lat'>,</span> <span class='ocrx_word' id='word_1_195' title='bbox 1236 3286 1620 3382; x_wconf 85' lang='lat' dir='ltr'>imperante</span> <span class='ocrx_word' id='word_1_196' title='bbox 1664 3285 1946 3358; x_wconf 91' lang='lat' dir='ltr'>domino</span> <span class='ocrx_word' id='word_1_197' title='bbox 1990 3296 2231 3358; x_wconf 93' lang='lat' dir='ltr'>nostro</span> <span class='ocrx_word' id='word_1_198' title='bbox 2267 3285 2609 3357; x_wconf 90' lang='lat' dir='ltr'>Friderico</span> <span class='ocrx_word' id='word_1_199' title='bbox 2643 3285 3057 3381; x_wconf 88' lang='lat' dir='ltr'>imperatore</span> <span class='ocrx_word' id='word_1_200' title='bbox 3092 3287 3440 3378; x_wconf 90' lang='lat' dir='ltr'>gloriosis-</span> 
     </span>
     <span class='ocr_line' id='line_1_24' title="bbox 621 3408 3437 3507; baseline -0.002 -22"><span class='ocrx_word' id='word_1_201' title='bbox 621 3411 793 3485; x_wconf 92' lang='lat' dir='ltr'>simo</span> <span class='ocrx_word' id='word_1_202' title='bbox 837 3431 1111 3506; x_wconf 91' lang='lat' dir='ltr'>semper</span> <span class='ocrx_word' id='word_1_203' title='bbox 1152 3419 1483 3501; x_wconf 81' lang='lat' dir='ltr'>augusto,</span> <span class='ocrx_word' id='word_1_204' title='bbox 1542 3409 1920 3483; x_wconf 86' lang='lat' dir='ltr'>Jerusalem</span> <span class='ocrx_word' id='word_1_205' title='bbox 1979 3417 2050 3480; x_wconf 89' lang='lat' dir='ltr'>et</span> <span class='ocrx_word' id='word_1_206' title='bbox 2089 3408 2317 3480; x_wconf 92' lang='lat' dir='ltr'>Sicilie</span> <span class='ocrx_word' id='word_1_207' title='bbox 2364 3428 2560 3501; x_wconf 89' lang='lat' dir='ltr'>rege,</span> <span class='ocrx_word' id='word_1_208' title='bbox 2612 3430 2799 3481; x_wconf 91' lang='lat' dir='ltr'>anno</span> <span class='ocrx_word' id='word_1_209' title='bbox 2837 3410 3126 3482; x_wconf 89' lang='lat' dir='ltr'>Romani</span> <span class='ocrx_word' id='word_1_210' title='bbox 3168 3410 3437 3507; x_wconf 89' lang='lat' dir='ltr'>imperii</span> 
     </span>
     <span class='ocr_line' id='line_1_25' title="bbox 622 3509 3436 3628; baseline -0.001 -21"><span class='ocrx_word' id='word_1_211' title='bbox 622 3538 773 3628; x_wconf 89' lang='lat' dir='ltr'>ejus</span> <span class='ocrx_word' id='word_1_212' title='bbox 795 3536 1004 3623; x_wconf 89' lang='lat' dir='ltr'>XXII,</span> <span class='ocrx_word' id='word_1_213' title='bbox 1028 3533 1226 3627; x_wconf 89' lang='lat' dir='ltr'>regni</span> <span class='ocrx_word' id='word_1_214' title='bbox 1250 3533 1627 3605; x_wconf 84' lang='lat' dir='ltr'>Jerusalem</span> <span class='ocrx_word' id='word_1_215' title='bbox 1654 3532 1894 3621; x_wconf 90' lang='lat' dir='ltr'>XVIII,</span> <span class='ocrx_word' id='word_1_216' title='bbox 1928 3531 2123 3624; x_wconf 92' lang='lat' dir='ltr'>regni</span> <span class='ocrx_word' id='word_1_217' title='bbox 2151 3552 2318 3603; x_wconf 88' lang='lat' dir='ltr'>vero</span> <span class='ocrx_word' id='word_1_218' title='bbox 2351 3532 2578 3603; x_wconf 91' lang='lat' dir='ltr'>Sicilie</span> <span class='ocrx_word' id='word_1_219' title='bbox 2601 3533 2805 3624; x_wconf 86' lang='lat' dir='ltr'>XLV,</span> <span class='ocrx_word' id='word_1_220' title='bbox 2835 3533 3146 3606; x_wconf 85' lang='lat' dir='ltr'>feliciter.</span> <span class='ocrx_word' id='word_1_221' title='bbox 3180 3509 3436 3606; x_wconf 67' lang='lat' dir='ltr'>Amffl.</span> 
     </span>
    </p>

    <p class='ocr_par' dir='ltr' id='par_1_6' title="bbox 713 3655 2716 3753">
     <span class='ocr_line' id='line_1_26' title="bbox 713 3655 2716 3753; baseline -0.001 -23"><span class='ocrx_word' id='word_1_222' title='bbox 713 3659 967 3730; x_wconf 89' lang='lat' dir='ltr'>Datum</span> <span class='ocrx_word' id='word_1_223' title='bbox 993 3659 1251 3753; x_wconf 90' lang='lat' dir='ltr'>Capue,</span> <span class='ocrx_word' id='word_1_224' title='bbox 1279 3678 1493 3748; x_wconf 94' lang='lat' dir='ltr'>anno,</span> <span class='ocrx_word' id='word_1_225' title='bbox 1532 3677 1771 3728; x_wconf 90' lang='lat' dir='ltr'>mense</span> <span class='ocrx_word' id='word_1_226' title='bbox 1804 3666 1872 3728; x_wconf 89' lang='lat' dir='ltr'>et</span> <span class='ocrx_word' id='word_1_227' title='bbox 1901 3655 2276 3728; x_wconf 89' lang='lat' dir='ltr'>indictione</span> <span class='ocrx_word' id='word_1_228' title='bbox 2297 3655 2716 3751; x_wconf 88' lang='lat' dir='ltr'>prescriptis.</span> 
     </span>
    </p>
   </div>
   <div class='ocr_carea' id='block_1_3' title="bbox 726 4178 3754 4290">
    <p class='ocr_par' dir='ltr' id='par_1_7' title="bbox 726 4178 3754 4290">
     <span class='ocr_line' id='line_1_27' title="bbox 726 4178 3754 4290; baseline 0 -28"><span class='ocrx_word' id='word_1_229' title='bbox 726 4180 1186 4286; x_wconf 78' lang='lat' dir='ltr'>FrideriouS,</span> <span class='ocrx_word' id='word_1_230' title='bbox 1256 4181 1775 4265; x_wconf 87' lang='lat' dir='ltr'>Romanorum</span> <span class='ocrx_word' id='word_1_231' title='bbox 1848 4182 2288 4290; x_wconf 85' lang='lat' dir='ltr'>imperator,</span> <span class='ocrx_word' id='word_1_232' title='bbox 2368 4178 2756 4263; x_wconf 87' lang='lat' dir='ltr'>sororibus</span> <span class='ocrx_word' id='word_1_233' title='bbox 2829 4179 3117 4261; x_wconf 87' lang='lat' dir='ltr'>ordinis</span> <span class='ocrx_word' id='word_1_234' title='bbox 3190 4179 3427 4262; x_wconf 89' lang='lat' dir='ltr'>sancti</span> <span class='ocrx_word' id='word_1_235' title='bbox 3559 4182 3754 4280; x_wconf 47' lang='lat'>03¹3?</span> 
     </span>
    </p>
   </div>
   <div class='ocr_carea' id='block_1_4' title="bbox 624 4309 3426 4549">
    <p class='ocr_par' dir='ltr' id='par_1_8' title="bbox 624 4309 3426 4549">
     <span class='ocr_line' id='line_1_28' title="bbox 624 4309 3426 4422; baseline 0 -29"><span class='ocrx_word' id='word_1_236' title='bbox 624 4311 1029 4422; x_wconf 85' lang='lat' dir='ltr'>Augustini</span> <span class='ocrx_word' id='word_1_237' title='bbox 1085 4314 1291 4422; x_wconf 87' lang='lat' dir='ltr'>apud</span> <span class='ocrx_word' id='word_1_238' title='bbox 1340 4314 1842 4398; x_wconf 87' lang='lat' dir='ltr'>Wizenburch</span> <span class='ocrx_word' id='word_1_239' title='bbox 1881 4339 2168 4417; x_wconf 86' lang='lat' dir='ltr'>aream,</span> <span class='ocrx_word' id='word_1_240' title='bbox 2217 4312 2315 4392; x_wconf 89' lang='lat' dir='ltr'>ad</span> <span class='ocrx_word' id='word_1_241' title='bbox 2359 4309 2983 4421; x_wconf 85' lang='lat' dir='ltr'>Rudigershuobe</span> <span class='ocrx_word' id='word_1_242' title='bbox 3029 4311 3426 4418; x_wconf 88' lang='lat' dir='ltr'>pertinen-</span> 
     </span>
     <span class='ocr_line' id='line_1_29' title="bbox 624 4446 1119 4549; baseline 0.006 -26"><span class='ocrx_word' id='word_1_243' title='bbox 624 4450 813 4549; x_wconf 87' lang='lat' dir='ltr'>tem,</span> <span class='ocrx_word' id='word_1_244' title='bbox 853 4446 1119 4528; x_wconf 86' lang='lat' dir='ltr'>donat.</span> 
     </span>
    </p>
   </div>
   <div class='ocr_carea' id='block_1_5' title="bbox 781 4654 3427 4826">
    <p class='ocr_par' dir='ltr' id='par_1_9' title="bbox 781 4654 3427 4826">
     <span class='ocr_line' id='line_1_30' title="bbox 786 4654 3427 4739; baseline -0.002 -20"><span class='ocrx_word' id='word_1_245' title='bbox 786 4658 1056 4736; x_wconf 82' lang='lat' dir='ltr'>(Editum</span> <span class='ocrx_word' id='word_1_246' title='bbox 1082 4662 1145 4719; x_wconf 83' lang='lat' dir='ltr'>in</span> <span class='ocrx_word' id='word_1_247' title='bbox 1170 4659 1442 4739; x_wconf 72' lang='lat' dir='ltr'>Scaurz,</span> <span class='ocrx_word' id='word_1_248' title='bbox 1484 4659 1658 4739; x_wconf 61' lang='lat' dir='ltr'>Com.</span> <span class='ocrx_word' id='word_1_249' title='bbox 1694 4657 1831 4720; x_wconf 71' lang='lat' dir='ltr'>laist.</span> <span class='ocrx_word' id='word_1_250' title='bbox 1862 4654 2331 4738; x_wconf 74' lang='lat' dir='ltr'>Brandeuburq.,</span> <span class='ocrx_word' id='word_1_251' title='bbox 2362 4657 2591 4736; x_wconf 83' lang='lat' dir='ltr'>sylloge</span> <span class='ocrx_word' id='word_1_252' title='bbox 2615 4665 2712 4733; x_wconf 84' lang='lat'>77,</span> <span class='ocrx_word' id='word_1_253' title='bbox 2746 4673 2912 4719; x_wconf 89' lang='lat' dir='ltr'>num.</span> <span class='ocrx_word' id='word_1_254' title='bbox 2943 4666 3040 4729; x_wconf 82' lang='grc'>45,</span> <span class='ocrx_word' id='word_1_255' title='bbox 3078 4674 3152 4717; x_wconf 86' lang='lat' dir='ltr'>ex</span> <span class='ocrx_word' id='word_1_256' title='bbox 3189 4657 3427 4718; x_wconf 79' lang='lat' dir='ltr'>archivo</span> 
     </span>
     <span class='ocr_line' id='line_1_31' title="bbox 781 4766 3106 4826; baseline -0.003 0"><span class='ocrx_word' id='word_1_257' title='bbox 781 4766 889 4826; x_wconf 85' lang='lat' dir='ltr'>VI.</span> <span class='ocrx_word' id='word_1_258' title='bbox 1487 4778 1495 4786; x_wconf 90' lang='lat'><strong>·</strong></span> <span class='ocrx_word' id='word_1_259' title='bbox 3076 4772 3106 4819; x_wconf 82' lang='grc' dir='ltr'>-ι</span> 
     </span>
    </p>
   </div>
  </div>
 </body>
</html>
