4364 5738
1014 557 1127 617 156
2001 558 2427 619 vammum
2480 561 2822 622 Ssscmml
3437 560 3601 639 [Arm.
3638 562 3813 623 1244.

1104 692 1525 781 FridericuS‚
1566 694 1689 765 Dei
1725 694 1947 786 gratia
1977 693 2447 766 Romanorum
2495 696 2871 791 imperator
2903 714 3177 788 semper
3213 695 3581 788 augustus,
3616 698 3815 769 Jeru-

1007 816 1220 885 salem
1256 825 1325 887 et
1362 816 1586 888 Sicilie
1621 839 1773 888 rex.
1822 818 1952 888 Per
1989 837 2275 911 presens
2307 817 2641 912 scriptum
2688 828 2930 889 notum
2979 817 3267 888 facimus
3306 819 3647 892 universis
3693 821 3816 893 im-

1007 940 1177 1033 perii
1225 938 1545 1011 fidelibus
1601 950 1740 1012 tam
1790 940 2232 1035 presentibus
2290 962 2498 1032 quam
2551 941 2800 1011 futuris
2841 939 3030 1032 quod
3073 961 3204 1011 nos
3255 939 3684 1015 confidentes
3732 944 3819 1016 de

1005 1063 1370 1157 prudentia
1407 1073 1476 1134 et
1518 1062 1852 1135 fidelitate
1883 1055 2210 1134 Manue'lli
2256 1064 2459 1136 Guidi
2501 1067 2714 1135 Busse
2761 1064 2850 1135 de
2893 1064 3090 1136 Senis
3134 1062 3359 1136 fidelis
3407 1067 3659 1156 nostri,
3708 1088 3815 1138 re-

1002 1197 1204 1281 cepto
1248 1188 1340 1258 ab
1394 1209 1479 1259 eo
1527 1186 1878 1258 fidelitatis
1924 1197 1992 1258 et
2031 1186 2236 1258 officii
2288 1179 2529 1259 'debito
2575 1187 2961 1260 secundum
3008 1175 3578 1260 consuetudinem
3622 1191 3813 1281 J‘ura-

1002 1323 1266 1397 mento,
1293 1311 1656 1382 statuimus
1683 1312 1907 1405 ipsum
1936 1312 2299 1403 publicum'
2328 1311 2766 1384 tabellionem
2805 1312 3073 1407 imperii
3105 1296 3183 1382 ut
3210 1313 3533 1384 ammodo
3560 1314 3812 1406 ubique

1001 1427 1127 1531 per
1174 1435 1541 1529 imperium
1597 1434 1811 1529 ipsius
1869 1435 2352 1506 tabellionatus
2406 1435 2709 1507 officium
2760 1435 2852 1506 ad
2905 1435 3243 1507 bonorem
3301 1446 3371 1507 et
3412 1434 3812 1510 fidelitatem

1000 1568 1305 1631 nostram
1354 1559 1608 1630 debeat
1641 1557 1938 1630 fideliter
1979 1580 2333 1630 exercere.
2377 1560 2715 1644 Quocirca
2756 1558 3071 1630 fidelitati
3103 1567 3333 1631 vestre
3370 1561 3810 1656 precipiendo

998 1683 1412 1754 mandamus
1453 1695 1794 1775 quatenus
1843 1683 1932 1754 de
1974 1683 2296 1754 omnibus
2337 1703 2474 1776 que
2527 1685 2616 1756 ad
2672 1684 2931 1779 publici
2980 1685 3464 1756 tabellionatus
3513 1686 3810 1758 officium

997 1817 1308 1901 spectare
1334 1817 1740 1898 noscuntur,
1769 1808 1954 1879 dicto
1976 1807 2321 1879 Manuello
2351 1806 2540 1880 fideli
2572 1781 2811 1880 nostro
2843 1808 3217 1880 intendatis
3241 1819 3311 1879 et
3336 1810 3810 1904 respondeatis

996 1941 1067 2002 et
1112 1932 1608 2026 responderitis
1659 1932 1748 2003 de
1795 1943 2026 2003 cetero
2068 1931 2157 2003 ad
2209 1930 2544 2004 honorem
2578 1943 2648 2003 et
2695 1931 3099 2004 fidelitatem
3132 1942 3438 2004 nostram
3484 1944 3809 2027 tanquam

991 2055 1271 2150 publico
1316 2056 1673 2128 tabellioni
1715 2056 1987 2151 imperii
2032 2077 2074 2127 a
2110 2068 2347 2127 nostra
2384 2058 2746 2148 majestate
2779 2066 3064 2147 statuto,
3106 2078 3237 2128 nec
3263 2057 3509 2148 aliquis
3556 2057 3645 2128 sit
3688 2058 3805 2150 qui

991 2201 1152 2251 eum
1188 2202 1397 2276 super
1432 2181 1658 2276 ipsum
1692 2179 1992 2253 officium
2026 2190 2286 2252 temere
2321 2179 2653 2275 impediat
2689 2181 2803 2251 vel
2840 2181 3221 2275 perturbet.
3265 2180 3466 2267 Quod
3493 2181 3616 2274 qui
3648 2202 3803 2277 pre-

989 2304 1359 2401 sumpserit
1385 2304 1930 2396 indignationem
1966 2305 2184 2376 nostri
2214 2303 2531 2375 culminis
2558 2325 2633 2375 se
2661 2305 2936 2376 noverit
2963 2304 3422 2375 incursurum.
3457 2304 3567 2375 Ad
3600 2304 3802 2397 hujus

987 2436 1220 2501 autem
1264 2430 1367 2500 rei
1407 2428 1810 2501 memoriam
1859 2438 1929 2499 et
1974 2429 2292 2498 stabilem
2341 2425 2772 2520 firmitatem,
2826 2450 3115 2524 presens
3159 2430 3489 2523 scriptum
3537 2427 3685 2500 fleri
3733 2438 3802 2500 et

987 2552 1212 2644 sigillo
1243 2553 1621 2643 majestatis
1652 2562 1886 2622 nostre
1912 2552 2244 2643 jussimus
2278 2551 2714 2623 communiri.

1083 2677 1331 2746 Datum
1362 2676 1699 2765 Grosseti,
1737 2696 1921 2747 anno
1960 2675 2306 2748 dominice
2348 2676 2839 2747 incarnationis
2873 2676 3240 2748 millesimo
3272 2675 3797 2814 quadragesimo

987 2801 1215 2890 tertio,
1255 2822 1490 2873 mense
1517 2800 1844 2893 januarii,
1885 2800 2191 2873 secunda
2227 2800 2675 2873 indictione.

634 3231 692 3283 {G
694 3243 812 3274 .....
815 3236 874 3340 22¹,
1089 3189 1343 3275 Novae
1398 3191 1970 3273 constitutiones
2032 3172 2507 3339 imperatoris
2567 3188 2922 3272 Friderici
2986 3189 3082 3271 de
3136 3188 3380 3272 officio
3452 3188 3794 3315 magistri

622 3286 735 3340 ³⁸⁸
707 3288 827 3328 Μ
975 3324 1360 3436 justitiarii
1407 3337 1481 3407 et
1528 3324 1872 3435 judicum
1930 3351 2253 3435 magnae
2305 3325 2600 3434 curiae,
2651 3325 2748 3406 de
2796 3323 3062 3405 litteris
3119 3323 3217 3404 ab
3267 3323 3534 3405 eadem
3587 3321 3793 3404 curia

983 3459 1521 3569 impetrandiS‚
1580 3459 1675 3540 de
1722 3460 2344 3566 pronunciatione
2399 3456 2809 3540 sententiae
2864 3454 3063 3538 infra
3117 3457 3376 3538 decem
3434 3455 3594 3537 dies
3619 3515 3643 3561 ,
3700 3453 3794 3534 de

977 3592 1505 3676 emendatione
1540 3591 2116 3700 oppressionum
2155 3604 2231 3674 et
2275 3592 2373 3673 de
2420 3591 2673 3675 forma
2727 3614 2952 3698 super
3005 3589 3258 3672 curiae
3311 3587 3582 3670 debitis
3634 3585 3789 3669 ob-

980 3726 1376 3811 servanda.

1145 3926 1323 4007 (Edit.
1356 3943 1452 4002 ap.
1479 3921 1774 3996 Cuiam,
1804 3919 2049 3982 Comtit.
2078 3917 2246 3997 reqm‘
2273 3912 2465 3988 Sicil„
2496 3934 2556 3992 p.
2581 3925 2657 3977 34
2673 3918 2733 3975 et
2753 3931 2907 3991 seq.;
2929 3929 3091 3973 nunc
3113 3911 3248 3972 coll.
3271 3926 3406 3972 cum
3433 3909 3620 3971 codic.
3643 3906 3784 3969 bibl.

1103 4038 1106 4043 ’
1216 4036 1413 4097 Cesar.
1443 4032 1632 4093 Paris.
1665 4028 1757 4091 Cf.
1798 4020 1953 4105 quid'
1970 4041 2149 4102 supra
2172 4027 2542 4095 monuimus,
2573 4027 2623 4083 t.
2656 4020 2762 4097 lv,
2793 4037 2931 4097 pars
2954 4019 3005 4093 1,
3035 4035 3096 4096 p.
3125 4015 3295 4096 255.)
3616 4044 3645 4055 υ

1858 4163 2038 4259 [1Βρ
2104 4188 2172 4279 1,
2236 4148 2421 4257 T1Tss
2484 4176 2903 4255 xxxvm.

1346 4344 1441 4411 De
1480 4342 1683 4436 officio
1727 4318 2037 4432 ηιαριέίνὶ
2071 4335 2442 4429 justitiarii
2486 4345 2547 4405 et
2574 4331 2887 4425 judicum
2935 4352 3172 4424 maqne
3221 4329 3427 4399 curie.

1079 4492 1266 4567 Nihil
1309 4500 1625 4563 veterum
1639 4490 2055 4643 principum
2088 4485 2483 4611 auctoritati
2518 4482 2943 4556 detrahimus
2973 4479 3080 4578 (l)
3115 4480 3174 4552 si
3206 4480 3410 4571 juxta
3449 4496 3788 4548 novorum

2055 4635 2209 4641 —m---
2494 4630 2863 4638 ..———1-—-0‘—·---
2866 4627 3153 4636 m-VW--
3354 4624 3453 4631 U·-
3463 4620 3785 4631 ο-οο-,α-.--

1051 4697 1125 4770 (4)
1160 4693 1240 4752 Ex
1263 4691 1369 4750 hoc
1405 4691 1644 4766 proemio
1639 4637 1922 4748 discimus
1943 4689 2032 4747 cui
2069 4691 2293 4761 tempori
2328 4688 2459 4745 istae
2483 4701 2653 4744 novae
2684 4684 3094 4742 constitutiones
3121 4625 3354 4738 adscribi
3383 4679 3636 4747 debeant,
3665 4689 3788 4733 cum
