4364 5738
539 625 742 683 11111161.
774 620 865 696 4.]
1432 609 1820 673 HISTORIA
1872 608 2462 671 mPLoMA'rch.
3232 611 3349 672 377

540 753 704 834 titia
757 746 1258 831 ministranda
1309 743 1661 826 fidelibus
1716 742 1875 825 suis
1918 742 2303 845 adveniat,
2348 743 2737 824 communi
2789 743 3175 825 Parmensi
3222 742 3351 852 jus

542 883 884 966 concedit
923 875 1450 986 interponendi
1484 876 1783 958 decreta
1819 899 1956 983 pro
1991 872 2331 982 pupillis,
2372 883 2657 955 tutores
2692 875 3027 980 creandi,
3067 901 3345 957 eman-

542 1014 841 1122 cipandi
905 1023 980 1094 et
1057 1007 1493 1091 insinuandi
1547 1015 1811 1112 testeS‚
1882 1005 2130 1088 forma
2197 1005 2763 1113 compositionis
2833 1006 3029 1088 inter
3098 1008 3352 1115 ipsum

540 1170 947 1230 commune
983 1153 1062 1225 et
1106 1142 1544 1249 episcopum
1589 1139 2075 1221 Parmensem
2116 1137 2234 1220 vel
2272 1137 2530 1246 aliqua
2576 1137 2724 1220 alia
2773 1137 2939 1247 lege
2994 1164 3145 1220 non
3191 1138 3350 1222 ob-

545 1288 815 1360 stante.

707 1584 903 1658 (Edld.
934 1583 1120 1655 Atro,
1153 1582 1312 1642 Scor.
1345 1580 1409 1640 di
1432 1582 1682 1650 Parma,
1714 1587 1764 1641 t.
1789 1580 1914 1659 111,
1940 1597 2000 1656 p.
2020 1590 2159 1655 383,
2195 1582 2259 1640 ln
2285 1579 2566 1656 append„
2595 1589 2662 1638 11ο
2690 1579 2938 1652 Lxxx3
2971 1580 3216 1640 mendas
3244 1596 3356 1640 au-

782 1696 905 1749 tem
932 1688 1321 1748 evidentiores
1349 1689 1759 1759 correximus.)

642 1921 1070 2010 Fredericus,
1093 1920 1218 1991 Dei
1244 1921 1465 2011 gratia
1496 1921 1960 1992 Romanorum
1993 1921 2368 2015 imperator
2398 1942 2672 2015 semper
2699 1930 3058 2012 augustuS,
3089 1922 3358 2015 Hyeru-

548 2045 764 2115 salem
795 2054 864 2114 et
890 2045 1115 2115 Sicilie
1150 2065 1302 2114 rex.
1333 2042 1682 2134 Contingit
1712 2043 2086 2134 aliquando
2118 2043 2306 2134 quod
2331 2043 2597 2134 justitie
2631 2025 2940 2114 debitum
2975 2043 3067 2113 ad
3093 2052 3360 2136 presta-

551 2163 808 2238 tionem
852 2167 1051 2257 cujus
1096 2166 1279 2257 regis
1326 2163 1627 2236 officium
1676 2175 1817 2236 tam
1855 2165 2242 2237 necessario
2288 2185 2498 2257 quam
2553 2175 2798 2258 sponte
2842 2164 3358 2257 constringitur,

549 2287 870 2360 fidelibus
896 2289 1148 2361 nostris
1176 2297 1246 2358 et
1273 2285 1566 2358 subditis
1592 2309 1719 2381 per
1743 2289 1935 2358 Italic
1963 2297 2196 2382 partes
2223 2287 2640 2379 ubicumque
2670 2287 2930 2358 diffusis
2957 2297 3197 2359 contra
3228 2310 3366 2360 ma-

542 2412 814 2504 jestatis
836 2421 1072 2483 nostre
1097 2410 1523 2505 propositum
1552 2410 2033 2499 subtrahatur3
2063 2410 2226 2501 quia
2254 2410 2424 2481 dum
2451 2410 2964 2500 emergentibus
2991 2409 3365 2504 reipublice

552 2534 760 2622 curiS,
783 2533 947 2627 ipsis
973 2533 1315 2627 presentia
1339 2543 1572 2603 nostre
1604 2532 1990 2622 serenitatis
2018 2533 2355 2603 amittitur
2371 2554 2501 2603 nec
2521 2533 2813 2602 aliorum
2829 2533 3144 2624 judicum
3168 2534 3367 2627 copia

553 2656 858 2750 suppetit
904 2656 1158 2748 quibus
1204 2656 1613 2727 auctoritate
1659 2664 1893 2727 nostra
1934 2656 2353 2748 pollentibus
2385 2666 2462 2725 ut
2490 2657 2646 2746 jura
2691 2655 3085 2749 petentibus
3124 2657 3362 2726 minis-

557 2789 848 2868 trentur,
886 2780 1196 2850 defectus
1225 2778 1387 2849 hinc
1419 2779 1583 2849 inde
1608 2778 1873 2872 justitie
1901 2779 2155 2850 nostris
2191 2777 2513 2849 fidelibus
2546 2779 2953 2873 deplorandi
2983 2776 3083 2877 (a)
3090 2832 3358 2850 ......

555 2901 841 2995 Propter
885 2902 1075 2994 quod
1116 2902 1417 2995 quedam
1451 2902 1628 2994 juris
1670 2902 2003 2974 solemnia
2048 2923 2186 2993 que
2231 2911 2369 2972 tam
2410 2903 2846 2996 prerogativa
2886 2924 3117 2973 rerum
3155 2925 3363 2995 quam

556 3023 918 3116 privilegio
963 3045 1419 3119 personarum
1461 3033 1697 3096 nostro
1739 3023 2090 3118 potissime
2132 3022 2439 3094 dominio
2479 3035 2640 3096 sunt
2679 3046 2980 3112 annexa,
3019 3026 3366 3119 plerisque

559 3143 878 3215 fidelibus
918 3146 1332 3239 explicanda
1372 3146 1900 3241 committimus3
1939 3145 2199 3217 scilicet
2236 3147 2306 3215 in
2349 3147 2482 3218 hoc
2520 3148 2846 3242 precipue
2887 3148 3163 3220 illorum
3201 3160 3366 3221 vota

558 3268 941 3361 petentium
967 3267 1293 3338 libentius
1318 3270 1802 3361 amplexamur
1822 3290 1998 3361 quos
2024 3290 2152 3363 per
2167 3269 2668 3362 experientiam
2698 3282 2766 3341 et
2794 3270 2931 3342 fide
2960 3272 3366 3366 conspicuos

474 3430 479 3437 -
561 3397 632 3458 et
687 3387 1181 3481 obsequiorum
1228 3390 1557 3460 continua
1604 3390 2028 3462 exhibitione
2076 3391 2367 3463 devotos
2412 3389 2841 3488 [noscimus],
2895 3416 3021 3488 per
3070 3418 3367 3488 quorum

558 3532 892 3605 personas
947 3512 1355 3584 auctoritate
1411 3513 1720 3584 suffultas
1779 3512 2092 3608 expediri
2136 3514 2527 3586 videbimus
2580 3515 2847 3604 omnia,
2900 3516 3067 3585 dum
3121 3518 3366 3588 merito

561 3645 797 3706 nostra
823 3636 1111 3706 facimus
1148 3635 1400 3727 quibus
1432 3637 1910 3710 auctoritatem
1951 3639 2168 3707 nostri
2214 3638 2530 3709 culminis
2561 3638 3014 3733 impartimur.
3050 3640 3223 3709 Hinc
3265 3649 3369 3710 est

562 3758 773 3849 igitur
814 3758 1004 3850 quod
1052 3759 1392 3852 presentis
1424 3758 1657 3852 scripti
1690 3759 1868 3830 serie
1901 3771 2142 3830 notum
2189 3757 2337 3829 fieri
2378 3760 2697 3830 volumus
2727 3759 3068 3831 universis
3100 3761 3370 3853 imperii

562 3878 882 3952 fidelibus
918 3892 1056 3953 tam
1090 3882 1527 3976 presentibus
1556 3904 1765 3974 quam
1800 3883 2048 3953 futuris
2084 3883 2273 3975 quod
2315 3905 2441 3954 nos
2481 3882 2919 3953 attendentes
2956 3881 3165 3953 fidem
3200 3904 3366 3955 con·

565 4011 859 4074 stantem
903 4013 973 4074 et
1008 4003 1447 4103 devotionem
1476 4005 1813 4076 sinceram
1844 4027 2053 4098 quam
2086 4026 2454 4077 commune
2485 4006 2727 4076 Parme
2762 4003 3001 4075 fideles
3033 4005 3250 4076 nostri
3277 4004 3368 4076 ad

568 4126 942 4215 majestatis
989 4136 1224 4198 nostre
1278 4148 1645 4221 personam
1696 4138 1765 4198 et
1818 4148 2089 4198 sacrum
2144 4126 2506 4220 imperium
2566 4126 2862 4216 habent,
2918 4147 3045 4220 pro
3101 4128 3368 4218 magnis

567 4268 868 4338 quoque,
905 4249 1120 4341 gratis
1147 4260 1215 4321 et
1242 4251 1543 4344 acceptis
1578 4250 1870 4322 servitiis
1901 4272 2037 4344 que
2070 4249 2415 4341 majestati
2443 4260 2677 4320 nostre
2710 4246 3178 4321 exhibuerunt
3203 4250 3366 4322 hac-

572 4377 771 4440 tenus
806 4369 1104 4443 fideliter
1144 4382 1214 4443 et
1249 4374 1501 4445 devote
1536 4382 1608 4444 et
1645 4395 1781 4465 que
1814 4372 2145 4444 exhibere
2189 4379 2516 4465 poterunt
2545 4371 2616 4440 in
2660 4381 2866 4443 antea
2902 4373 3240 4465 gratiora,
3276 4373 3369 4444 ad

570 4490 1140 4584 supplicationem
1182 4495 1492 4586 ejusdem
1526 4496 1909 4567 communis
1943 4504 2015 4565 et
2046 4493 2134 4565 de
2166 4493 2388 4586 gratia
2419 4503 2653 4566 nostra
2685 4497 3126 4568 concedimus
3149 4498 3267 4588 jus
3299 4506 3369 4566 et

656 4722 740 4806 (ὰ)
782 4726 874 4788 Ibi
900 4730 1149 4792 verbum
1177 4733 1375 4795 deesse
1401 4735 1652 4795 videtur.

728 4834 830 4895 VI.
2980 4850 3054 4899 48
