4364 5738
574 513 776 572 inmer.
809 508 902 586 2.]
1471 500 1867 562 HISTORIA
1915 502 2511 566 DIPLOMATIGA.
3290 513 3405 575 183

576 645 990 719 mandantes
1038 639 1267 712 edicto
1306 646 1652 732 quatenus
1691 638 1927 708 nullus
1969 637 2060 708 sit
2098 639 2221 731 qui
2280 661 2398 711 eas
2443 640 2515 710 in
2565 641 2877 734 predicto
2921 644 3128 717 feodo
3163 658 3405 721 contra

571 768 916 867 presentis
939 760 1402 838 concessionis
1429 769 1663 833 nostre
1690 760 2017 855 paginam
2048 772 2309 835 temere
2334 763 2674 858 impedire
2702 766 2813 836 vel
2845 768 3213 842 molestare
3238 793 3399 866 pre·

572 904 825 968 sumat.
866 890 1070 979 Quod
1111 886 1233 981 qui
1274 885 1776 980 presumpserit
1811 884 2365 977 indignationem
2400 888 2618 960 nostri
2660 889 2982 962 culminis
3022 913 3097 964 se
3129 896 3403 967 noverit

571 1020 1039 1092 incursurum.
1087 1011 1199 1084 Ad
1239 1010 1449 1103 hujus
1493 1009 1705 1101 igitur
1746 1020 1981 1082 nostre
2024 1012 2491 1084 concessionis
2535 1013 2839 1084 futuram
2884 1017 3288 1089 memoriam
3331 1030 3402 1091 et

572 1141 891 1213 stabilem
914 1134 1337 1224 firmitatem,
1364 1153 1651 1227 presens
1675 1132 2008 1228 scriptum
2037 1133 2189 1206 fieri
2221 1150 2292 1206 et
2322 1135 2697 1227 majestatis
2727 1147 2963 1210 nostre
3001 1139 3225 1231 sigillo
3245 1144 3398 1232 jus-

573 1266 787 1337 simus
814 1256 1252 1334 communiri.

666 1389 926 1459 Datum
965 1379 1155 1477 apud
1203 1377 1938 1473 Aquampendentem,
1984 1400 2170 1452 anno
2222 1380 2569 1455 dominice
2609 1384 3103 1458 incarnationis
3142 1388 3234 1460 M.
3265 1388 3387 1460 CC.

572 1506 1106 1604 quadragesimo
1138 1513 1422 1597 quarto,
1460 1523 1698 1574 mense
1734 1503 2008 1596 aprilis,
2039 1504 2347 1577 secunde
2376 1506 2795 1580 indictionis.

674 2070 1144 2176 FridericuS‚
1191 2068 1712 2150 Romanorum
1763 2067 2204 2175 imperator,
2254 2069 2350 2148 de
2403 2068 2720 2151 consilio
2765 2071 3178 2179 imperialis
3233 2102 3386 2158 cu—

566 2205 725 2287 riae
759 2202 1094 2286 decernit
1127 2201 1475 2283 homines
1511 2202 1607 2282 de
1644 2201 1985 2309 Arquata
2023 2201 2122 2281 ad
2167 2199 2543 2282 civitatem
2581 2200 3125 2288 Dertonensem
3162 2207 3390 2315 pleno

560 2336 733 2445 jure
779 2345 1117 2444 spectare
1159 2345 1234 2415 et
1265 2343 1637 2442 tanquam
1676 2332 2023 2415 subditos
2070 2332 2315 2414 eidem
2360 2333 2666 2415 obedire
2706 2335 3016 2444 debere3
3057 2339 3152 2420 de
3187 2367 3388 2423 con-

567 2495 794 2552 sensu
830 2479 1087 2549 tamen
1125 2465 1447 2549 civitatis
1492 2467 1799 2547 eosdem
1836 2465 2184 2576 homines
2236 2490 2282 2547 a
2321 2465 2578 2548 banno
2623 2479 2699 2550 et
2740 2494 2983 2575 poena
3029 2472 3391 2556 denario-

564 2627 741 2684 rum
791 2601 1054 2684 eximit
1090 2600 1171 2680 in
1211 2623 1449 2708 quam
1497 2609 1806 2706 propter
1850 2597 2195 2705 ipsorum
2231 2599 2790 2682 contumaciam
2829 2602 3273 2689 inciderant.

728 2789 1078 2869 (Memorat.
1120 2806 1213 2866 ap.
1255 2789 1477 2859 Cosa-A,
1523 2787 1785 2848 Cronaca
1821 2785 1885 2845 de·
1921 2786 2202 2859 Tor-tona,
2245 2805 2304 2863 p.
2353 2796 2460 2860 89,
2498 2787 2600 2847 ubi
2639 2788 2805 2849 locus
2846 2790 2968 2850 dati
3009 2794 3386 2854 instrumenti

800 2904 1038 2958 tantum
1069 2897 1400 2979 indicatur.
1418 2895 1846 2973 chronologicis
1878 2898 2038 2955 notis
2072 2897 2332 2969 omissis,
2363 2896 2499 2956 licet
2532 2896 2608 2956 ad
2646 2913 2871 2957 annum
2911 2907 3056 2959 ι244
3095 2905 3387 2962 sententia

803 3002 937 3063 luce
972 3001 1187 3062 clarius
1221 3001 1522 3062 referenda
1547 3000 1673 3079 sit.)

674 3164 926 3234 Datum
1024 3159 1214 3256 apud
1319 3159 2019 3255 Aquampendentem
2049 3213 2069 3251 ,
2168 3180 2354 3230 anno
2449 3160 2794 3233 dominice
2890 3161 3382 3240 incarnationis

561 3288 654 3360 M.
675 3286 797 3358 CC.
822 3283 1053 3375 XLIV,
1124 3334 1142 3352 .
1214 3334 1232 3352 .
1308 3332 3371 3362 ..........................

667 3832 1093 3917 Cardinalis
1119 3832 1435 3940 quidam
1461 3831 1923 3938 [imperatori
1953 3830 2815 3939 Constantinopolitano]
2836 3832 3144 3939 exponit
3167 3832 3377 3939 quod

556 3967 913 4049 dominus
978 3990 1180 4074 papa
1241 3989 1398 4046 non
1465 3963 1766 4047 videtur
1835 3964 2141 4047 credere
2197 3963 2448 4045 verbis
2502 3963 2981 4071 imperatoris
3036 3963 3132 4045 de
3191 3988 3377 4071 pace

555 4110 862 4208 propter
898 4097 1100 4181 facta
1134 4096 1514 4181 contraria
1551 4122 1751 4206 quae
1788 4095 2021 4178 sentit
2053 4095 2134 4176 in
2171 4094 2396 4178 Urbe.

718 4299 948 4379 (Edidit
972 4300 1085 4362 ΓΒ.
1112 4300 1350 4371 Emit„
1389 4296 1590 4359 Thone.
1630 4299 1775 4379 Gap.
1808 4296 2043 4360 dictam.
2076 4296 2297 4375 Epist„
2328 4302 2375 4356 t.
2403 4282 2455 4373 Ϊ,
2484 4313 2546 4373 p.
2582 4304 2872 4358 364-365.
2893 4330 2974 4342 -
3006 4297 3215 4360 Collat.
3239 4316 3376 4360 cum

793 4408 1047 4468 codicib.
1071 4406 1220 4467 bibl.
1254 4405 1452 4467 Cesar.
1484 4407 1700 4481 Paris„
1730 4422 1858 4465 ane.
1873 4401 2060 4483 sends
2087 4400 2265 4482 latin,
2294 4412 2361 4461 n⁰
2397 4411 2576 4479 8564,
2604 4402 2711 4465 fol.
2748 4412 2854 4464 121
2890 4412 3072 4492 recto,
3102 4411 3161 4465 et
3186 4413 3372 4478 8604,

792 4511 898 4573 fol.
933 4520 1034 4572 27.
1066 4512 1229 4572 Inter
1256 4526 1446 4571 annos
1492 4518 1644 4572 1236
1680 4516 1741 4571 et
1787 4518 1942 4571 1244
1971 4508 2194 4569 dlutius
2234 4507 2622 4585 haesitantes,
2652 4510 2897 4571 tandem
2925 4513 2986 4570 in
3011 4509 3125 4572 hoe
3164 4512 3376 4572 ultimo

792 4617 1102 4696 sistimus.)

3563 2088 3687 2142 Apud

3532 2141 3564 2181 Α
3595 2152 3725 2184 um·

3483 2152 3769 2289 vai-am»

3496 2299 3564 2340 vei
3584 2300 3751 2354 aprili-J

3496 3864 3715 3977 0153121
