4364 5738
1046 577 1167 639 506
2042 578 2473 643 rmnnmcl
2522 581 2870 643 suenum
3476 581 3642 660 [Anu.
3679 581 3856 643 1247.

702 1161 936 1262 ¹3⁰3&
1156 1144 1638 1231 Innocentius
1671 1175 1899 1257 papa,
1939 1148 2390 1256 Henricum,
2439 1176 2697 1261 regem
2745 1150 3010 1260 Cypri,
3053 1176 3097 1232 a
3131 1149 3564 1259 juramento
3606 1152 3860 1234 fideli-

1050 1276 1228 1360 tatis
1264 1282 1472 1389 quod
1498 1282 1877 1365 Friderico
1905 1284 2292 1392 quondam
2324 1284 2753 1393 imperatori
2780 1284 3178 1393 praestitit,
3213 1283 3565 1391 absolvit,
3603 1285 3858 1368 illum·

1053 1437 1204 1520 que
1239 1423 1312 1494 et
1347 1440 1670 1524 regnum
1708 1413 1873 1523 ejus
1913 1414 2057 1498 sub
2094 1441 2236 1497 sua
2269 1417 2726 1524 protectione
2765 1416 3104 1524 suscipit.

1219 1625 1419 1704 (adid.
1437 1645 1519 1687 nn
1541 1630 1676 1690 Mu
1693 1629 1947 1706 urunt,
1962 1628 2116 1689 Hm.
2136 1625 2209 1687 de
2229 1625 2347 1688 me
2367 1626 2438 1689 de
2458 1627 2704 1708 clamne,
2738 1637 2813 1689 1¹·
2831 1635 3010 1706 part„
3030 1630 3311 1706 Docum„
3331 1646 3394 1707 p.
3418 1640 3517 1705 63,
3537 1647 3616 1691 ox
3634 1631 3856 1693 collect,

1293 1733 1382 1794 La
1414 1735 1592 1795 Porte
1617 1735 1699 1795 du
1738 1735 1930 1807 Theil‚
1953 1737 2027 1797 B.
2049 1735 2149 1809 L„
2173 1744 2275 1816 21,
2294 1752 2393 1813 ap.
2421 1734 2577 1797 Blbl.
2610 1734 2812 1798 Cesar.
2837 1733 3054 1815 Paris.)

1152 1921 1622 2012 Innocentius,
1651 1931 1819 2013 etc.,
1851 1922 2147 1994 Henrico
2176 1921 2421 1992 illustri
2445 1922 2591 2014 regi
2619 1922 2826 2017 Cipri.
2855 1920 2965 1994 Ad
2997 1922 3336 2014 gremium
3371 1925 3608 1995 matris
3635 1925 3862 1997 Eccle-

1056 2043 1154 2116 sie
1195 2045 1326 2116 sub
1372 2046 1570 2138 cujus
1614 2047 1861 2117 umbra
1902 2045 2303 2139 quiescitur,
2345 2045 2467 2116 tibi
2509 2046 2710 2138 cujus
2752 2067 2947 2116 mens
2994 2067 3089 2115 ex
3136 2045 3463 2118 Friderici
3509 2046 3857 2139 quondam

1052 2170 1489 2265 imperatoris
1517 2170 1682 2242 olim
1716 2170 1970 2241 infecta
1997 2169 2317 2261 contagio
2345 2169 2659 2261 fluctuat,
2700 2193 2887 2241 nunc
2913 2171 3106 2242 velut
3138 2170 3525 2242 devotionis
3553 2170 3695 2243 filio
3728 2170 3856 2242 hu-

1053 2292 1309 2363 militer
1338 2291 1719 2364 recurrenti
1751 2291 2048 2362 libenter
2077 2291 2531 2381 occurrimuS,
2569 2302 2638 2362 et
2670 2301 2749 2362 ut
2782 2290 3080 2364 hominis
3113 2292 3472 2385 utriusque
3499 2291 3600 2389 (a)
3631 2293 3858 2386 quiete

1053 2414 1313 2509 perfrui
1340 2416 1576 2486 valeas
1603 2413 1964 2485 affectione
1994 2424 2282 2508 paterna
2304 2414 2630 2486 libentius
2658 2436 3136 2509 procuramus.
3164 2416 3274 2486 Ex
3300 2427 3496 2510 parte
3524 2416 3858 2509 siquidem

1057 2547 1174 2609 tua
1212 2539 1387 2609 lecta
1429 2559 1662 2610 coram
1696 2539 1896 2609 nobis
1932 2537 2266 2633 petitione
2311 2537 2765 2629 cognovimus
2811 2538 3000 2631 quod
3043 2538 3206 2609 olim
3250 2537 3474 2610 eidem
3519 2538 3859 2610 Friderico

1052 2662 1409 2759 prestitisti
1442 2659 1792 2735 fidelitatis
1830 2671 1898 2733 et
1934 2660 2238 2754 homagii
2264 2663 2763 2754 juramentum.
2803 2662 3003 2733 Unde
3038 2661 3354 2733 timorem
3386 2660 3662 2732 Domini
3694 2660 3863 2755 pari·

1053 2795 1162 2858 ter
1194 2797 1265 2858 et
1296 2807 1602 2857 amorem
1637 2785 1707 2856 in
1741 2784 1973 2857 animo
2008 2793 2127 2855 tuo
2160 2783 2381 2878 figens
2415 2795 2485 2856 et
2518 2785 2608 2858 ab
2646 2785 2835 2857 omni
2875 2785 3188 2878 ejusdem
3220 2784 3544 2856 Friderici
3581 2784 3862 2880 cupiens

1050 2910 1575 3005 participatione
1608 2909 1905 3001 sejungi,
1938 2908 2027 2980 ad
2047 2909 2297 2979 Sedem
2330 2908 2796 3004 Apostolicam
2829 2909 2941 2981 cui
2976 2918 3241 2979 tantum
3269 2908 3551 2979 subesse
3585 2907 3857 2980 deside-

1052 3052 1193 3120 raS,
1227 3032 1582 3103 humiliter
1607 3031 2002 3121 confugisti,
2023 3031 2249 3101 eidem
2273 3052 2431 3101 cum
2455 3032 2776 3104 instantia
2801 3033 3199 3127 supplicans
3221 3041 3300 3102 ut
3323 3041 3390 3103 te
3414 3053 3456 3103 a
3471 3032 3861 3124 juramento

1054 3154 1455 3247 hujusmodi
1513 3155 1904 3226 absolutum
1961 3164 2031 3225 et
2085 3175 2379 3245 regnum
2437 3164 2630 3226 tuum
2688 3157 2818 3228 sub
2867 3178 2990 3228 sua
3039 3154 3466 3250 protectione
3519 3156 3863 3249 suscipere

1054 3277 1484 3371 dignaretur.
1523 3277 1693 3349 Cum
1726 3276 1933 3368 igitur
1964 3276 2146 3347 idem
2185 3277 2572 3351 Fridericus
2604 3280 2725 3373 qui
2759 3280 2848 3349 de
2881 3289 3174 3374 patrono
3205 3277 3510 3349 Ecclesie
3544 3300 3863 3372 persecu·

1055 3410 1166 3476 tor
1197 3401 1478 3474 effectus
1520 3410 1591 3472 et
1627 3403 1716 3472 de
1759 3399 1901 3472 filio
1933 3400 2362 3493 degenerans
2398 3401 2470 3471 in
2511 3402 2943 3497 privignum,
2990 3411 3283 3473 matrem
3312 3402 3686 3475 Ecclesiam
3730 3423 3866 3495 que

1051 3527 1281 3623 ipsum
1309 3547 1352 3597 a
1379 3524 1741 3597 cunabulis
1777 3523 1950 3595 aluit
1977 3534 2048 3595 et
2074 3545 2285 3618 super
2329 3545 2571 3596 omnes
2614 3526 2801 3597 orbis
2849 3524 3199 3620 principes
3240 3526 3612 3616 exaltavit,
3649 3524 3864 3596 ancil-

1052 3651 1198 3722 lare
1218 3646 1316 3744 (b)
1349 3648 1507 3720 totis
1532 3648 1796 3719 viribus
1828 3646 2094 3737 nititur,
2140 3659 2211 3718 et
2245 3669 2502 3719 nomen
2544 3647 2789 3720 Christi
2823 3657 3107 3743 portans
3145 3649 3216 3718 in
3247 3670 3548 3720 vacuum
3577 3646 3865 3718 catholi-

1055 3796 1209 3846 cam
1236 3769 1445 3844 fidem
1474 3772 1857 3866 impugnat,
1892 3769 1962 3840 in
1996 3780 2235 3841 sancto
2266 3770 2709 3864 Lugdunensi
2740 3772 3032 3844 concilio
3057 3794 3099 3844 a
3123 3772 3322 3843 nobis
3349 3771 3462 3861 sit,
3486 3771 3865 3843 deliberato

1057 3896 1499 3969 existentium
1542 3894 1636 3965 ibi
1683 3893 1993 3965 omnium
2043 3894 2466 3988 prelatorum
2519 3895 2844 3985 consilio,
2879 3895 3208 3990 imper-ic,
3267 3895 3497 3987 regnis
3541 3893 3865 3986 omnique

1056 4021 1192 4093 alia
1224 4019 1558 4111 dignitate
1591 4017 1932 4113 privatus3
1972 4017 2294 4088 omnibus
2328 4017 2447 4110 qui
2481 4017 2544 4089 ei
2571 4018 2969 4109 juramento
2996 4017 3349 4092 fidelitatis
3386 4041 3510 4090 seu
3542 4040 3869 4112 quocum·

1057 4165 1196 4238 que
1236 4143 1372 4214 alio
1414 4141 1613 4214 titulo
1648 4141 2062 4211 tenebantur
2093 4141 2509 4233 generaliter
2536 4142 2905 4233 absolutis;
2961 4155 3028 4215 te
3070 4165 3279 4235 quem
3320 4151 3399 4213 ut
3444 4142 3870 4214 carissimum

1058 4264 1276 4338 filium
1307 4264 1718 4337 sinceritatis
1743 4262 2040 4335 brachiis
2068 4265 2579 4360 amplexamur,
2608 4264 2998 4338 devotionis
3030 4275 3149 4337 tue
3187 4265 3496 4337 inclinati
3522 4265 3872 4361 precibu8,

1144 4449 1227 4531 (a)
1272 4451 1492 4513 Sensus
1524 4451 1702 4528 paulo
1728 4451 2049 4531 obscurior,
2088 4455 2205 4514 nisi
2241 4453 2574 4533 significare
2604 4455 2747 4518 velit
2780 4457 2856 4517 de
2881 4456 3101 4534 dupllci
3136 4455 3375 4517 Henricl
3405 4472 3657 4533 persona
3690 4468 3876 4533 quam

1061 4575 1233 4641 agere
1258 4556 1453 4629 debet,
1482 4564 1550 4616 ut
1575 4562 1668 4617 vir
1697 4558 2049 4619 christianus
2075 4564 2137 4619 et
2162 4565 2233 4619 ut
2260 4576 2389 4621 rex.

1145 4663 1224 4746 (b)
1267 4665 1361 4726 Ita
1385 4663 1498 4725 sub
1522 4678 1698 4725 sensu
1727 4664 1922 4743 galllcl
1949 4664 2111 4725 ven-bl
2138 4666 2409 4727 asser-vm
