4364 5738
554 569 753 626 lnmcr.
791 563 879 638 l.]
1452 555 1846 619 HISTORIA
1898 556 2485 617 DlPLOMATlCA.
3255 557 3367 617 105

556 699 687 770 lice
733 695 932 767 Sedis
981 691 1358 763 antistitem
1381 743 1400 781 ,
1465 712 1591 784 per
1646 692 1927 762 fratrem
1983 690 2368 762 Gerardum
2419 690 2507 761 de
2565 690 2873 783 Malperg
2923 687 3026 785 (a)
3072 711 3366 762 venera·

556 822 766 894 bilem
825 816 1230 909 magistrum
1280 814 1531 886 domus
1574 816 1824 886 Sancte
1881 815 2095 885 Marie
2144 813 2726 886 Theutonicorum
2777 814 2847 884 in
2899 814 3362 903 Hierusalem,

557 943 943 1016 Ansaldum
979 939 1068 1011 de
1094 938 1295 1027 Mari,
1324 937 1500 1008 sacri
1538 937 1807 1031 imperii
1843 947 1914 1009 et
1951 938 2147 1028 regni
2185 938 2411 1009 Sicilie
2450 937 2922 1025 ammiratum,
2962 938 3361 1029 magistrum

556 1069 835 1139 Petrum
866 1064 956 1135 de
981 1061 1200 1132 Vinea
1240 1070 1310 1132 et
1344 1059 1744 1152 magistrum
1788 1059 2143 1132 Thadeum
2176 1060 2266 1132 de
2303 1063 2587 1149 Suessa,
2627 1080 2874 1152 magne
2911 1061 3100 1131 curie
3132 1073 3366 1134 nostre

548 1189 858 1282 judices,
907 1197 978 1257 et
1010 1184 1416 1276 magistrum
1452 1184 1822 1277 Rogerium
1871 1184 2396 1256 Porcastrellam
2431 1183 2773 1255 decanum
2818 1183 3362 1274 Messanensem,

558 1312 1029 1407 capellanum,
1079 1306 1320 1379 fideles
1357 1316 1663 1397 nostrOS‚
1713 1327 1888 1400 quos
1921 1308 2010 1379 de
2061 1308 2278 1378 latere
2319 1315 2556 1378 nostro
2602 1306 2695 1376 ad
2735 1315 3037 1378 vestram
3080 1329 3365 1401 presen-

558 1437 723 1507 tiam
764 1433 1226 1518 destinamuS,
1268 1441 1501 1503 nostre
1536 1431 1925 1502 serenitatis
1965 1431 2258 1502 nuncios
2293 1440 2365 1501 et
2405 1431 2703 1521 legatos,
2745 1442 3079 1524 concepte
3124 1432 3367 1524 spiritu

555 1531 946 1630 devotionis
983 1555 1414 1644 accedimus,
1448 1565 1519 1626 et
1554 1555 1626 1624 in
1679 1574 1917 1626 eorum
1963 1553 2282 1625 affatibus
2331 1562 2470 1624 tam
2519 1552 2770 1625 devote
2812 1574 3021 1645 quam
3063 1554 3370 1626 hilariter

558 1703 685 1753 nos
724 1690 959 1752 vestro
1004 1679 1405 1773 conspectui
1447 1687 1949 1772 presentamus.
1993 1678 2210 1748 Iidem
2241 1697 2411 1748 vero
2456 1676 2693 1747 nuncii
2736 1677 2985 1766 nostri,
3039 1687 3367 1771 tanquam

560 1806 796 1876 intime
851 1803 1106 1876 conscii
1157 1802 1535 1873 voluntatis
1562 1854 1581 1891 ,
1635 1809 1870 1872 nostre
1920 1799 2311 1872 devotionis
2363 1798 2456 1870 ad
2504 1808 2771 1893 patrem
2823 1820 3106 1871 veraces
3165 1810 3372 1873 erunt

560 1929 1007 2023 interpretes;
1048 1935 1186 1996 tam
1214 1945 1344 1996 nos
1374 1945 1586 2017 quam
1619 1926 1999 2017 potentiam
2029 1935 2367 2012 nostram,
2397 1923 2762 2016 imperium
2790 1943 2873 1995 ac
2901 1944 3143 2015 regna,
3174 1926 3371 2016 quic-

558 2050 731 2144 quid
763 2051 971 2121 etiam
999 2049 1067 2119 in
1102 2047 1304 2118 bonis
1339 2047 1592 2118 nostris
1624 2047 1884 2136 existit,
1928 2047 2178 2117 vestris
2206 2046 2657 2139 beneplacitis
2674 2098 2694 2135 ,
2736 2046 2826 2116 ad
2868 2045 3204 2117 honorem
3240 2049 3370 2120 Ec·

562 2176 770 2247 clesie
803 2184 874 2244 et
903 2174 1214 2244 favorem
1244 2170 1723 2242 omnimodum
1764 2170 2224 2242 ecclesiastice
2261 2168 2597 2239 libertatis
2613 2219 2632 2256 ,
2663 2178 3001 2259 quantum
3037 2191 3197 2240 cum
3230 2172 3373 2244 Deo

561 2297 770 2370 salvis
792 2298 953 2389 jure
983 2306 1055 2366 et
1083 2294 1345 2367 honore
1370 2295 1546 2366 sacri
1569 2293 1861 2366 Romani
1893 2292 2191 2388 imperii,
2219 2292 2586 2387 possimuS,
2612 2290 2939 2363 obnixius
2968 2292 3367 2386 offerentes;

559 2422 748 2492 illam
804 2419 895 2491 ad
955 2440 1083 2490 nos
1141 2419 1404 2489 utinam
1470 2418 1837 2491 reverendi
1895 2418 2189 2512 pastoris
2246 2415 2806 2489 benevolentiam
2865 2417 3146 2487 relaturi
3169 2471 3190 2509 ,
3249 2439 3374 2514 per

560 2564 770 2636 quam
811 2562 979 2634 erga
1018 2541 1325 2613 debitam
1367 2541 1582 2635 patris
1628 2541 2085 2613 reverentiam
2137 2548 2210 2610 et
2243 2558 2523 2611 omnem
2557 2537 3148 2622 honorificentiam
3198 2538 3372 2612 filia·

562 2668 732 2757 lem,
777 2665 938 2736 totis
982 2664 1341 2736 affectibus
1379 2684 1464 2736 ac
1506 2664 1814 2760 expertis
1855 2663 2248 2753 effectibus,
2295 2664 2452 2757 plus
2494 2683 2705 2758 quam
2744 2664 2994 2758 aliquis
3029 2665 3205 2737 alius
3244 2664 3369 2736 de·

560 2799 766 2861 votus
790 2786 973 2859 filius
999 2787 1461 2860 effundamur.

590 2901 597 2909 ’
657 2914 910 2984 Datum
940 2910 1131 3005 apud
1162 2912 1671 3008 Beneventum,
1702 2911 2030 2986 vicesimo
2071 2922 2274 2985 sexto
2304 2912 2483 3005 junii
2523 2910 2586 3006 (l
2604 2910 2660 3007 )‚
2695 2912 2913 3006 prime
2949 2912 3365 2985 indictionis.

1001 3193 1304 3203 ψ..-

673 3434 1093 3520 Fridericus
1108 3498 1130 3543 ,
1173 3435 1690 3519 Romanorum
1726 3436 2163 3544 imperator,
2204 3436 2574 3554 Landolfo
2620 3436 2967 3544 episcopo
3010 3435 3366 3520 Worma-

566 3567 824 3674 tiensi,
866 3569 1002 3652 toti
1053 3568 1255 3651 clero
1290 3568 1727 3677 populoque
1768 3567 1999 3677 hujus
2052 3568 2374 3652 civitatis
2410 3568 2779 3676 promittit
2821 3568 3029 3679 quod
3083 3571 3146 3648 si
3196 3594 3370 3651 eum

565 3742 576 3749 ’
649 3753 731 3834 (a)
775 3754 942 3816 Alias
962 3752 1033 3815 de
1058 3755 1361 3836 Mamm-q.

635 3991 705 4062 (4)
741 3991 831 4049 Sic
857 3990 912 4047 in
939 3991 1113 4049 rotulo
1136 3992 1474 4050 Cluniacensi
1508 3992 1730 4063 litteris,
1763 4009 1868 4051 non
1906 4009 2034 4052 vero
2069 3996 2335 4068 numeris,
2373 3998 2575 4054 notatio
2607 3996 2807 4054 mensis
2844 3996 3185 4068 exprimitur.
3218 4001 3373 4060 Unde

565 4085 731 4159 liquet
752 4103 860 4144 non
888 4088 959 4145 ad
985 4090 1129 4146 diem
1158 4089 1376 4161 mensis,
1407 4089 1508 4148 sed
1532 4090 1601 4148 ad
1631 4091 1806 4165 ipsum
1831 4108 2070 4150 mensem
2093 4093 2481 4151 restitutionem
2510 4110 2630 4151 esse
2656 4093 3076 4166 proponendam.
3108 4095 3372 4156 Pertzium

565 4182 686 4240 ideo
713 4183 907 4254 secuti,
937 4185 1194 4241 vicesimo
1220 4194 1375 4244 seoeto
1393 4186 1533 4260 §ulii
1556 4187 1804 4260 legimus.
1830 4188 1962 4246 Cum
1996 4190 2140 4246 enim
2169 4190 2273 4246 hoc
2298 4189 2415 4263 ipso
2445 4197 2688 4262 tempore
2715 4206 2822 4262 quo
2856 4192 3197 4250 Innocentius
3227 4198 3367 4268 apud

566 4279 862 4351 Anagniam
896 4280 1100 4338 electus
1127 4281 1254 4353 fuit,
1284 4282 1586 4343 Fridericus
1608 4285 1817 4344 Melflae
1848 4292 2169 4355 moraretur,
2199 4292 2255 4344 et
2282 4287 2581 4359 Anagniam
2610 4287 2750 4344 inter
2777 4294 2833 4345 et
2873 4288 3102 4347 Melflam
3136 4299 3370 4363 quatuor

567 4381 623 4430 et
652 4375 1033 4450 qninquaginta
1067 4378 1257 4437 leucae
1297 4380 1385 4436 vel
1424 4382 1652 4455 amplius
1684 4389 2053 4455 numerentur,
2096 4398 2203 4440 non
2242 4388 2370 4439 ante
2405 4383 2713 4441 vicesimum
2751 4390 3003 4443 octavum
3040 4387 3177 4459 junii
3224 4390 3368 4447 diem

566 4471 853 4544 imperator
870 4474 1237 4533 Beneventum
1258 4492 1320 4535 se
1339 4478 1626 4537 transferre
1642 4479 1879 4554 profecto
1893 4478 2086 4551 potuit.
2105 4478 2391 4537 Praeterea
2405 4480 2452 4537 si
2472 4481 2783 4538 Riccerdum
2800 4483 2870 4540 de
2886 4484 3083 4543 Sancto
3100 4484 3368 4546 Germano

565 4568 661 4640 qui
700 4569 1011 4642 legationem
1051 4574 1120 4631 ad
1156 4589 1352 4649 papam
1383 4576 1608 4633 missam
1645 4590 1830 4633 mense
1856 4575 1992 4647 ,iulio
2028 4580 2312 4646 memorat,
2348 4591 2471 4633 cum
2501 4577 2668 4652 ipsius
2687 4579 2983 4637 Innocentii
3014 4581 3207 4639 litteris
3238 4598 3368 4639 eon-

568 4664 732 4738 feras,
764 4664 968 4727 facilius
993 4670 1284 4729 credideris
1311 4671 1517 4731 litteras
1543 4672 1877 4746 imperatoris
1902 4687 2086 4729 mense
2105 4671 2241 4744 julio
2266 4673 2445 4747 reipsa
2474 4674 2634 4733 fuisse
2661 4677 2911 4748 scriptas.

723 4767 829 4829 VI.
2648 4764 2653 4769 ’
2980 4789 3052 4840 1⁴
