4364 5738
561 587 760 645 imm.
797 586 923 662 15.]
1453 587 1840 648 nisi-omn
1892 590 2482 651 mrum-mrim.
3295 581 3375 641 59

568 730 637 791 et
671 719 939 814 imperii
976 719 1405 813 protectione
1433 722 1820 817 recepimus
1853 726 2159 820 speciali.
2197 728 2426 811 Quare
2448 723 2880 797 universitati
2913 731 3143 793 vestre
3175 739 3374 788 man·

564 844 812 916 damus
871 852 1215 937 quatenus
1272 845 1507 916 nullus
1561 846 1651 918 sit
1701 848 1822 940 qui
1858 849 2120 921 dictum
2173 851 2475 945 priorem
2538 858 2608 921 et
2662 856 3082 919 conventum
3127 843 3377 914 Sancte

567 967 832 1057 CruciS,
891 967 1217 1039 ecclesias
1265 989 1505 1040 eorum
1559 992 1734 1062 quas
1782 972 1856 1044 in
1909 975 2192 1070 proprio
2242 974 2502 1046 babent
2561 974 2631 1043 in
2692 970 3005 1067 personis
3057 977 3130 1040 et
3177 965 3379 1039 bonis

568 1091 838 1183 earumfi
866 1091 1240 1163 mobilibus
1298 1102 1370 1164 et
1435 1093 1798 1168 stabilibus
1851 1098 2038 1189 Juste
2094 1108 2166 1170 et
2211 1097 2710 1169 rationabiliter
2759 1093 3230 1189 spectantibus
3286 1088 3378 1161 ad
3463 1128 3470 1137 ·

572 1216 882 1305 eosdem,
919 1204 1277 1289 offendant
1319 1226 1578 1289 temere
1629 1241 1748 1290 seu
1798 1223 2196 1293 molestent.
2235 1222 2439 1307 Quod
2488 1220 2609 1313 qui
2658 1216 3158 1315 presumpserit
3202 1213 3382 1285 indi-

565 1340 965 1433 gnationem
1030 1340 1246 1411 nostri
1309 1341 1629 1413 culminis
1692 1365 1766 1415 se
1828 1346 2101 1418 noverit
2172 1346 2611 1417 incursurum
2635 1399 2654 1436 ‚
2721 1341 3100 1415 dummodo
3158 1338 3385 1410 dictus

567 1462 782 1558 prior,
835 1471 1255 1555 conventus,
1309 1465 1556 1536 fratres
1615 1475 1686 1537 et
1742 1520 1921 1539 ......
1983 1469 2385 1542 eorumdem
2443 1465 2874 1564 deprehendi
2928 1485 3069 1535 non
3119 1461 3386 1557 possint

570 1598 809 1659 contra
849 1586 1185 1658 bonorem
1225 1598 1540 1660 nostrum
1588 1600 1659 1661 et
1695 1591 1966 1688 imperii
2006 1592 2270 1685 aliquid
2316 1594 2585 1665 occulte
2629 1592 2743 1662 vel
2784 1588 3061 1684 publice
3098 1638 3377 1658 .........

572 1731 708 1802 que
740 1720 974 1781 nostre
1011 1711 1149 1782 sint
1180 1713 1526 1784 contraria
1567 1714 1941 1806 majestati,
1979 1724 2101 1787 aut
2138 1716 2555 1811 deprehensi
2587 1714 2843 1786 fuerint
2871 1734 2914 1784 a
2945 1720 3177 1783 nostre
3211 1708 3384 1782 fide-

574 1832 784 1905 litatis
834 1834 1106 1905 tramite
1150 1834 1456 1907 deviare.
1499 1834 1609 1908 Ad
1665 1836 1873 1930 hujus
1922 1839 2155 1932 itaque
2203 1849 2434 1917 nostre
2484 1837 2932 1935 protectionis
2980 1834 3387 1906 memoriam

580 1967 650 2028 et
692 1957 1008 2028 stabilem
1052 1956 1477 2051 firmitatem,
1514 1982 1805 2055 presens
1844 1961 2175 2057 scriptum
2210 1962 2359 2035 fieri
2393 1972 2464 2034 et
2490 1961 2867 2055 majestatis
2896 1969 3131 2032 nostre
3164 1958 3388 2052 sigillo

565 2081 897 2174 jussimus
921 2082 1358 2155 communiri.

672 2206 924 2279 Datum
961 2207 1033 2278 in
1081 2207 1323 2279 castris
1353 2228 1570 2303 prope
1603 2207 2042 2281 Avezzanum
2092 2210 2164 2280 in
2197 2209 2450 2282 Celano
2484 2207 2611 2305 (a),
2665 2229 2850 2281 anno
2900 2205 3243 2279 dominice
3282 2204 3391 2275 in-

579 2330 993 2403 carnationis
1037 2331 1402 2404 millesimo
1443 2331 1917 2406 ducentesimo
1970 2332 2499 2428 quadragesimo
2545 2332 2885 2421 secunde,
2923 2351 3163 2402 mense
3196 2327 3386 2421 julii,

575 2454 1085 2546 quintadecima
1120 2455 1521 2529 indictione.

1366 2728 1465 2735 0—-0
1488 2726 2248 2735 .--——.——---—-————-⁶-——-—-—
2262 2727 2980 2737 ——-—-—————-—-——·-—————-

639 3093 647 3098 ,
690 2996 1114 3078 Fridericus
1128 3058 1153 3100 ‚
1210 2994 1731 3077 Romanorum
1786 2994 2224 3104 imperator,
2287 2992 2548 3076 scribit
2602 2994 2964 3077 invective
3025 2995 3394 3077 cardina-

585 3126 819 3234 libus,
859 3129 1039 3238 quia
1074 3129 1304 3210 nimis
1340 3128 1645 3209 tardant
1680 3127 1760 3209 in
1796 3127 2157 3209 electione
2191 3127 2368 3209 novi
2404 3125 2805 3235 pontificiS.

751 3354 938 3431 (Edit.
967 3370 1065 3431 ap.
1102 3354 1268 3415 Petri
1299 3352 1369 3413 de
1405 3354 1537 3414 Vin.
1571 3353 1785 3433 Epist„
1826 3353 1933 3413 lib.
1964 3353 2026 3431 1,
2070 3369 2196 3430 cap.
2235 3352 2405 3425 x1v3
2449 3353 2586 3413 coll.
2627 3371 2764 3415 cum
2797 3357 2978 3415 variis
3006 3355 3153 3416 bibl.
3194 3356 3393 3418 Cesar.

822 3461 1006 3520 Paris.
1042 3460 1363 3539 codicibus3
1393 3467 1454 3521 et
1474 3478 1566 3537 ap.
1602 3460 1826 3537 Pnarz,
1857 3458 2118 3520 Menum.
2155 3454 2350 3519 Germ.
2381 3456 2609 3531 histor..
2637 3466 2686 3523 t.
2715 3462 2821 3535 lv,
2853 3479 2914 3538 p.
2947 3461 3114 3541 340.)

690 3658 804 3730 Ex
854 3660 1128 3730 fervore
1187 3657 1544 3731 charitatis
1607 3658 1978 3730 intrinsece
2002 3711 2022 3750 ,
2081 3658 2494 3754 decapitatis
2564 3660 2894 3732 membris
2917 3712 2937 3751 ,
3024 3659 3402 3754 imperialis

593 3782 1006 3856 excellentia
1037 3781 1364 3855 condolet
1384 3804 1479 3854 ex
1506 3783 1943 3855 indivisibilis
1965 3783 2354 3856 dilectionis
2385 3783 2689 3875 adfectu,
2729 3805 2938 3876 quem
2971 3804 3133 3875 erga
3163 3783 3403 3854 matris

595 3906 814 3979 ubera
863 3904 1047 3978 filius
1091 3906 1272 3999 gerit
1318 3916 1560 3984 tamen
1593 3906 1901 3979 adultus.
1965 3908 2269 3979 Ecclesia
2319 3907 2603 3980 viduate
2650 3907 3066 4002 compatitur
3101 3916 3171 3977 et
3210 3926 3402 3978 com·

598 4029 931 4127 patiendo
960 4030 1333 4123 turbatur,
1377 4040 1459 4103 ut
1504 4031 1618 4104 cui
1660 4031 1950 4105 materia
1995 4031 2356 4104 suavitatis
2400 4031 2788 4103 dulcedinis
2838 4028 3164 4102 alimenta
3211 4050 3402 4102 com·

595 4154 903 4226 municat
948 4164 1020 4226 et
1069 4166 1444 4248 augmenta
1504 4155 1892 4229 dilectionis
1942 4155 2231 4229 interius
2288 4154 2799 4243 subministrat,
2855 4153 3111 4226 doloris
3163 4157 3403 4249 procul

600 4277 812 4351 dubio
869 4300 1010 4351 non
1056 4278 1146 4352 sit
1198 4300 1476 4375 expers.
1539 4279 1750 4354 Dolor
1797 4290 1904 4353 est
1962 4279 2343 4373 siquidem,
2394 4276 2595 4350 dolor
2637 4278 2917 4370 ingens,
2976 4278 3034 4350 si
3095 4280 3404 4351 Romana

597 4400 902 4475 Ecclesia
920 4455 940 4494 ,
978 4424 1160 4497 quae
1188 4414 1413 4476 mater
1449 4402 1660 4477 debet
1701 4425 1852 4477 esse
1897 4404 2204 4476 omnium
2239 4412 2311 4474 et
2338 4399 2697 4494 magistra,
2729 4401 2804 4473 in
2848 4423 2988 4497 qua
3027 4423 3228 4475 secus
3276 4398 3403 4476 de-

695 4580 778 4660 (a)
819 4582 889 4642 In
926 4584 1213 4661 impresso
1233 4599 1420 4663 prope
1458 4581 1802 4665 Aneqanum
1836 4582 1902 4643 in
1939 4577 2169 4661 Telino,
2213 4580 2395 4652 male3
2425 4580 2531 4641 sed
2570 4580 2799 4642 facilius
2824 4597 2901 4640 ex
2929 4580 3407 4657 praecedentibus

602 4686 966 4749 emendatur.

3442 3007 3596 3059 tetre·
3606 3006 3812 3062 lulium-2
