4364 5738
1024 597 1140 658 178
2015 599 2444 662 anssmcl
2494 599 2839 661 SECUNDI
3460 600 3624 685 [Ama.
3664 603 3837 663 1244.

1017 756 1149 805 nec
1180 735 1428 807 infesta
1460 736 1547 807 sit
1583 737 1779 808 vobis
1824 738 2101 810 interim
2134 737 2468 832 asperitas
2505 737 2870 809 carceralis
2911 737 3134 809 donec
3176 737 3267 809 ad
3308 759 3435 810 vos
3484 739 3573 811 de
3623 741 3842 812 salute

1018 880 1103 929 ac
1154 859 1557 932 liberatione
1615 872 1886 952 vestra,
1948 861 2138 957 quod
2191 861 2322 932 erit
2374 861 2443 931 in
2503 860 2862 956 proxim0,
2911 871 3142 933 certus
3186 871 3257 932 et
3296 862 3509 955 ylaris
3554 864 3838 936 nuntius

1016 981 1376 1074 dirigatur.

689 1622 880 1716 ,⁴33
1117 1611 1580 1721 FridericuS,
1621 1615 2140 1698 Romanorum
2176 1615 2618 1723 imperator,
2662 1616 2759 1697 ad
2797 1615 3295 1699 imitationem
3334 1616 3452 1698 avi
3487 1626 3562 1700 et
3590 1618 3825 1725 patris

629 1685 922 1835 'fflffssssn‘iff'
1010 1747 1128 1829 sui
1165 1747 1754 1856 imperatorum,
1802 1747 2178 1855 hospitale
2215 1750 2311 1831 de
2357 1748 2762 1857 Altopassu
2812 1748 2890 1830 in
2938 1748 3210 1830 Tuscia
3254 1776 3432 1831 cum
3468 1749 3823 1833 omnibus

1004 1877 1169 1988 ejus
1227 1880 1832 1989 possessionibus
1886 1880 2167 1962 ibidem
2217 1880 2677 1964 enumeratis
2742 1882 2887 1963 sub
2947 1907 3087 1963 sua
3150 1881 3455 1991 speciali
3509 1892 3820 1990 protec-

1002 2012 1205 2095 tione
1256 2013 1559 2122 recipit,
1619 2025 1694 2095 et
1743 2012 1842 2096 ab
1905 2013 2115 2096 omni
2165 2015 2372 2096 datia
2425 2014 2694 2097 fratres
2759 2013 3059 2097 servitio
3108 2013 3680 2124 peregrinorum
3748 2025 3822 2098 et

999 2145 1479 2228 infirmorum
1517 2147 1811 2229 deditos
1846 2147 2135 2229 eximit.

1163 2389 1431 2468 (Edider.
1461 2388 1648 2466 Lam,
1670 2387 1937 2447 alanum.-
1964 2387 2027 2446 S.
2054 2383 2204 2446 Eccl.
2235 2382 2425 2462 Flor„
2452 2392 2501 2446 t.
2523 2385 2576 2463 1,
2606 2404 2666 2463 p.
2701 2394 2851 2463 486,
2881 2401 2959 2445 ex
2983 2386 3147 2445 arch.
3180 2402 3374 2446 mans.
3404 2388 3478 2447 dc
3502 2387 3815 2465 Altopassu

1233 2495 1455 2554 Lucan.
1480 2494 1550 2553 Α.
1573 2501 1632 2564 2,
1649 2501 1716 2550 n⁰
1736 2501 1836 2552 41.
1858 2525 1938 2535 -
1962 2492 2134 2551 num
2158 2498 2218 2550 et
2244 2492 2487 2565 (amer,
2512 2487 2813 2569 supplem.
2838 2487 2899 2549 d'
2902 2492 3057 2550 istor.
3091 2491 3360 2565 Tuscum,
3392 2499 3438 2552 t.
3464 2493 3573 2565 xl,
3598 2509 3658 2570 p.
3684 2491 3811 2571 66.)

1089 2709 1163 2777 ln
1208 2707 1489 2778 nomine
1546 2716 1780 2777 sancte
1828 2716 1897 2776 et
1941 2705 2301 2777 individue
2350 2705 2721 2777 Trinitatis,
2789 2705 3038 2777 Amen.
3097 2705 3526 2796 FridericuS,
3575 2705 3810 2777 divina

987 2832 1265 2904 favente
1293 2830 1661 2904 clementia
1698 2830 2167 2902 Romanorum
2210 2829 2586 2925 imperator
2617 2849 2892 2926 semper
2924 2839 3286 2922 augustuS,
3328 2829 3706 2901 Jerusalem
3743 2840 3811 2902 et

987 2956 1212 3028 Sicilie
1256 2980 1409 3029 rex.
1457 2958 1567 3028 Ex
1608 2976 1776 3027 cura
1817 2954 2172 3048 dignitatis
2199 2954 2401 3026 nobis
2439 2976 2481 3025 a
2520 2955 2669 3025 Deo
2714 2954 3077 3026 commisse
3118 2954 3599 3049 compellimur
3630 2955 3809 3025 inter

984 3090 1215 3153 cetera
1255 3081 1370 3177 pie
1406 3079 1854 3151 humanitatis
1894 3078 2119 3151 officia
2155 3101 2295 3171 que
2324 3098 2591 3150 summe
2627 3077 2972 3150 divinitati
3019 3077 3455 3168 deserviunt,
3500 3078 3807 3174 hospita-

983 3202 1193 3273 litatis
1242 3201 1548 3273 studium
1607 3200 1799 3295 quod
1855 3202 1928 3272 in
1987 3224 2331 3297 pauperes
2387 3201 2635 3274 Christi
2696 3202 2813 3297 pia
2869 3201 3298 3295 benignitate
3353 3202 3800 3297 impenditur,

979 3335 1217 3397 nostra
1262 3326 1694 3421 potissimum
1737 3326 2106 3398 serenitate
2162 3326 2749 3422 quamplurimum
2795 3327 3185 3422 approbare
3235 3347 3319 3399 ac
3368 3327 3519 3420 ejus
3562 3346 3801 3399 neces-

980 3448 1296 3521 sitatibus
1353 3470 1436 3521 ac
1487 3449 1898 3522 utilitatibus
1952 3449 2065 3545 pie
2126 3470 2257 3545 pro
2305 3448 2551 3521 Christi
2606 3469 2842 3520 amore
2902 3448 3343 3521 devotissime
3398 3449 3792 3521 subvenire.

975 3573 1277 3667 Ideoque
1332 3573 1462 3645 hiis
1514 3595 1717 3670 opem
1769 3573 2022 3666 regalis
2081 3582 2317 3645 nostre
2376 3573 2798 3645 defensionis
2850 3594 2933 3644 ac
2998 3572 3466 3644 munificentie
3531 3573 3797 3646 miseri·

974 3697 1275 3769 corditer
1319 3696 1720 3792 impendere
1771 3696 2059 3787 dignum
2116 3695 2433 3767 ducimus
2487 3696 2605 3789 qui
2652 3696 2724 3766 in
2768 3694 3286 3767 venerabilibus
3341 3696 3796 3768 xenodochiis

973 3802 1351 3893 existentes
1390 3829 1463 3892 et
1504 3820 1829 3893 virtutem
1881 3817 2363 3912 hospitalitatis
2408 3818 2892 3912 amplexantes
2938 3817 3010 3888 in
3065 3817 3416 3909 egentium
3463 3819 3792 3892 laudabili

973 3944 1519 4016 substentatione
1579 3942 1877 4015 Domino
1929 3945 2090 4014 Jesu
2137 3942 2402 4014 Christo
2455 3941 2899 4014 laudabiliter
2950 3942 3400 4013 famulantur.
3458 3942 3792 4029 Quocirca

971 4068 1316 4140 imitantes
1343 4067 1636 4161 vestigia
1670 4066 1991 4139 divorum
2029 4076 2478 4157 augustorum
2512 4064 3080 4160 predecessorum
3120 4086 3203 4137 ac
3232 4076 3597 4161 parentum
3629 4088 3790 4138 nos-

970 4198 1234 4261 trorum
1268 4190 1533 4261 domini
1558 4189 1889 4262 Friderici
1930 4189 2044 4260 avi
2075 4198 2146 4260 et
2178 4187 2441 4261 domini
2466 4187 2744 4259 Henrici
2780 4188 2995 4285 patris
3023 4189 3240 4260 nostri
3287 4190 3521 4262 inclite
3558 4211 3789 4263 recor-

969 4313 1296 4404 dationis,
1339 4315 1723 4386 secundum
1778 4325 2092 4385 tenorem
2149 4312 2664 4407 privilegiorum
2708 4335 2847 4406 que
2900 4313 3045 4408 ipse
3097 4314 3482 4387 Fridericus
3521 4327 3590 4388 et
3643 4315 3788 4411 ipse

966 4436 1330 4527 HenricuS,
1364 4438 1833 4511 Romanorum
1882 4438 2335 4534 imperatores
2375 4437 2475 4507 eis
2522 4435 3003 4527 indulserunt,
3041 4448 3112 4509 et
3157 4439 3541 4511 secundum
3588 4450 3784 4511 teno-

964 4581 1114 4633 rem
1158 4560 1677 4655 privilegiorum
1725 4583 1862 4653 que
1913 4583 2044 4634 nos
2082 4560 2250 4656 ipsis
2298 4559 2751 4651 indulsimus,
2800 4561 3122 4633 omnibus
3170 4572 3310 4633 tam
3349 4564 3786 4657 presentibus

962 4705 1173 4778 quam
1225 4684 1473 4756 futuris
1526 4684 1880 4777 cognitum
1927 4683 2078 4756 fieri
2117 4685 2441 4756 volumus
2502 4704 2630 4755 nos
2675 4704 2803 4778 pro
2856 4705 3093 4757 amore
3141 4686 3264 4759 Dei
3313 4686 3651 4783 hospitale
3693 4687 3782 4760 de
