4364 5738
956 557 1071 615 172
1946 566 2371 627 Flumtmm
2423 564 2770 626 SECUNDI
3393 563 3556 641 [Anu.
3594 563 3769 624 1244.

953 693 1145 764 dum.
1186 694 1297 766 Ad
1335 697 1533 786 cujus
1578 698 1678 768 rei
1720 700 2122 771 memoriam
2168 712 2240 772 et
2282 702 2586 772 debitam
2636 699 3066 789 firmitatem,
3120 718 3408 793 presens
3444 699 3774 795 scriptum

952 838 1166 888 aurea
1197 818 1390 889 bulla
1426 821 1693 916 typario
1724 832 1960 894 nostre
1994 825 2371 915 majestatis
2400 825 2735 918 impressa
2759 822 3093 914 jussimus
3124 822 3559 893 communiri.

1050 946 1299 1018 Datum
1336 944 1525 1037 apud
1564 944 2299 1041 Aquampendentem,
2351 948 2683 1020 vicesimo
2731 956 2979 1019 octavo
3012 945 3280 1036 martii,
3324 946 3630 1018 secunde
3670 947 3776 1016 in-

953 1069 1274 1141 dictionis
1305 1066 1366 1163 (l
1385 1069 1438 1161 ).

604 1651 831 1756 efflggff,
1063 1637 1376 1719 Articuli
1429 1637 1636 1745 pacis
1685 1662 1880 1746 quos
1935 1638 2194 1721 nuncii
2247 1639 2721 1748 imperatoris
2776 1639 3227 1748 juraverunt
3276 1639 3479 1746 apud
3546 1637 3773 1721 Late-

954 1796 1230 1854 ranum
1268 1770 1346 1850 in
1388 1768 1638 1851 Coena
1673 1769 2006 1852 Domini.

1115 1983 1306 2063 (Edit.
1340 2000 1438 2060 ap.
1470 1984 1672 2044 ΜΑ-ιτ.
1706 1985 1924 2056 Pars,
1971 1984 2120 2045 Hm.
2156 1986 2296 2066 maj.
2327 1982 2596 2066 Anqlor„
2632 2003 2692 2062 p.
2726 1994 2867 2046 ⁴26.
2902 2016 2984 2031 —
3005 1985 3235 2060 Pnnrz,
3263 1982 3525 2045 Momm·
3571 1981 3762 2044 Ger-n.

1188 2090 1344 2164 hist„
1375 2098 1422 2153 t.
1452 2092 1560 2169 IV,
1588 2108 1648 2167 p.
1684 2094 1849 2166 345.)

1046 2280 1266 2375 Super
1310 2280 1492 2349 facto
1537 2294 1714 2350 terre
1756 2279 2038 2351 inventa
2077 2289 2184 2352 est
2226 2281 2446 2352 forma
2483 2303 2621 2374 que
2661 2280 2887 2375 placet
2926 2278 3201 2370 utrique
3252 2277 3465 2372 parti,
3508 2275 3763 2347 scilicet

947 2402 1137 2496 quod
1194 2413 1337 2473 tota
1390 2413 1569 2473 terra
1616 2424 1825 2496 quam
1873 2402 2272 2497 possidebat
2320 2404 2624 2475 Ecclesia
2680 2413 2988 2497 tempore
3031 2399 3764 2473 excommunicationis

946 2528 1078 2598 sibi
1115 2528 1474 2617 reddatur,
1519 2537 1590 2598 et
1636 2527 1818 2598 idem
1867 2527 1955 2598 de
1998 2526 2494 2600 adherentibus
2533 2530 2862 2601 Ecclesie.
2909 2531 3131 2624 Super
3177 2513 3581 2622 contemptu
3622 2526 3760 2597 cla-

943 2652 1136 2723 vium
1169 2651 1501 2722 scriberet
1528 2651 1901 2746 imperator
1931 2653 2347 2744 generaliter
2375 2675 2499 2747 per
2528 2663 2747 2724 totum
2780 2653 3020 2724 orbem
3047 2651 3238 2745 quod
3261 2651 3333 2721 in
3362 2659 3761 2745 contemptu

941 2768 1247 2843 Ecclesie
1296 2780 1366 2841 et
1419 2770 1779 2866 potestatis
1833 2771 2292 2843 ecclesiastice
2340 2773 2751 2844 sententiam
2800 2793 2928 2867 per
2975 2771 3334 2843 dominum
3392 2769 3756 2865 predeces-

942 2918 1170 2969 sorem
1217 2918 1419 2966 suum
1477 2892 1759 2993 [latam]
1809 2916 1950 2966 non
2011 2898 2464 2992 contempsit3
2515 2897 2641 2969 sed
2684 2919 2844 2968 cum
2885 2896 3196 2992 predicta
3242 2895 3584 2966 sententia
3631 2894 3756 2965 sibi

942 3020 1358 3094 denunciata
1390 3041 1534 3091 non
1567 3020 1810 3111 suerit,
1852 3021 1941 3092 de
1993 3020 2280 3093 consilio
2320 3021 2744 3117 prelatorum
2781 3032 2852 3093 et
2890 3021 3186 3093 aliorum
3228 3017 3564 3092 nobilium
3594 3017 3755 3089 Ale·

941 3145 1216 3217 mannie
1259 3154 1330 3216 et
1367 3144 1560 3215 Italie
1602 3144 1935 3238 processit
1982 3145 2173 3239 quod
2212 3143 2616 3241 priusquam
2652 3145 2781 3217 sibi
2817 3143 3380 3234 denunciaretur,
3422 3163 3577 3213 eam
3616 3161 3750 3211 uon

940 3269 1306 3341 tenebatur
1345 3288 1646 3338 servare.
1683 3267 2048 3339 Pr0fitetur
2086 3279 2316 3340 tamen
2350 3270 2540 3363 quod
2575 3269 3006 3362 recognoscit
3037 3269 3219 3340 bene
3246 3266 3438 3360 quod
3464 3265 3754 3358 deliquit

937 3395 1010 3464 in
1057 3392 1192 3464 hoc
1237 3412 1379 3463 non
1425 3391 1768 3464 servando
1812 3401 1882 3462 et
1928 3393 2107 3464 male
2155 3394 2351 3484 fecit,
2398 3415 2559 3465 cum
2605 3395 2784 3465 bene
2834 3394 3008 3465 sciat
3058 3403 3131 3464 et
3173 3391 3414 3465 credat
3455 3387 3752 3462 fideliter

935 3517 1124 3611 quod
1161 3526 1298 3586 tam
1344 3535 1553 3610 super
1594 3536 1751 3586 eum
1799 3538 2009 3609 quam
2059 3538 2270 3612 super
2313 3540 2557 3589 omnes
2595 3517 3004 3591 christianos
3048 3537 3247 3609 reges
3295 3524 3366 3586 et
3404 3514 3749 3610 principes

934 3642 1221 3714 clericos
1258 3648 1329 3711 et
1360 3638 1571 3712 laicos
1603 3638 1813 3712 habet
1844 3663 2153 3711 summus
2186 3622 2503 3736 pontifex
2540 3642 2749 3712 etiam
2780 3641 2836 3712 si
2869 3650 3194 3737 peccator
3230 3639 3517 3729 existat,
3560 3635 3747 3730 quod

931 3767 1118 3836 Deus
1153 3772 1452 3851 avertat,
1495 3762 1567 3832 in
1610 3763 2080 3856 spiritualibus
2120 3765 2626 3860 plenitudinem
2670 3766 3052 3859 potestatiS.
3094 3762 3552 3836 Nihilominus
3583 3760 3747 3831 sub-

932 3887 1183 3960 sidium
1227 3908 1353 3981 pro
1390 3886 1522 3957 isto
1563 3906 1855 3958 excessu
1905 3886 2110 3958 faciet
2158 3888 2230 3958 in
2278 3889 2610 3960 militibus
2652 3890 2768 3961 vel
2811 3888 3106 3983 pecunia
3152 3887 3574 3979 ubicumque
3618 3884 3743 3957 do·

932 4011 1159 4082 minus
1213 4032 1397 4106 papa
1456 4006 1803 4107 [utilitati]
1855 4010 2373 4083 christianitatis
2423 4022 3064 4106 quantumcumque
3119 4023 3191 4084 et
3236 4011 3443 4106 quale
3497 4008 3748 4084 viderit

931 4134 1304 4229 expedire3
1371 4134 1541 4207 alias
1602 4135 2080 4230 eleemosynas
2149 4144 2221 4206 et
2277 4135 2544 4227 jejunia
2595 4137 2900 4208 facturus
2961 4138 3169 4229 juxta
3237 4134 3742 4209 ordinationem

931 4256 1194 4329 domini
1244 4278 1461 4351 pape,
1513 4267 1582 4328 et
1623 4257 2035 4328 sententiam
2087 4257 2308 4353 ipsam
2354 4281 2577 4352 usque
2618 4259 2708 4331 ad
2750 4258 2935 4331 diem
2975 4259 3425 4332 absolutionis
3464 4257 3739 4330 bumili-

999 4562 1071 4636 (⁴)
1108 4563 1274 4619 Notas
1300 4560 1704 4636 chronologicas
1731 4581 1871 4638 quae
1901 4566 2046 4639 apud
2074 4568 2231 4625 Matt.
2258 4568 2413 4625 Paris
2438 4575 2493 4625 et
2519 4568 2676 4625 Pertz
2701 4567 3099 4641 desiderantur,
3129 4585 3199 4628 ex
3230 4569 3485 4628 Chronic.
3527 4568 3590 4626 de
3625 4569 3736 4627 reb.

924 4663 986 4717 in
1013 4658 1144 4717 Ital.
1172 4659 1354 4732 pestis,
1380 4673 1586 4716 necnon
1612 4667 1727 4718 ete
1753 4661 1926 4719 rotulo
1951 4661 2281 4721 cluniacensi
2310 4681 2455 4721 nunc
2480 4665 2711 4738 primum
2741 4666 3011 4723 addimus.
