4364 5738
994 561 1109 622 102
1981 561 2406 622 FRlDERlCl
2457 560 2802 621 SECUNDI
3422 557 3583 640 [Axx.
3623 560 3799 620 1243.

983 719 1131 768 ram
1184 716 1326 766 non
1374 694 1747 784 movisset,
1788 695 1859 765 in
1891 695 2253 790 piscatoris
2300 698 2752 788 naufragante
2797 694 3114 766 navicula
3154 693 3467 787 periisset
3512 695 3806 788 populus

981 820 1431 908 christianuS‚
1474 818 1642 889 dum
1680 819 1922 889 Petrus
1955 820 2025 889 in
2073 820 2231 892 altis
2266 819 2585 891 habitans
2620 838 2762 891 non
2809 816 3221 912 respiciebat
3265 817 3334 887 in
3367 826 3637 911 petram
3675 839 3803 890 nec

983 945 1134 1035 ejus
1185 942 1527 1014 successio
1573 943 2114 1014 transferebatur
2159 943 2231 1014 in
2286 952 2634 1038 posteros3
2691 951 2763 1014 et
2814 941 2913 1013 sic
2964 939 3360 1035 cupiditatis
3407 940 3801 1033 insurgente

984 1067 1292 1138 vindicta
1321 1065 1638 1160 plorabat
1677 1066 1983 1137 Ecclesia
2017 1065 2376 1138 viduitatis
2416 1065 2851 1155 instantiam,
2898 1063 3180 1136 dolebat
3215 1063 3514 1158 populus
3559 1075 3801 1136 contu·

979 1190 1218 1262 melias
1246 1191 1612 1282 generales
1649 1210 1778 1262 nec
1810 1190 1881 1261 in
1915 1190 2386 1262 ministrorum
2418 1211 2540 1261 ore
2573 1191 2899 1281 frequens
2931 1187 3260 1282 proderat
3291 1188 3595 1259 alleluia.
3626 1188 3799 1259 Nam

977 1323 1209 1408 preter
1269 1312 1754 1408 oppressiones
1802 1313 2202 1386 innumeras
2248 1326 2320 1386 et
2368 1334 2859 1409 oppressorum
2916 1311 3236 1384 incursus
3291 1311 3546 1404 quibus
3595 1311 3796 1383 deso·

980 1438 1117 1508 late
1165 1437 1402 1508 matris
1451 1437 1668 1536 latera
1713 1437 2129 1527 lacerantur,
2187 1437 2286 1509 sic
2325 1437 2419 1509 ad
2460 1436 2820 1531 proximos
2865 1435 3042 1507 ictus
3086 1434 3450 1528 preteritos
3493 1433 3797 1505 fidelium

980 1567 1420 1651 retorquetur
1461 1568 1782 1650 aspectus
1817 1559 2008 1651 quod
2052 1559 2543 1631 consolationis
2587 1558 2968 1631 remedium
3014 1556 3316 1629 mundus
3361 1577 3797 1649 nequaquam

982 1704 1332 1755 assumere
1374 1692 1679 1776 poterat,
1722 1683 1889 1753 dum
1930 1694 2153 1754 mater
2189 1683 2497 1756 Ecclesia
2541 1704 2752 1777 quam
2792 1681 3100 1755 Christus
3130 1680 3203 1751 in
3248 1691 3444 1776 petra
3484 1680 3798 1752 fundavit

989 1806 1157 1878 dum
1190 1806 1492 1877 debebat
1523 1806 1720 1898 erigi,
1753 1817 1915 1878 tunc
1952 1807 2251 1902 opprimi
2288 1806 2762 1899 contingebat,
2802 1805 2970 1879 dum
2999 1804 3300 1894 debebat
3333 1804 3623 1896 alicujus
3654 1804 3799 1874 suf-

983 1930 1182 2021 fragii
1223 1930 1448 2021 rigore
1501 1951 1860 2023 resurgere
1911 1932 2025 2002 vel
2061 1931 2373 2022 vigorem
2419 1951 2806 2020 resumere,
2857 1940 3022 2000 tunc
3071 1928 3142 1999 in
3189 1928 3430 2020 majori
3477 1926 3796 1999 conflictu

988 2064 1125 2125 tam
1189 2054 1568 2144 grandem,
1637 2063 1776 2124 tam
1836 2054 2304 2126 venerabilem
2348 2054 2575 2125 virum
2627 2052 2929 2148 perdidit
2978 2061 3049 2122 et
3089 2060 3452 2124 rectorem.
3500 2050 3609 2122 Ex
3659 2050 3797 2121 suis

981 2177 1235 2248 etenim
1275 2177 1487 2269 gestis
1533 2176 1879 2268 colligitur
1919 2187 1989 2248 et
2034 2199 2123 2248 ex
2164 2199 2455 2272 operum
2509 2176 2846 2248 fructibus
2906 2174 3452 2247 indubitabiliter
3492 2173 3799 2244 innuitur

978 2322 1190 2393 quam
1240 2310 1475 2395 pastor
1516 2301 1738 2391 utilis,
1784 2322 1994 2392 quam
2035 2311 2264 2373 rector
2305 2300 2597 2372 idoneus
2643 2300 2773 2370 fuit
2817 2299 3199 2371 reverende
3243 2297 3576 2369 memorie
3633 2296 3798 2368 Gre-

979 2425 1218 2515 gorius
1268 2444 1448 2517 papa
1484 2444 1744 2513 nonus,
1784 2425 1903 2515 qui
1943 2445 2226 2514 gregem
2264 2424 2392 2494 sibi
2434 2422 2773 2495 creditum
2828 2423 2920 2493 ab
2963 2422 3356 2513 iniquorum
3412 2418 3797 2491 incursibus

979 2568 1107 2642 pro
1163 2568 1364 2641 posse
1417 2567 1703 2617 servans
1739 2546 2046 2635 illesum,
2108 2568 2235 2641 pro
2282 2547 2424 2617 suis
2466 2547 2715 2618 ovibus
2750 2545 3054 2617 animam
3104 2566 3301 2615 suam
3346 2563 3606 2638 ponere
3656 2563 3795 2613 non

982 2670 1307 2762 expavit,
1365 2669 1587 2740 donec
1635 2669 1855 2761 ipsam
1914 2669 1986 2739 in
2043 2669 2322 2742 Abrahe
2377 2671 2642 2762 gremio
2699 2670 3078 2762 resignavit
3131 2681 3200 2740 et
3257 2667 3574 2764 spiritum
3635 2666 3793 2739 red·

984 2792 1157 2864 didit
1200 2793 1345 2863 Deo
1383 2802 1653 2885 nostre,
1693 2815 1902 2886 quem
1949 2795 2182 2865 multis
2213 2794 2655 2866 afflictionum
2686 2795 3058 2889 generibus
3085 2793 3157 2864 in
3190 2792 3589 2897 hujusmodi
3629 2814 3795 2864 con·

981 2917 1279 2989 flictibus
1315 2918 1660 2990 lacessivit
1695 2917 1827 3014 (l).
1868 2919 2074 3011 Cujus
2119 2920 2422 3015 presidio
2462 2920 2731 3013 privata
2774 2929 2995 2992 mater
3036 2919 3340 2992 Ecclesia
3391 2940 3480 2989 ne
3526 2936 3795 2990 veneno

979 3042 1198 3135 possit
1230 3042 1486 3113 veteris
1518 3043 1858 3136 serpentis
1903 3043 2165 3115 involvi
2193 3044 2311 3114 ubi
2343 3044 2533 3114 nulla
2567 3043 2902 3138 potuisset
2946 3055 3107 3114 tunc
3142 3041 3468 3137 temporis
3506 3039 3791 3135 tyriaca,

983 3166 1397 3259 supplicavit
1439 3166 1531 3238 ad
1576 3166 1945 3237 Dominum
2003 3177 2082 3237 ut
2132 3176 2322 3238 tante
2376 3166 2784 3239 desolationi
2835 3167 3262 3261 compatiens
3314 3165 3463 3257 ejus
3505 3163 3796 3235 miseriis

980 3287 1515 3360 misericorditer
1567 3288 1994 3360 condoleret.
2041 3290 2152 3362 Ad
2199 3292 2309 3383 cuj
2318 3312 2399 3362 us
2446 3291 2785 3362 clamores
2837 3289 3152 3362 assiduos
3198 3310 3443 3360 manus
3488 3286 3797 3382 omnipo-

982 3420 1136 3481 tens
1191 3410 1493 3483 excitata
1541 3411 1629 3483 de
1689 3413 1960 3483 fervore
2021 3413 2224 3485 solito
2281 3413 2599 3485 faciendo
2645 3414 2973 3486 virtutem
3034 3414 3123 3485 de
3183 3433 3490 3505 congruo
3538 3431 3794 3505 sponso

978 3534 1284 3629 providit
1305 3535 1640 3625 Ecclesie‚
1675 3536 1957 3609 mittens
1987 3537 2076 3608 de
2112 3538 2351 3608 celesti
2388 3538 2766 3609 coenaculo
2803 3536 3244 3609 Celestinum.
3287 3537 3362 3607 In
3396 3535 3593 3626 cujus
3624 3534 3791 3606 sub-

977 3657 1338 3729 stitutione
1388 3657 1729 3752 pontificis
1778 3658 1944 3731 satis
1994 3660 2254 3731 utiliter
2295 3660 2651 3755 provisum
2697 3661 2938 3732 fuisset
2976 3660 3317 3751 Ecclesie‚
3373 3658 3505 3731 nisi
3553 3656 3794 3730 mortis

977 3780 1348 3876 imperium
1379 3802 1521 3873 quo
1568 3803 1767 3874 reges
1811 3783 2173 3876 privantur
2212 3784 2546 3875 regimine
2589 3794 2660 3856 et
2696 3784 3041 3880 principes
3080 3783 3543 3878 principatum
3588 3781 3792 3853 amit-

976 3913 1171 3995 tunt,
1224 3927 1348 3977 sue
1390 3904 1717 3977 novitatis
1761 3905 2138 4000 primordia
2189 3908 2278 3979 de
2336 3908 2568 3980 medio
2615 3908 3028 3981 sustulisset.
3080 3909 3304 3995 Quem
3358 3907 3459 3979 sic
3516 3915 3792 4000 raptum

975 4026 1241 4120 subite,
1284 4029 1384 4101 sic
1418 4039 1705 4124 repente
1742 4030 2171 4102 subtractum
2217 4029 2519 4104 sedentis
2564 4053 2774 4127 super
2821 4032 3105 4104 flumina
3139 4031 3510 4126 Babylonis
3556 4029 3794 4101 matris

1357 4248 1584 4257 ——-——·-·-—-
1609 4249 1888 4258 —-—--——-
1902 4251 2018 4258 ——-

1047 4370 1114 4443 (t)
1151 4370 1321 4428 Valde
1352 4374 1643 4431 notandum
1678 4377 1824 4449 quod
1857 4376 1945 4435 his
1973 4376 2259 4459 laudativis
2288 4376 2470 4435 verbis
2508 4378 2576 4436 de
2610 4379 2867 4453 Gregorio
2903 4396 3046 4455 papa
3082 4397 3246 4455 quem
3281 4380 3386 4439 sibi
3423 4379 3793 4439 adversarium

973 4468 1133 4526 toties
1154 4467 1577 4540 praedicaverat,
1605 4489 1746 4530 nunc
1773 4473 2022 4547 loquatur
2049 4475 2357 4549 imperator.
2393 4475 2547 4534 Unde
2573 4492 2678 4533 non
2704 4477 2822 4534 sine
2840 4477 3081 4550 legitima
3108 4477 3428 4552 suspicionis
3446 4493 3613 4536 causa
3637 4476 3794 4535 dubi·

977 4574 1151 4622 tamus
1176 4581 1247 4622 an
1281 4566 1412 4622 baec
1438 4566 1552 4638 ipsa
1592 4569 1818 4641 epistola
1861 4573 2143 4631 Friderico
2180 4574 2460 4631 tribuenda
2499 4575 2602 4642 sit,
2627 4576 2754 4632 licet
2787 4577 2842 4632 in
2879 4576 3022 4633 hanc
3050 4576 3318 4633 rubricam
3350 4590 3538 4634 omnes
3573 4574 3792 4632 codices

970 4662 1310 4720 conveniant.
1341 4663 1507 4721 Immo
1534 4666 1601 4721 ad
1629 4666 1817 4738 ipsum
1842 4669 2167 4728 Fridericum
2196 4672 2348 4743 quasi
2376 4679 2779 4745 persecutorem
2801 4673 3059 4733 ecclesiae
3088 4689 3232 4730 nunc
3253 4671 3416 4730 alludi
3444 4671 3734 4729 credimus.
