4364 5738
1016 588 1140 651 314
1175 638 1185 645 .
2012 589 2440 653 nmmum
2488 588 2835 652 suenum
3453 591 3615 675 [Anu.
3651 592 3829 656 1245.

1022 720 1499 830 oppenheim
1520 719 1869 803 conoedit
1899 731 1986 803 ut
2019 744 2113 804 ea
2143 748 2344 832 quae
2375 747 2517 832 pro
2545 747 2628 805 se
2660 732 2740 804 et
2770 718 3224 803 haeredibus
3256 722 3418 804 suis
3450 722 3535 804 in
3567 725 3831 809 eodem

1019 865 1270 937 castro
1303 855 1900 962 construxerint,
1942 854 2043 936 ud
2077 855 2285 964 ipsos
2315 855 2684 938 haeredes
2715 854 2917 937 feodi
2952 851 3176 937 titulo
3208 865 3632 939 transeant.

1181 1066 1427 1145 (lnedlt.
1458 1084 1533 1127 ex
1558 1067 1803 1145 coplalb.
1835 1068 2104 1146 Oppenb.
2135 1070 2393 1148 Pzalgr„
2421 1078 2489 1131 ιιο
2514 1077 2593 1130 46
2611 1112 2630 1147 ,
2661 1072 2724 1129 ln
2745 1069 2989 1131 archivo
3014 1069 3469 1149 Carlsruhenst)

1114 1248 1261 1342 Fr.,
1294 1248 1417 1322 Dei
1457 1251 1677 1343 gratia
1707 1251 2174 1323 Romanorum
2217 1254 2592 1348 imperator
2628 1275 2902 1348 semper
2930 1265 3305 1346 augustus,
3343 1254 3722 1328 Jerusalem
3761 1269 3831 1330 et

1019 1377 1245 1448 Sicilie
1277 1398 1432 1446 rex.
1473 1376 1738 1446 Tenore
1781 1376 2208 1469 presentium
2256 1387 2498 1449 notum
2557 1376 2708 1448 fieri
2746 1379 3070 1450 volumus
3108 1378 3450 1450 universis
3491 1389 3631 1451 tam
3672 1402 3827 1475 pre·

1021 1500 1330 1572 sentibus
1355 1518 1567 1592 quam
1594 1499 1843 1570 futuris
1873 1499 2061 1591 quod
2093 1520 2226 1572 nos
2262 1521 2355 1571 ex
2383 1501 2622 1573 innata
2655 1501 2858 1573 nobis
2898 1498 3310 1573 liberalitate
3345 1522 3484 1594 qua
3515 1510 3830 1575 tenemur

1020 1622 1273 1694 devote
1304 1622 1715 1694 servitorum
1745 1621 2278 1695 comoditatibus
2305 1622 2713 1719 providere,
2746 1624 3230 1696 universorum
3260 1624 3711 1696 castrensium
3739 1623 3826 1696 de

1019 1746 1450 1841 oppenheim
1512 1743 1819 1816 fidelium
1870 1755 2264 1818 nostrorum
2328 1747 2947 1842 supplicationibus
3002 1747 3357 1837 inclinati,
3405 1745 3497 1818 de
3549 1748 3824 1842 spetiali

1020 1870 1241 1963 gratia
1269 1879 1508 1941 nostre
1536 1870 1925 1941 serenitatis
1958 1870 2127 1964 ipsis
2161 1869 2607 1942 concedimus
2644 1880 2727 1942 ut
2760 1891 2845 1941 ea
2880 1892 3017 1963 que
3058 1890 3187 1965 pro
3229 1892 3305 1941 se
3346 1879 3420 1941 et
3452 1870 3598 1941 suis
3626 1869 3822 1942 here-

1019 1995 1227 2067 dibus
1259 1995 1329 2064 in
1355 2003 1584 2065 castro
1614 1994 2130 2065 construxerint
2163 2004 2582 2084 memorato,
2632 2002 2985 2066 transeant
3010 1993 3209 2065 titulo
3239 1993 3607 2065 castrensis
3644 1991 3824 2065 feodi

1019 2117 1111 2189 ad
1141 2115 1462 2207 heredes,
1496 2116 1877 2188 dummodo
1907 2116 2090 2188 circa
2116 2137 2247 2188 nos
2274 2127 2346 2189 et
2372 2117 2740 2212 imperium
2766 2116 3211 2190 inveniantur
3241 2116 3526 2188 stabiles
3553 2126 3628 2188 et
3649 2114 3819 2189 fide·-

1018 2240 1146 2313 les.
1178 2240 1288 2312 Ad
1316 2241 1514 2332 cujus
1555 2238 1652 2311 rei
1689 2240 2093 2312 memoriam
2130 2260 2418 2336 presens
2454 2240 2788 2335 scriptum
2819 2236 2971 2311 fieri
3005 2240 3294 2311 fecimus
3330 2239 3553 2332 sigillo
3593 2248 3820 2311 nostre

1018 2365 1442 2437 celsitudinis
1471 2365 1996 2435 communitum.

1112 2488 1364 2560 Actum
1396 2508 1581 2558 anno
1614 2486 1963 2559 dominice
2002 2486 2494 2558 incarnationis
2525 2486 2894 2559 millesimo
2931 2484 3408 2558 ducentesimo
3435 2484 3818 2580 quadrage-

1015 2613 1191 2683 simo
1215 2611 1485 2703 quinto,
1522 2630 1760 2681 mense
1783 2609 1965 2702 julii,
2002 2610 2200 2681 tertie
2230 2607 2650 2681 indictionis.

1111 2736 1361 2807 Datum
1392 2733 1691 2822 verone,
1726 2752 1939 2826 anno,
1975 2753 2244 2824 mense,
2280 2731 2658 2805 indictione
2688 2732 3110 2827 prescriptis.

2262 3040 3326 3054 *ffl—

1116 3326 1582 3429 Fridericus‚
1650 3326 2168 3409 Romanorum
2244 3329 2696 3437 imperator,
2757 3327 3141 3409 civitatem
3212 3327 3647 3436 Spirensem
3721 3328 3816 3408 ad

1010 3456 1400 3569 generales
1433 3459 1815 3540 nundinas
1858 3459 1941 3539 in
1990 3459 2185 3542 festo
2220 3471 2661 3543 sanctorum
2698 3459 3031 3543 Simonis
3066 3471 3143 3542 et
3173 3460 3410 3543 Judae
3443 3449 3687 3568 usque
3719 3459 3814 3540 ad

1006 3591 1439 3702 quindecim
1494 3590 1657 3672 dies
1711 3590 2204 3674 celebrandas
2256 3593 2608 3701 deputat,
2666 3616 3091 3700 omnesque
3137 3601 3590 3675 mercatores
3633 3590 3814 3671 illuc

1004 3726 1385 3808 venientes
1422 3722 1568 3805 sub
1603 3747 1743 3805 suo
1780 3732 1854 3805 et
1889 3724 2184 3832 imperii
2220 3725 2501 3807 ducatu
2537 3725 2701 3809 vult
2735 3749 2900 3806 esse
2935 3748 3266 3807 securos.

1166 3939 1355 4017 (Edit.
1385 3955 1483 4015 ap.
1514 3938 1749 4020 Lumo,
1795 3934 2228 4017 hemme,
2271 3945 2323 4000 t.
2358 3939 2525 4016 xlv,
2562 3956 2626 4016 p.
2670 3945 2812 3999 466.
2850 3970 2931 3982 -
2955 3938 3273 4016 numu,
3328 3932 3805 4010 &tundam-ck,

1240 4063 1295 4122 p.
1330 4054 1469 4105 231.
1506 4044 1678 4119 Quod
1720 4044 2087 4121 privilegium
2106 4087 2123 4117 ‚
2156 4061 2294 4104 cum
2335 4044 2454 4104 fere
2480 4044 2592 4104 sub
2616 4044 2835 4104 eisdem
2863 4043 3059 4104 verbis
3085 4044 3246 4104 allud
3275 4046 3504 4104 civitati
3533 4041 3809 4102 Bambcr-

1243 4153 1409 4228 gensi
1435 4167 1779 4211 concessum
1807 4149 2020 4210 referat
2049 4149 2207 4223 (vid.
2238 4166 2446 4226 supra,
2478 4167 2541 4227 p.
2579 4145 2755 4229 809),
2784 4166 2946 4209 nunc
2975 4152 3037 4208 ln
3063 4151 3361 4228 integrum
3389 4146 3666 4210 exhibere
3688 4163 3806 4206 non

1239 4256 1568 4331 duximus.)

1095 4440 1268 4512 Acta
1301 4450 1462 4509 sunt
1486 4440 1616 4512 hec
1645 4464 1827 4514 anno
1851 4441 2194 4513 dominice
2227 4440 2715 4512 incarnationis
2741 4439 3107 4512 millesimo
3135 4437 3611 4512 ducentesimo
3636 4458 3807 4532 qua-

1000 4561 1389 4653 dragesimo
1417 4564 1686 4656 quintO,
1725 4585 1961 4636 mense
1987 4565 2171 4656 julii,
2215 4564 2413 4635 tertie
2448 4562 2869 4634 indictionis,

1092 4687 1343 4757 Datum
1368 4686 1558 4781 apud
1591 4687 1973 4777 Veronam,
2003 4706 2226 4777 auno,
2265 4705 2544 4777 mense,
2578 4685 2956 4757 indictione
2988 4684 3413 4781 prescriptis.
