4364 5738
1052 593 1177 657 ⁴0⁰
2051 598 2478 663 rutnamct
2526 595 2873 662 saeuum
3487 598 3653 679 [An.
3690 598 3862 662 1246.

1058 735 1279 810 turus
1330 725 1575 812 abiret
1626 790 2002 814 .....
2046 743 2298 818 totum
2356 756 2687 843 regnum
2721 729 3192 840 integraliter
3241 755 3383 840 pro
3431 756 3657 841 posse
3712 758 3866 817 res-

1055 860 1420 944 tituturus
1469 861 1709 945 cultui
1756 864 2169 951 christiano
2187 929 2211 975 ,
2265 868 2374 950 ita
2427 865 2713 949 scilicet
2757 876 2845 947 ut
2892 862 3050 946 filio
3109 888 3252 946 suo
3290 862 3462 948 loco
3506 864 3745 975 ipsius
3788 865 3860 946 in

1055 993 1430 1103 imperiali
1479 995 1847 1106 dignitate
1882 999 2332 1107 substituto,
2372 999 2494 1109 pie
2527 997 3006 1107 dispensetur
3038 1021 3218 1080 oum
3253 995 3519 1080 eodem
3573 995 3859 1081 Frede-

1053 1124 1214 1208 rico
1284 1135 1359 1207 et
1429 1126 1869 1213 absolvatur
1939 1130 2270 1243 benigne
2337 1191 2892 1215 .......
2964 1128 3191 1228 Quod
3260 1155 3438 1212 cum
3509 1129 3859 1213 dominus

1055 1283 1256 1368 papa
1290 1270 1536 1342 erecta
1569 1271 1645 1343 et
1678 1260 1954 1373 rejecta
1988 1265 2276 1349 cervice
2324 1263 2765 1371 refutasset,
2805 1261 3162 1346 dominus
3218 1288 3350 1345 rex
3399 1260 3857 1347 Francorum

1052 1392 1362 1475 recessit
1422 1392 1693 1501 iratus,
1750 1421 1842 1478 eo
1898 1397 2108 1507 quod
2170 1396 2676 1481 humilitatem
2730 1421 2968 1507 quam
3029 1405 3460 1505 speraverat
3510 1396 3590 1477 in
3655 1422 3858 1480 servo

1055 1549 1449 1608 servorum
1505 1524 1680 1632 Dei,
1734 1527 2048 1612 minime
2108 1530 2535 1641 reperisset.
2596 1528 2833 1612 Mur.
2884 1526 3172 1634 Puus„
3231 1526 3423 1609 Hist.
3475 1526 3660 1637 maj.
3705 1533 3855 1611 An-

1053 1658 1297 1765 qlor„
1336 1682 1417 1765 p.
1458 1658 1646 1742 468.

635 2207 769 2307 „¹3
805 2207 1008 2319 ⁶233„
1161 2195 1644 2280 Innocentius
1690 2221 1927 2322 ‚papa
2015 2196 2597 2306 archiepiscopis
2672 2206 2749 2280 et
2830 2195 3299 2306 principibus
3376 2191 3863 2278 Alamanniae

1055 2330 1319 2414 scribit
1378 2332 1589 2441 quod
1659 2354 1799 2439 pro
1852 2328 2367 2413 Romanorum
2429 2355 2609 2440 rege
2659 2330 2740 2411 in
2794 2330 3326 2439 imperatorem
3381 2326 3857 2438 postmodum

1054 2464 1570 2573 promovendo
1628 2462 2040 2546 Hem-icum
2088 2461 2626 2572 landgravium
2680 2459 3146 2572 Thuringiae
3206 2460 3669 2545 unanimiter
3720 2459 3863 2541 eli-

1055 2607 1279 2707 gant,
1339 2596 1729 2706 electoque
1781 2594 2240 2679 Ferrariensi
2310 2596 2628 2677 mandat
2678 2596 2890 2704 quod
2960 2594 3323 2677 electione
3368 2577 3607 2700 facta,
3680 2617 3864 2701 pro-

1051 2728 1259 2813 tinus
1295 2727 1375 2809 in
1412 2727 1997 2812 contradictores
2031 2726 2297 2838 poenis
2333 2725 2851 2810 ecclesiasticis
2893 2725 3297 2810 desaeviat.

1216 2967 1486 3049 (Bdtder.
1510 2969 1862 3047 Barnun„
1889 2965 2113 3030 annal.
2147 2964 2367 3046 eccla,
2396 2967 2475 3029 ad
2500 2984 2645 3028 ann.
2683 2975 2860 3046 12⁴8,
2885 2964 3024 3048 311,
3057 2983 3093 3028 e
3115 2972 3360 3047 regest„
3388 2965 3524 3027 llhr.
3548 2966 3663 3044 m,
3689 2968 3855 3042 epist.

1290 3075 1528 3147 mnan„
1555 3072 1631 3133 11¹⁸
1657 3082 1719 3151 4,
1745 3082 1806 3151 5,
1837 3082 1875 3134 8
1896 3080 1958 3135 et
1986 3082 2046 3135 7.
2070 3103 2153 3120 -
2179 3074 2401 3148 Pau-z,
2427 3073 2688 3135 Momm.
2722 3071 2918 3137 Get-n.
2947 3071 3112 3152 hist„
3141 3080 3191 3135 t.
3222 3073 3338 3152 IV,
3361 3090 3424 3151 p.
3458 3081 3569 3135 ³01
3602 3078 3667 3134 et
3696 3071 3855 3148 ³62.)

2429 3297 2485 3370 1.

1154 3461 1630 3553 Innocentius,
1682 3472 1855 3553 etc„
1912 3460 2450 3558 archiepiscopis
2497 3471 2571 3533 et
2614 3459 2964 3561 nobilibus
3007 3461 3176 3534 viris
3230 3461 3385 3533 aliis
3443 3461 3863 3557 principibus

1054 3586 1474 3675 Theutonie,
1509 3584 1925 3657 habentibus
1951 3595 2364 3680 potestatem
2412 3585 2711 3678 eligendi
2736 3586 3199 3657 Romanorum
3241 3606 3477 3677 regem
3521 3595 3595 3657 et
3634 3585 3706 3656 in
3739 3586 3863 3656 im·

1054 3722 1444 3807 peratorem
1508 3709 1947 3804 postmodum
2017 3709 2570 3802 promovendum
2595 3762 2615 3800 ,
2675 3718 2808 3780 etc.
2877 3708 3050 3794 Quia
3123 3708 3304 3780 inter
3358 3718 3629 3780 ceteros
3680 3709 3863 3780 orbis

1057 3836 1402 3932 principes
1435 3834 1769 3906 honorem
1805 3832 2109 3903 Ecclesie
2150 3855 2235 3904 ao
2265 3833 2535 3928 imperii
2568 3833 2857 3906 Romani
2905 3832 3233 3904 tenemini
3269 3832 3660 3928 specialiter
3703 3853 3861 3926 pro·

1056 3936 1326 4051 curare,
1358 3980 1624 4052 nosque
1665 3952 1865 4027 firma
1896 3956 2306 4027 credulitate
2348 3978 2707 4052 speramus
2731 3955 2922 4051 quod
2952 3955 3045 4028 ad
3077 3955 3570 4027 exaltationem
3608 3956 3861 4026 utrius·

1056 4106 1194 4177 que
1225 4093 1556 4177 tanquam
1588 4080 1725 4154 fide
1760 4079 2059 4176 preclari
2090 4089 2160 4153 et
2201 4078 2571 4153 devotione
2604 4080 2856 4152 sinceri
2899 4079 3188 4152 sollicite
3228 4078 3585 4153 intenditis
3621 4090 3694 4152 et
3733 4081 3867 4150 fer-

1053 4219 1328 4297 venter,
1383 4229 1467 4279 eo
1509 4204 1971 4279 confidentius
2020 4225 2149 4278 vos
2190 4205 2283 4277 ad
2323 4204 2395 4277 id
2438 4206 2854 4298 requirimus
2903 4215 2973 4277 et
3025 4204 3385 4278 hortamur
3428 4226 3569 4300 quo
3614 4204 3866 4279 nostris

1058 4330 1129 4401 in
1164 4329 1298 4402 hac
1329 4341 1524 4425 parte
1554 4328 2006 4425 beneplacitis
2054 4328 2380 4402 libentius
2425 4339 2496 4401 et
2523 4331 2907 4425 promptius
2951 4350 3079 4402 vos
3109 4328 3455 4401 credimus
3492 4329 3862 4426 parituros.

1055 4454 1232 4526 Hinc
1280 4464 1386 4525 est
1433 4454 1624 4547 quod
1666 4474 1829 4525 cum
1867 4453 2163 4526 dilectus
2211 4451 2395 4525 filius
2440 4452 2692 4525 nobilis
2737 4453 2846 4524 vir
2885 4453 3311 4547 lantgravius
3355 4452 3733 4546 Thuringie
3778 4451 3870 4525 ad

1054 4578 1393 4653 honorem
1429 4577 1554 4648 Dei
1595 4586 1667 4649 et
1714 4577 2018 4649 Ecclesia
2053 4599 2137 4649 ac
2172 4577 2545 4649 christiane
2595 4576 2945 4669 religionis
2992 4577 3369 4673 presidium
3402 4577 3671 4672 imperii
3712 4598 3870 4673 pre-

1055 4704 1221 4777 dicti
1259 4701 1615 4796 negotium
1663 4721 2015 4773 assumere
2059 4702 2150 4775 sit
2189 4711 2509 4797 paratus,
2545 4701 3069 4774 universitatem
3119 4711 3422 4774 vestram
3465 4722 3860 4791 monemuS,
