4364 5738
987 590 1113 657 534
1984 588 2410 656 multtum
2458 586 2807 654 sEcuum
3418 585 3586 666 [An.
3620 586 3801 653 1247.

1083 727 1556 817 Innocentius,
1585 735 1758 819 etc„
1793 724 2179 800 marchioni
2210 724 2572 815 misnensi,
2606 733 2743 798 etc.
2776 723 3110 798 Miramur
3143 721 3522 819 plurimum
3546 733 3621 797 et
3653 731 3804 797 tur-

985 853 1239 925 bamur
1279 851 1470 946 quod
1513 872 1675 924 cum
1723 850 2126 945 iniquitates
2163 860 2236 925 et
2281 851 2548 925 scelera
2593 848 2920 924 Friderici
2971 848 3325 941 quondam
3372 847 3809 944 imperatoris

987 987 1153 1050 nota
1187 976 1327 1050 sint
1352 976 1675 1049 omnibus
1706 986 1847 1049 tam
1874 998 2091 1072 prope
2124 975 2364 1071 positis
2391 996 2603 1069 quam
2629 972 2913 1047 remotis
2940 994 3025 1047 ac
3055 973 3149 1046 ad
3181 995 3427 1048 omnes
3458 973 3650 1047 orbis
3677 993 3806 1047 an-

987 1103 1188 1194 gulos
1211 1102 1611 1196 pervenerit
1641 1102 1732 1174 de
1762 1101 1977 1196 ipsius
2009 1101 2410 1189 calliditate,
2442 1100 2690 1173 sevitia
2716 1108 2788 1173 et
2810 1098 3117 1172 versutia
3138 1098 3546 1190 manifestis,
3578 1108 3655 1172 tn
3684 1101 3810 1194 qui

991 1237 1321 1320 tanquam
1356 1225 1470 1296 vir
1508 1225 1787 1320 sapiens
1830 1236 1900 1298 et
1945 1235 2281 1320 expertus
2322 1246 2464 1298 non
2511 1224 2804 1298 deberes
2844 1224 2975 1297 hec
3020 1224 3253 1298 omnia
3301 1224 3661 1317 ignorare,
3698 1225 3813 1300 vis

990 1351 1276 1423 domum
1308 1357 1498 1422 tuam
1535 1359 1607 1422 et
1642 1349 2118 1445 posteritatem
2155 1348 2439 1422 inficere
2483 1348 2701 1444 ipsius
2733 1348 3073 1441 sanguine
3119 1349 3493 1444 scelerato,
3522 1370 3685 1422 cum
3713 1350 3811 1422 sis

989 1476 1314 1570 princeps
1335 1474 1718 1546 catholicus
1738 1484 1810 1546 et
1836 1474 1926 1547 de
1954 1475 2336 1567 majoribus
2365 1473 2608 1547 mundi
2637 1495 2844 1546 unus.
2864 1474 3053 1547 Licet
3081 1483 3313 1547 autem
3346 1482 3485 1547 tam
3517 1474 3809 1547 obtentu

993 1604 1091 1674 tui
1126 1621 1337 1693 quam
1367 1599 1701 1671 carissimi
1742 1599 1813 1671 in
1852 1600 2122 1673 Christo
2151 1598 2276 1672 filii
2311 1599 2527 1672 nostri
2567 1598 2750 1691 regis
2788 1598 3068 1672 Boemie
3114 1599 3401 1672 illustris
3441 1600 3663 1671 soceri
3709 1599 3815 1675 tui

988 1727 1108 1822 qui
1160 1744 1527 1821 personam
1575 1733 1766 1796 tuam
1810 1725 2014 1796 nobis
2058 1724 2434 1819 plurimum
2486 1724 3025 1814 commendavit,
3065 1726 3379 1798 volentes
3420 1724 3542 1796 tibi
3579 1724 3814 1798 faeere

989 1850 1280 1945 gratiam
1314 1849 1711 1943 specialem,
1730 1847 1985 1920 dilecto
2017 1847 2161 1921 filio
2192 1857 2433 1922 nostro
2463 1850 2537 1921 P.
2566 1849 2799 1923 Sancti
2821 1849 3096 1942 Georgii
3125 1849 3218 1922 ad
3232 1850 3481 1922 Velum
3496 1847 3809 1923 Aureum

992 1975 1284 2047 diacono
1304 1972 2075 2067 cardinali,Aposlolice
2092 1973 2294 2046 Sedis
2317 1975 2575 2066 legato,
2601 1994 2812 2068 super
2829 1973 3230 2046 relaxandis
3249 1981 3331 2046 ut
3351 1974 3637 2068 petebas
3654 1974 3815 2068 qui-

991 2099 1286 2171 busdam
1315 2098 1470 2170 latis
1499 2097 1631 2169 hac
1656 2099 2020 2170 occasione
2045 2099 2407 2170 sententiis
2432 2107 2704 2170 nostras
2735 2098 2866 2170 sub
2897 2107 3085 2170 certa
3117 2098 3334 2170 forma
3360 2098 3625 2171 litteras
3651 2097 3817 2170 diri-

989 2245 1260 2316 gamus,
1281 2223 1444 2315 quia
1470 2232 1698 2294 tamen
1712 2221 1814 2318 (a)
1840 2244 2209 2317 personam
2237 2232 2425 2295 tuam
2450 2222 2730 2317 speciali
2761 2223 3197 2318 prerogativa
3221 2223 3474 2295 favoris
3497 2232 3568 2296 et
3589 2222 3811 2315 gratia

990 2350 1500 2444 amplexanteS,
1536 2358 1939 2442 reputamus
1978 2358 2041 2419 te
2074 2350 2458 2419 maximum
2481 2358 2550 2419 et
2576 2347 2979 2442 precipuum
3012 2347 3315 2420 Ecclesie
3342 2347 3809 2440 defensorem,

991 2473 1334 2548 nohilitati
1364 2483 1481 2545 tue
1505 2473 1934 2546 consulimus
1964 2474 2145 2545 bona
2174 2470 2318 2545 fide
2352 2482 2560 2567 teque
2590 2495 2752 2545 cum
2786 2494 2991 2545 carus
3020 2472 3116 2545 sis
3154 2472 3357 2544 nobis
3398 2472 3815 2568 requirimus

993 2609 1064 2671 et
1105 2620 1430 2692 rogamus
1474 2608 1819 2692 quatenus
1872 2598 2307 2670 considerato
2338 2599 2723 2693 prudenter
2756 2598 2949 2691 quod
2998 2597 3476 2692 progenitores
3513 2597 3611 2669 tui
3640 2618 3809 2669 con-

993 2734 1254 2800 stanter
1283 2725 1354 2795 in
1382 2723 1755 2795 devotione
1771 2722 2380 2818 SedisApostolice
2408 2723 2884 2818 perstiterunt,
2908 2723 3165 2815 quibus
3195 2722 3413 2795 debes
3444 2721 3625 2794 sicut
3655 2743 3809 2816 pro·

997 2849 1360 2943 pagatione
1381 2847 1736 2939 sanguinis
1764 2848 1865 2919 sic
1888 2847 2283 2920 devotionis
2302 2848 2687 2921 imitatione
2713 2847 3119 2937 succedere,
3149 2847 3479 2941 quodque
3502 2846 3811 2941 prefatus

992 2973 1379 3044 Fridericus
1414 2973 1637 3044 modis
1668 2972 1921 3064 quibus
1954 2983 2182 3066 potest
2220 2973 2437 3066 spirat
2478 2995 2621 3045 non
2662 2982 2803 3045 tam
2839 2972 2933 3044 ad
2972 2971 3495 3047 mbversionem
3533 2970 3700 3044 fidei
3739 2981 3807 3041 et

993 3096 1298 3168 Ecclesie
1330 3106 1571 3167 contra
1604 3116 1776 3187 quas
1807 3095 2111 3167 nefando
2143 3095 2556 3168 commercio
2597 3097 2859 3188 jugiter
2899 3095 3332 3166 machinatur
3361 3117 3569 3188 quam
3603 3097 3807 3168 etiam

995 3220 1085 3291 ad
1114 3218 1572 3290 destruendos
1595 3219 1870 3313 penitus
1896 3220 2009 3289 vel
2038 3220 2282 3290 saltem
2318 3219 2733 3311 redigendos
2756 3221 2827 3291 in
2853 3230 3237 3292 extremam
3269 3222 3379 3291 vel
3409 3221 3804 3292 vilissimam

997 3344 1400 3415 servitutem
1454 3363 1693 3414 omnes
1745 3343 2015 3415 nobiles
2065 3352 2137 3414 et
2190 3353 2543 3439 potenteS,
2585 3355 2818 3416 natam
2872 3345 3182 3436 ejusdem
3225 3366 3385 3416 cum
3424 3366 3561 3438 qua
3607 3355 3808 3417 natus

1000 3478 1159 3542 tuus
1184 3468 1274 3542 de
1303 3471 1484 3541 facto
1511 3468 1859 3565 sponsalia
1880 3471 2311 3543 contraxisse
2331 3471 2608 3558 dicitur,
2632 3492 2843 3563 quam
2868 3492 3010 3546 non
3040 3480 3238 3567 potes
3262 3471 3411 3543 sine
3430 3471 3662 3544 anime
3692 3480 3807 3543 tue

997 3616 1080 3669 ac
1116 3596 1266 3686 ejus
1309 3594 1617 3693 periculo
1649 3591 1978 3683 retinere,
2012 3593 2103 3665 ad
2137 3616 2297 3667 eum
2329 3596 2449 3689 qui
2483 3595 2668 3667 misit
2702 3616 2856 3666 eam
2892 3616 3018 3693 pro
3052 3595 3289 3667 divina
3319 3604 3391 3666 et
3414 3593 3808 3691 Apostolice

997 3720 1196 3795 Sedis
1249 3740 1332 3792 ac
1390 3725 1626 3790 nostra
1685 3717 2074 3790 reverentia
2133 3718 2483 3793 remittere
2529 3741 2669 3792 non
2714 3728 3126 3815 postponas3
3163 3740 3288 3815 pro
3330 3728 3523 3792 certo
3568 3730 3809 3794 teneus

998 3844 1184 3938 quod
1218 3852 1852 3939 quantumcumque
1892 3862 2259 3936 personam
2304 3853 2489 3915 tuam
2533 3842 2974 3913 intendamus
3013 3843 3339 3937 prosequi
3375 3845 3810 3941 prerogativa

996 3967 1215 4059 gratie
1262 3965 1601 4062 specialiS,
1641 3965 1904 4062 prefata
1959 3966 2303 4062 sponsalia
2351 3989 2491 4038 non
2541 3989 2901 4063 possemus
2946 3989 3103 4038 cum
3157 3967 3341 4038 bona
3395 3966 3812 4039 conscientia

1000 4092 1320 4163 tolerare.
1356 4091 1598 4161 Preces
1631 4089 1837 4180 igitur
1869 4100 2137 4161 nostras
2165 4090 2263 4163 sic
2291 4091 2571 4162 studeas
2600 4090 2968 4162 efficaciter
2996 4100 3068 4162 et
3093 4091 3409 4161 celeriter
3434 4091 3809 4185 adimplere

998 4216 1188 4307 quod
1221 4214 1477 4285 exinde
1510 4214 1696 4308 apud
1733 4215 1976 4302 Deum,
2012 4215 2083 4284 in
2115 4215 2310 4306 cujus
2341 4214 2656 4307 injuriam
2699 4226 2769 4286 et
2802 4215 3100 4287 nominis
3136 4216 3241 4287 sui
3275 4237 3487 4308 grave
3531 4215 3808 4309 dispen-

999 4335 1191 4408 dium
1232 4337 1321 4407 ad
1367 4336 1758 4429 hujusmodi
1807 4337 2319 4409 matrimonium
2371 4339 2890 4434 procederetur,
2932 4338 3066 4411 hoc
3120 4349 3432 4434 tempore
3467 4348 3810 4410 accrescat

998 4459 1320 4531 meritum
1349 4468 1420 4530 et
1442 4461 1592 4532 laus
1614 4459 1685 4531 iu
1716 4461 1987 4556 populis
2016 4462 2406 4571 nationum,
2424 4462 2815 4559 reddasque
2840 4463 2964 4537 tibi
2986 4474 3060 4536 et
3084 4464 3216 4537 tuis
3245 4463 3535 4560 provide
3558 4463 3806 4536 Sedem

1080 4725 1162 4806 (a)
1208 4726 1280 4788 In
1306 4726 1505 4789 codice
1533 4732 1785 4807 tantum,
1823 4728 1997 4791 male.
