4364 5738
507 622 713 684 Inter.
743 620 837 698 4.]
1411 616 1809 681 HISTORIA
1855 617 2446 682 mnoua'rtca
3217 613 3341 678 893

511 756 929 830 sententiam
964 751 1451 849 depositionis,
1488 762 1726 826 nostre
1761 753 2298 847 magnanimitas
2338 752 2719 846 majestatis
2748 752 3190 846 aliquatenus
3224 751 3336 822 in-

512 890 873 954 curvetur.
898 877 1250 951 Habemus
1280 876 1468 948 enim
1487 886 1726 949 nostre
1748 877 2170 950 conscientie
2204 877 2605 973 puritatem,
2641 897 2726 950 ac
2747 898 2875 972 per
2900 895 3339 969 consequens

511 1004 739 1077 Deum
770 1001 1134 1074 nobiscum
1172 1030 1191 1074 z
1223 1001 1425 1096 cuius
1458 1000 1928 1073 testimonium
1962 1001 2403 1092 invocamuS,
2437 1001 2603 1095 quia
2637 1020 2915 1094 semper
2941 999 3075 1071 fuit
3102 1008 3339 1071 nostre

513 1125 894 1199 voluntatis
914 1124 1209 1197 intentio
1240 1123 1529 1197 clericos
1548 1125 2028 1218 cujuscunque
2055 1124 2320 1197 ordinis
2342 1124 2438 1197 ad
2459 1124 2596 1197 hoc
2620 1124 2981 1214 inducere,
3014 1133 3087 1195 et
3122 1122 3340 1218 preci-

516 1270 655 1345 pue
684 1249 1030 1321 maximos
1055 1247 1152 1320 ad
1167 1247 1366 1319 illum
1393 1257 1652 1320 statum
1675 1247 2010 1321 reducere
2033 1256 2117 1319 ut
2136 1249 2313 1320 tales
2333 1257 2784 1344 perseverent
2802 1247 2873 1318 in
2900 1245 3068 1337 fine,
3094 1248 3338 1339 quales

517 1374 800 1447 morunt
827 1373 901 1445 in
923 1371 1233 1445 Ecclesia
1264 1371 1614 1466 primitiva
1631 1423 1656 1462 ‚
1697 1373 2147 1467 apostolicam
2176 1370 2396 1444 vitam
2420 1371 2757 1444 ducentes
2782 1381 2853 1442 et
2878 1369 3339 1443 humilitatem

517 1496 951 1570 Dominicam
976 1495 1350 1567 imitantes.
1378 1496 1580 1567 Tales
1603 1517 1911 1589 namque
1943 1495 2177 1568 clerici
2216 1496 2537 1568 solebant
2560 1496 2847 1588 angelos
2881 1494 3172 1584 intueri,
3206 1494 3338 1566 mi·

518 1619 774 1693 raculis
816 1639 1187 1692 coruscare
1205 1671 1226 1710 ,
1277 1639 1482 1711 egros
1518 1639 1800 1710 curare,
1843 1629 2159 1692 mortuos
2201 1619 2536 1713 suscitare
2552 1671 2574 1710 ‚
2624 1627 2699 1690 et
2742 1617 3143 1707 sanctitate,
3195 1636 3340 1692 nou

518 1743 735 1816 armis
774 1741 907 1814 sibi
945 1762 1146 1836 reges
1182 1751 1256 1813 et
1305 1741 1654 1838 principes
1692 1742 2094 1835 subjugare.
2141 1743 2236 1815 At
2278 1744 2388 1814 isti
2428 1744 2666 1815 seculo
2715 1719 2934 1815 dediti
2977 1753 3051 1814 et
3092 1741 3342 1815 ebriati

522 1866 789 1942 deliciis
809 1919 832 1956 ,
871 1866 1098 1938 Deum
1151 1876 1614 1961 postponunt,
1667 1887 1968 1961 qnorum
2023 1888 2117 1939 ex
2164 1866 2517 1939 affluentia
2565 1864 2965 1940 divitiarum
3012 1876 3090 1939 et
3124 1886 3342 1962 opum

520 1991 750 2064 omnis
776 1990 1019 2084 religio
1050 1989 1449 2063 suffocatur.
1479 1989 1760 2062 Talibus
1791 1989 2001 2082 igitur
2031 1989 2440 2068 subtrahere
2470 2000 2804 2061 nocentes
2837 1989 3149 2079 divitias,
3181 1990 3338 2084 qui-

521 2115 656 2187 bus
691 2113 1179 2187 damnabiliter
1216 2123 1630 2204 onerantur,
1672 2133 1853 2208 opus
1889 2120 1998 2184 est
2045 2109 2427 2184 charitatis.
2467 2112 2581 2185 Ad
2630 2111 2766 2185 hoc
2804 2132 2934 2186 vos
2980 2122 3055 2184 et
3100 2132 3343 2188 omnes

522 2239 874 2334 principes
905 2259 1048 2309 uua
1086 2237 1485 2329 nobiscum,
1522 2246 1603 2307 ut
1641 2245 1893 2308 cuncta
1926 2233 2278 2330 superflua
2313 2234 2780 2329 deponentes,
2817 2235 3107 2308 modicis
3135 2236 3347 2308 rebus

524 2361 861 2453 contenti,
890 2363 1042 2433 Deo
1067 2359 1378 2433 serviant
1400 2359 1516 2432 cui
1546 2359 1860 2432 serviunt
1885 2358 2148 2447 omnia,
2187 2379 2469 2430 omnem
2499 2379 2712 2452 quam
2749 2359 3037 2454 potestis
3076 2359 3346 2432 debetis

524 2485 956 2579 diligentiam
986 2484 1345 2557 adhibere.

635 3034 1102 3142 FridericuS,
1140 3035 1662 3118 Romanorum
1705 3032 2146 3145 imperator,
2193 3033 2612 3145 quamdam
2669 3031 3116 3117 Germaniae
3158 3028 3355 3114 civi-
3401 3062 3680 3165 [regma

532 3177 768 3251 tatem
820 3167 1309 3251 commendat
1369 3168 1582 3277 quod
1629 3167 1899 3251 litteris
1951 3193 2195 3278 papae
2257 3166 2723 3251 audientiam
2780 3163 3350 3277 denegaverint,

533 3300 1036 3410 hortaturque
1098 3309 1186 3382 ut
1252 3299 1557 3382 nullum
1613 3301 1971 3384 nuntium
2032 3326 2162 3384 eos
2224 3302 2660 3384 subvertere
2709 3298 3137 3408 cupientem
3194 3297 3352 3383 ad-

536 3431 871 3515 mittant.

701 3643 947 3726 (Inedlt.
979 3662 1056 3707 ex
1082 3645 1218 3706 cod.
1246 3646 1404 3708 Bibl.
1436 3644 1634 3707 Cesar.
1663 3646 1922 3709 vindob.
1954 3642 2267 3726 Philoloq„
2296 3655 2363 3707 n·
2395 3655 2532 3722 305,
2563 3644 2665 3706 fol.
2703 3655 2816 3706 154
2840 3646 3060 3723 verso.)

633 3830 1056 3921 FridericuS,
1092 3839 1229 3902 etc.
1273 3830 1416 3901 Etsi
1451 3827 1626 3902 fides
1652 3841 1886 3902 vestra
1919 3851 2087 3904 vera
2127 3830 2216 3903 sit
2258 3831 2460 3903 nobis
2497 3853 2625 3925 per
2654 3851 2943 3925 operum
2970 3840 3361 3903 vestrorum

538 3954 959 4027 evidentiam
1001 3965 1073 4026 et
1106 3962 1435 4048 experta,
1470 3953 1544 4024 in
1582 3975 1666 4027 eo
1696 3965 1929 4027 tamen
1961 3954 2141 4027 sicut
2168 3977 2397 4050 nuper
2423 3954 2757 4049 hylariter
2780 3953 3174 4048 accepimus
3194 4006 3215 4045 ,
3256 3965 3363 4025 est

540 4078 1054 4151 evidentissime
1103 4077 1453 4150 declarata
1500 4076 1693 4171 quod
1718 4078 1989 4156 ‚litteris
2037 4101 2218 4174 pape
2262 4079 2515 4172 quibus
2559 4087 2640 4149 ut
2680 4099 2807 4149 vos
2852 4098 2893 4148 a
2942 4074 3080 4149 fide
3126 4088 3361 4150 nostra

540 4200 809 4273 facilius
850 4210 1236 4292 averteret,
1285 4210 1589 4272 vestram
1633 4199 1733 4299 (a)
1775 4200 2185 4274 intendebat
2231 4201 2660 4292 demulcere,
2694 4200 3119 4273 audientiam
3150 4201 3364 4274 dene-

540 4333 811 4417 gantes,
830 4345 1088 4397 nomen
1114 4334 1427 4397 nostrum
1453 4323 1527 4395 in
1551 4334 1784 4397 vestre
1806 4325 2102 4397 civitatis
2131 4321 2595 4420 blasphemari
2629 4323 2935 4397 ecclesiis
2963 4326 3112 4397 zelo
3144 4325 3360 4398 devo·

546 4445 751 4518 tionis
777 4446 978 4520 solite
1009 4447 1323 4520 vetuistis
1346 4444 1568 4545 (b),ut
1598 4447 1671 4519 in
1704 4468 1788 4520 eo
1819 4445 1984 4521 fidei
2010 4458 2243 4520 vestre
2274 4449 2463 4520 zelus
2494 4448 2697 4521 nobis
2729 4449 3092 4523 manifeste
3125 4450 3361 4524 decla·

627 4621 712 4701 (a)
754 4623 1026 4683 Forsitan
1054 4623 1527 4685 subaudiendum
1551 4641 1769 4686 aurant.

629 4724 709 4807 (b)
753 4726 827 4788 In
849 4727 984 4789 cod.
1013 4729 1334 4804 vetustatis,
1362 4729 1561 4790 malea

704 4832 814 4896 VI.
2968 4845 3043 4897 εο

3633 3062 3756 3103 ovet
