4364 5738
1010 543 1137 612 420
2012 551 2441 617 rmntmct
2490 553 2838 616 saeuum
3455 553 3624 637 [An.
3656 554 3835 620 12⁴8.

1013 681 1180 758 blici
1206 684 1598 760 tabellionis
1622 685 1895 782 imperii
1921 687 2053 761 sub
2082 709 2274 764 anno
2302 688 2648 764 dominice
2676 687 3173 764 incarnationis
3189 690 3561 765 millesimo
3583 691 3842 766 ducen-

1015 807 1265 882 tesimo
1295 809 1825 905 quadragesimo
1860 821 2091 902 sexto,
2114 812 2230 887 die
2257 814 2607 888 dominico
2637 812 3117 888 sextodecimo
3145 813 3562 904 decembris,
3597 815 3844 909 quinte

1011 930 1448 1024 indictionis,
1486 934 1676 1029 apud
1716 943 2020 1006 castrum
2057 936 2340 1009 abbatie
2380 937 2615 1010 Sancti
2654 936 3032 1009 Salvatoris
3071 936 3203 1008 sub
3241 937 3515 1033 porticu
3549 938 3841 1013 ecclesie

1014 1055 1268 1128 Sancte
1296 1056 1532 1131 Crucis
1557 1057 1698 1132 de
1677 1079 1831 1153 ipso
1862 1060 2055 1150 loco,
2088 1081 2324 1135 coram
2356 1061 2643 1136 domino
2665 1061 3010 1138 Mainecto
3029 1059 3272 1154 jndice
3294 1060 3387 1133 de
3416 1061 3650 1153 Prato,
3669 1062 3837 1135 Tan-

1012 1177 1225 1253 credo
1257 1181 1529 1255 notario
1560 1180 1704 1255 filio
1732 1181 2013 1255 Andree
2043 1183 2135 1256 de
2165 1195 2394 1258 castro
2434 1185 2747 1281 predicte
2781 1186 3101 1275 abbatie,
3141 1184 3526 1259 licteramo
3566 1184 3842 1264 notario

1015 1302 1109 1376 de
1137 1303 1391 1377 eodem
1414 1315 1645 1379 castro
1671 1315 1742 1378 et
1767 1307 1920 1379 aliis
1952 1329 2165 1401 quam
2191 1308 2509 1405 pluribus
2539 1309 2831 1382 testibus
2858 1285 3320 1403 presentibus.

1110 1428 1258 1521 Ego
1293 1431 1605 1502 notarius
1631 1431 1969 1505 vivaldus
1999 1431 2089 1506 de
2121 1434 2564 1508 Pontremulo
2598 1434 2775 1508 sacri
2801 1433 3046 1506 Palatii
3083 1432 3417 1527 predictis
3454 1432 3735 1507 interfui
3765 1443 3836 1506 et

852 1643 861 1654 .
1014 1553 1348 1628 mandato
1390 1555 1638 1650 prefati
1674 1555 2017 1650 capitanei
2047 1557 2401 1652 predictas
2429 1558 2704 1632 lieteras
2729 1558 3154 1632 autenticavi
3187 1567 3260 1630 et
3291 1557 3643 1652 publicavi
3670 1567 3741 1631 et
3761 1556 3832 1629 in

1016 1676 1368 1771 publicam
1400 1677 1694 1752 formam
1729 1679 1999 1772 redegi.

1122 2201 1456 2290 Muricus
1503 2204 1600 2287 de
1655 2203 1970 2314 Siponto
2014 2214 2089 2288 et
2138 2203 2588 2288 Lambertus
2625 2203 3085 2287 Curnientus
3132 2204 3228 2287 de
3276 2200 3591 2309 Barolo‚
3644 2224 3844 2285 ma-

1014 2332 1233 2446 gistri
1276 2348 1804 2448 procuratores
1850 2338 2104 2420 curiae
2146 2335 2230 2418 in
2267 2334 2544 2446 Apulia
2562 2399 2586 2444 ,
2638 2336 2954 2446 receptis
3002 2335 3521 2448 imperialibus
3566 2335 3828 2418 litteris

1011 2495 1343 2580 quarum
1414 2468 1835 2580 capitulum
1900 2468 1998 2552 ad
2066 2493 2231 2552 rem
2307 2467 2630 2578 speciale
2691 2477 2990 2551 tantum
3041 2467 3430 2575 inseritur,
3494 2465 3831 2551 scribunt

1009 2599 1242 2685 Leoni
1286 2599 1476 2687 Belli
1512 2601 1609 2686 de
1644 2600 1842 2686 Baro
1879 2613 1964 2686 ut
2013 2600 2278 2684 Casale
2319 2599 2661 2712 Ruptum
2697 2610 2773 2685 et
2815 2601 3315 2684 tenimentum
3361 2599 3616 2684 Sancti
3650 2599 3824 2685 Ma-

1010 2734 1212 2819 thaei
1248 2761 1446 2846 quae
1482 2733 1828 2819 Andreas
1873 2735 1971 2818 de
2011 2733 2268 2818 Cicala
2302 2733 2684 2817 mediante
2719 2759 2976 2816 annuo
3011 2760 3243 2817 censu
3285 2760 3332 2816 a
3368 2731 3828 2817 monasterio

1014 2866 1330 2952 Cavensi
1394 2868 1697 2952 tenebat
1755 2878 1830 2951 et
1897 2894 2095 2978 quae
2144 2865 2637 2977 postmodum
2695 2864 2795 2949 ad
2851 2892 3045 2976 opus
3096 2866 3351 2950 curiae
3419 2863 3826 2976 imperialis

1010 3012 1234 3110 capta
1270 3001 1617 3106 fuerant,
1657 3001 1905 3083 eidem
1942 3000 2403 3084 monasterio
2438 3000 2822 3105 restituat,
2863 2996 3009 3080 nisi
3043 3011 3458 3082 conventus
3496 2996 3592 3080 sit
3633 3023 3827 3081 con-

1009 3144 1266 3219 tentus
1300 3159 1533 3216 censu
1591 3133 1859 3216 eodem
1899 3132 2043 3216 sibi
2081 3133 2179 3216 ab
2216 3133 2588 3242 imperiali
2623 3133 2836 3217 curia
2868 3132 3395 3242 persolvendo,

1174 3343 1420 3426 (Inedlt.
1459 3347 1522 3405 ln
1552 3345 1778 3409 archiv.
1815 3354 2065 3409 monast.
2098 3345 2352 3410 Cavens.
2390 3362 2465 3409 ex
2503 3346 2708 3409 charta
2738 3363 2998 3427 pergam.
3030 3349 3246 3427 origin.
3280 3344 3589 3424 paululum
3624 3350 3825 3407 vetus-

1248 3455 1371 3513 tate
1397 3449 1638 3531 deleta.)

1107 3638 1184 3711 ln
1207 3637 1488 3710 nomine
1506 3638 1778 3709 Domini
1792 3638 2013 3711 nostri
2033 3637 2244 3710 lhesu
2266 3638 2539 3726 Christi,
2563 3659 2749 3711 anno
2769 3637 3113 3710 dominice
3136 3636 3630 3710 incarnationis
3648 3635 3825 3727 ejus·

1009 3763 1173 3839 dem
1199 3763 1562 3835 millesimo
1595 3762 2071 3835 ducentesimo
2101 3762 2634 3855 quadragesimo
2666 3773 2865 3834 sexto
2882 3814 2904 3853 ,
2928 3762 3315 3856 imperante
3350 3760 3632 3833 domino
3663 3780 3822 3832 nos-

1007 3897 1118 3961 tro
1168 3886 1533 3961 Frederico
1587 3886 1711 3957 Dei
1763 3884 1989 3979 gratia
2050 3885 2502 3957 invictissimo
2558 3887 3028 3959 Romanorum
3085 3884 3503 3981 imperatore
3554 3905 3825 3983 semper

1007 4020 1331 4105 august0‚
1355 4009 1625 4105 imperii
1649 4010 1711 4104 ej
1720 4032 1802 4080 us
1830 4029 2017 4081 anno
2038 4008 2370 4081 vicesimo
2394 4019 2624 4101 sexto,
2640 4010 2836 4102 regni
2851 4028 3023 4082 vero
3040 4008 3415 4082 Ierusalem
3437 4028 3624 4107 anno
3645 4007 3826 4080 vice-

1008 4133 1183 4206 simo
1190 4185 1697 4206 .......
1736 4144 1807 4204 et
1833 4131 2059 4204 Sicilie
2090 4125 2277 4203 anno
2310 4131 2838 4225 quadragesimo
2866 4153 3078 4222 none,
3109 4132 3222 4204 die
3257 4132 3422 4204 lune
3452 4130 3826 4204 undecimo

1008 4255 1266 4329 mensis
1289 4255 1506 4348 junii,
1538 4265 1785 4350 quarte
1816 4255 2240 4329 indictionis.
2262 4256 2404 4328 Nos
2425 4256 2566 4327 Leo
2594 4257 2771 4328 Belli
2823 4302 3820 4329 .............

1012 4390 1199 4453 terra
1220 4377 1519 4450 Ydronti
1550 4381 1848 4452 fatemur
1883 4380 1954 4451 in
1987 4380 2339 4475 presentia
2364 4379 2632 4453 domini
2665 4379 2996 4453 Iohannis
3029 4380 3117 4451 de
3148 4381 3425 4452 Pavone
3453 4377 3832 4474 imperialis

1006 4500 1410 4575 Barensium
1441 4502 1722 4593 judicis,
1753 4504 1925 4575 Boni
1958 4513 2028 4575 et
2060 4504 2428 4575 Guillielmi
2461 4502 2918 4599 imperialium
2942 4505 3207 4577 Mutule
3230 4502 3575 4595 judicum,
3612 4498 3825 4574 Porfi-

1007 4627 1130 4719 rii,
1164 4623 1508 4699 Leonardi
1540 4633 1611 4698 et
1636 4625 1933 4721 laquinti
1965 4626 2318 4723 quondam
2345 4626 2662 4719 judicum
2692 4637 2762 4699 et
2787 4627 3080 4699 aliorum
3113 4626 3492 4722 proborum
3512 4624 3823 4699 virorum
