4364 5738
547 493 750 554 lnmcr.
787 492 874 570 l.]
1451 491 1842 552 HISTORIA
1896 491 2487 553 mPLOMA'rtcA.
3296 497 3375 557 75

553 627 758 714 Quod
797 627 855 699 si
890 646 1033 699 non
1068 624 1342 699 venerit
1375 646 1510 697 nec
1551 626 1946 700 satisfacere
1980 627 2316 716 voluerit,
2348 627 2687 722 imperiali
2729 628 2963 700 banno
3011 642 3172 701 cum
3218 653 3371 703 om-

552 751 759 823 nibus
800 751 1001 824 bonis
1045 773 1188 823 suls
1242 749 1497 823 deinde
1549 752 1962 843 subjacebit.
2006 750 2470 846 Suprascripti
2515 762 2834 846 preterea
2876 750 3117 824 fideles
3157 755 3373 827 nostri

553 874 908 968 quoddam
942 873 1382 971 privilegium
1421 873 1565 945 divi
1605 876 1883 969 augusti
1920 874 2357 970 imperatoris
2397 874 2721 946 Friderici
2758 876 2871 948 avi
2912 876 3130 948 nostri
3171 898 3370 949 reco-

552 999 760 1071 lende
802 999 1133 1072 memorie
1169 1019 1385 1070 aurea
1416 997 1610 1070 bulla
1644 998 1925 1091 datum,
1962 999 2232 1070 dudum
2264 998 2870 1094 predecessoribus
2910 1021 3151 1072 eorum
3192 1002 3371 1074 libe-

551 1123 787 1195 raliter
843 1124 1191 1196 indultum
1247 1122 1533 1219 fereque
1602 1123 1837 1195 omnia
1894 1123 2261 1195 continens
2319 1123 2565 1195 eadem
2623 1145 2763 1216 que
2816 1124 3134 1218 superius
3191 1123 3376 1197 dicta

551 1259 739 1338 sunt,
780 1271 906 1343 per
934 1249 1271 1323 Ubertum
1308 1248 1791 1331 marchionem,
1812 1248 2320 1339 Pelavicinum',
2359 1248 2535 1319 sacri
2566 1248 2837 1343 imperii
2864 1249 2937 1321 in
2965 1250 3371 1343 Lunigiana,

551 1372 876 1463 Versilia,
908 1373 1349 1464 Garfagnana
1379 1383 1452 1445 et
1483 1373 1793 1467 partibus
1832 1372 2214 1445 convicinis
2253 1371 2590 1444 vicarium
2625 1374 3061 1465 generalem,
3096 1371 3377 1447 fidelem

554 1506 906 1586 nostrum,
951 1506 1189 1569 nostro
1230 1496 1516 1569 culmini
1558 1505 2081 1592 presentarunt,
2136 1496 2608 1591 supplicantes
2645 1517 2773 1591 per
2818 1495 3141 1569 eumdem
3190 1518 3375 1569 mar-

554 1619 874 1691 chionem
907 1619 1205 1693 fideliter
1233 1630 1304 1693 et
1334 1621 1590 1694 devote
1624 1630 1704 1693 ut
1728 1621 2170 1717 privilegium
2197 1622 2424 1717 ipsum
2448 1620 2550 1692 eis
2578 1618 2988 1692 confirmare
3020 1621 3110 1692 de
3141 1631 3378 1693 nostra

555 1743 776 1837 gratia
833 1743 1307 1836 dignaremur.
1366 1745 1507 1818 Nos
1569 1753 1803 1817 autem
1859 1744 2480 1842 supplicationibus
2528 1742 2933 1816 eorumdem
2982 1753 3379 1817 nostrorum

557 1868 866 1941 fidelium
895 1870 1240 1962 inclinati,
1281 1871 1470 1944 idem
1506 1872 1949 1967 privilegium
1983 1872 2126 1945 divi
2161 1872 2437 1964 augusti
2469 1871 2584 1943 avi
2620 1870 2839 1944 nostri
2875 1871 3167 1966 predicti
3196 1872 3380 1946 dicte

555 1993 930 2089 imperialis
965 1995 1464 2089 preeminentie
1504 1996 1726 2088 gratia
1779 1993 2298 2068 confirmamus.
2352 1994 2730 2067 Statuimus
2771 1994 3006 2088 itaque
3053 2004 3123 2067 et
3156 1996 3377 2092 impe-

555 2118 707 2189 riali
757 2119 1105 2190 sancimus
1143 2119 1374 2191 edicto
1420 2117 1710 2191 firmiter
1742 2120 2182 2212 injungentes
2221 2127 2563 2212 quatenus
2612 2118 2846 2191 nullus
2905 2117 3091 2209 dux,
3148 2121 3381 2192 nullus

555 2241 889 2334 marchio,
928 2243 1161 2314 nullus
1200 2242 1640 2336 capitaneuS,
1687 2244 1921 2314 nullus
1959 2242 2523 2335 archiepiscopus
2558 2241 2673 2313 vel
2707 2241 3108 2336 episcopuS,
3149 2243 3383 2317 nullus

558 2387 789 2439 comes
827 2377 953 2439 aut
988 2367 1415 2458 vicecomes,
1469 2368 1664 2438 nulla
1694 2375 2039 2463 potestas,
2079 2367 2314 2437 nullus
2350 2358 2706 2437 consultor
2737 2365 2853 2436 vel
2893 2376 3148 2456 rector,
3189 2366 3382 2438 nulla

558 2491 838 2583 civitaS,
875 2493 1144 2564 nullum
1183 2515 1589 2582 commune,
1633 2491 1828 2564 nulla
1862 2490 2312 2581 universitas,
2350 2490 2543 2561 nulla
2580 2489 2881 2583 denique
2913 2512 3210 2585 persona
3243 2491 3384 2564 alta

560 2617 670 2687 vel
733 2617 1052 2709 humilis,
1087 2618 1553 2689 ecclesiastica
1608 2619 1725 2690 vel
1779 2617 2145 2707 secularis,
2172 2614 2524 2711 predictos
2573 2614 3093 2708 prenominatos
3142 2614 3386 2689 fideles

561 2750 833 2814 nostros
873 2753 1115 2815 contra
1155 2762 1443 2835 presens
1477 2740 1915 2836 privilegium
1962 2751 2278 2813 nostrum
2324 2760 2499 2810 ausu
2548 2738 2914 2811 temerario
2959 2739 3379 2833 inquietare,

561 2866 927 2939 molestare
986 2889 1111 2938 seu
1172 2866 1584 2962 perturbare
1634 2875 2017 2962 presumat.
2076 2862 2280 2949 Quod
2332 2863 2453 2959 qui
2507 2862 3008 2959 presumpserit
3063 2863 3386 2955 indigna·

562 2990 819 3063 tionem
852 2990 1174 3062 culminis
1203 2990 1422 3063 nostri
1458 3013 1533 3062 se
1568 2991 1841 3063 noverit
1871 2991 2314 3061 incursurum
2343 2998 2415 3060 et
2444 2988 2951 3083 quinquaginta
2985 2987 3194 3058 libras
3231 2989 3384 3060 auri

464 3112 468 3116 ⁴
562 3114 767 3208 probi
799 3122 871 3183 et
895 3113 1138 3207 optimi
1164 3133 1291 3207 pro
1319 3135 1501 3208 pena
1529 3114 2073 3209 compositurum
2091 3168 2110 3205 ,
2148 3133 2445 3207 quarum
2479 3111 2817 3184 medietas
2849 3109 3016 3183 fisco
3046 3121 3285 3184 nostro
3317 3123 3390 3186 et

564 3236 831 3329 reliqua
868 3235 1206 3308 medietas
1255 3237 1475 3331 passis
1524 3237 1845 3329 injuriam
1891 3238 2305 3333 applicetur.
2347 3233 2458 3308 Ad
2502 3234 2710 3327 hujus
2758 3244 2992 3307 autem
3041 3245 3387 3331 protesta-

565 3358 796 3450 tioniS,
834 3359 1298 3431 concessionis
1330 3369 1402 3431 et
1432 3357 1970 3433 confirmationis
2001 3369 2242 3433 nostre
2278 3359 2684 3433 memoriam
2712 3369 2784 3432 et
2813 3359 3027 3432 robur
3050 3372 3388 3457 perpetuo

565 3483 977 3574 valiturum,
1018 3505 1304 3578 presens
1342 3483 1780 3578 privilegium
1812 3483 1961 3556 fieri
1998 3494 2069 3557 et
2093 3485 2287 3555 bulla
2321 3504 2534 3555 aurea
2571 3483 2842 3579 typario
2868 3494 3103 3556 nostre
3135 3487 3388 3579 majes-

563 3606 721 3678 tatis
754 3583 1090 3701 impressa
1114 3608 1448 3699 jussimus
1483 3607 1920 3680 communiri.

658 3732 878 3822 Hujus
909 3731 1010 3802 rei
1037 3752 1207 3803 vero
1238 3740 1449 3804 testes
1479 3743 1643 3805 sunt
1677 3731 2065 3804 :Berardus
2101 3728 2204 3827 (a)
2235 3730 2764 3803 Panormitanus
2799 3731 3383 3826 archiepiscopus,

564 3854 649 3926 H.
692 3855 953 3926 electus
979 3851 1075 3951 (b)
1107 3855 1660 3948 Bambergensis,
1697 3855 2049 3929 Oderisius
2082 3854 2175 3952 (c)
2199 3854 2624 3928 Marsicanus
2660 3855 3051 3952 episcopus,
3085 3855 3390 3946 Uguccio

565 3978 1003 4051 Taurinensis
1042 3976 1145 4074 (d)
1201 3980 1602 4076 episcopus,
1669 3981 2072 4053 Thomasius
2140 3980 2231 4053 de
2290 3980 2579 4054 Materio
2616 3976 2709 4075 (e)
2754 3979 2931 4054 sacri
2985 3978 3257 4073 imperii
3313 3979 3384 4051 in

649 4172 731 4252 (a)
778 4173 851 4234 In
876 4176 1163 4251 impresso
1188 4173 1550 4256 Ber-nardus,
1583 4178 1780 4238 minus
1806 4182 1982 4238 recte.

651 4278 731 4360 (b)
774 4281 1000 4343 Ibidem
1024 4279 1327 4364 qma-alis,
1361 4286 1628 4361 pessime.

652 4385 726 4466 (c)
768 4387 995 4449 Ibidem
1027 4386 1320 4463 Odor-icus,
1351 4392 1549 4450 minus
1574 4396 1748 4450 recte.

652 4490 740 4571 (d)
781 4494 1008 4555 Ibidem
1041 4493 1449 4569 Treverimis,
1485 4496 1659 4556 male.

650 4597 725 4678 (e)
782 4599 942 4679 Sive,
973 4607 1034 4662 et
1063 4604 1243 4663 etiam
1281 4609 1350 4664 ut
1377 4604 1613 4664 videtur
1641 4603 1878 4672 rectius,
1901 4596 1971 4659 de
1996 4598 2272 4660 Materia.
2302 4601 2377 4660 In
2404 4601 2685 4678 impresso
2716 4595 2785 4659 de
2811 4598 3115 4662 Marcet-io.
