4364 5738
986 581 1108 645 210
1985 583 2419 652 rntnssntcl
2462 584 2813 651 secutum
3427 588 3589 670 [An.
3625 588 3804 651 lut.

986 721 1402 794 Munitiones
1437 733 1670 794 antem
1711 724 2026 818 proprias
2062 724 2395 796 faciemus
2439 745 2568 820 per
2600 741 2779 817 quos
2821 723 3024 796 nobis
3057 721 3400 818 placuerit
3434 724 3802 816 custodiri3

985 845 1406 920 munitiones
1443 865 1615 918 vero
1653 848 2125 942 predictorum
2165 868 2311 922 non
2353 849 2667 922 ledemns
2704 844 2819 920 vel
2866 857 3233 941 tangemus
3274 848 3424 920 sine
3459 867 3807 922 consensu

984 970 1137 1062 ejus
1177 968 1302 1064 qui
1356 970 1729 1066 deputatus
1784 973 1992 1043 fuerit
2035 993 2249 1068 snper
2295 973 2430 1045 bis.
2480 974 2806 1069 Captivos
2850 973 2926 1044 in
2977 969 3193 1066 galeis
3242 981 3485 1069 captos
3528 993 3804 1047 nemon

981 1111 1222 1166 omnes
1254 1090 1359 1190 (a)
1383 1091 1735 1167 Romanos
1750 1149 1770 1184 ‚
1818 1095 2245 1168 Lombardos
2261 1151 2281 1188 ,
2326 1097 2637 1170 ‘thuscos
2677 1105 2751 1169 et
2792 1095 2968 1169 alios
3010 1116 3255 1169 omnes
3295 1097 3608 1192 captivos
3645 1107 3807 1193 post

979 1217 1188 1288 latam
1215 1218 1632 1289 sententiam
1659 1217 2397 1291 excommunicationis
2434 1220 2634 1312 cujus
2670 1221 2762 1291 ad
2804 1236 3091 1313 presens
3128 1218 3471 1290 absolutio
3506 1217 3799 1313 petitur,

979 1340 1463 1431 liberabimus3
1496 1351 1570 1413 et
1597 1342 1690 1413 ab
1721 1342 2044 1413 omnibus
2068 1345 2485 1434 juramentis
2517 1352 2590 1416 et
2618 1341 3159 1436 obligationibus
3198 1342 3454 1434 quibus
3496 1342 3799 1434 obligas-

978 1475 1135 1537 sent
1157 1482 1235 1536 se
1266 1465 1469 1535 nobis
1497 1474 1660 1560 post
1689 1466 2081 1560 captionem
2114 1468 2559 1540 absolvemus
2590 1467 2877 1539 omnino
2908 1475 3052 1538 tam
3088 1485 3337 1537 omnes
3364 1466 3488 1559 qui
3532 1466 3801 1537 liberati

977 1599 1141 1661 sunt
1167 1607 1377 1681 quam
1408 1590 1530 1682 qni
1566 1599 1806 1684 postea
1853 1586 2363 1683 liberabuntur,
2408 1602 2485 1663 et
2528 1612 2745 1687 super
2782 1590 2920 1662 boc
2958 1589 3228 1662 litteras
3270 1599 3546 1661 nostras
3590 1589 3798 1661 etiam

978 1713 1298 1786 dabimus
1322 1710 1648 1786 fidelibus
1673 1713 1929 1785 nostris
1948 1715 2166 1807 utqui
2193 1712 2376 1809 capti
2398 1724 2564 1786 sunt
2580 1715 2844 1807 ubique
2863 1733 2990 1809 per
3008 1713 3482 1809 detemptores
3500 1713 3800 1786 invicem

976 1837 1381 1909 liberentur.
1423 1837 1700 1929 Ejectos
1738 1837 2023 1932 insuper
2067 1837 2433 1911 oooesiono
2480 1837 2828 1913 discordie
2876 1838 3101 1934 pn‘me
3146 1838 3260 1910 vel
3304 1837 3614 1910 secunde
3655 1848 3798 1910 tam

976 1961 1267 2033 clericos
1305 1980 1519 2055 qnam
1567 1961 1782 2033 laicos
1831 1961 2047 2034 libere
2083 1964 2572 2058 permittemus
2612 1973 2684 2035 et
2722 1981 2964 2034 wcure
3000 1963 3229 2034 redire
3272 1961 3366 2035 ad
3406 1962 3688 2057 propria
3730 1972 3803 2034 et

974 2103 1383 2180 permanere
1409 2103 1657 2158 secure
1691 2087 1760 2156 in
1791 2075 2348 2181 possessionibus
2378 2097 2452 2159 et
2480 2087 2692 2159 rebus
2724 2106 2968 2159 eorum
2986 2140 3007 2178 ‚
3048 2086 3252 2158 bonis
3282 2087 3552 2179 integre
3590 2087 3797 2158 resti-

975 2210 1165 2306 tutis.
1188 2210 1290 2281 De
1313 2205 1660 2284 discordia
1689 2219 1921 2283 autem
1946 2209 2416 2284 Romanorum
2442 2211 2853 2284 volebamus
2881 2221 3065 2282 stare
3090 2209 3504 2309 ordinationi
3536 2210 3797 2283 domini

972 2354 1153 2428 pape
1170 2343 1245 2405 et
1258 2334 1546 2406 fratrum
1568 2344 1709 2405 tam
1729 2334 1820 2406 de
1839 2334 2277 2406 restitutione
2296 2335 2714 2408 damnorum
2738 2335 2903 2407 binc
2926 2335 3092 2407 inde
3113 2335 3433 2406 datorum
3452 2335 3524 2405 in
3543 2354 3795 2426 guerra

972 2476 1182 2549 quam
1212 2457 1302 2530 de
1329 2457 1508 2548 aliis,
1535 2458 1632 2530 ita
1659 2468 1893 2529 tamen
1919 2458 2115 2550 qnod
2149 2468 2574 2530 statueretur
2600 2458 2691 2530 de
2724 2478 2968 2530 secura
2996 2457 3497 2554 indempnitate
3526 2468 3802 2531 nostro-

971 2599 1124 2651 rum
1165 2591 1237 2652 et
1277 2590 1578 2675 excepto
1626 2591 1855 2653 castro
1893 2577 2198 2654 Anticuli
2246 2582 2337 2654 de
2378 2603 2519 2675 quo
2554 2584 2954 2654 nullatenus
2998 2584 3562 2677 compromittere
3598 2584 3795 2655 vole-

969 2705 1243 2777 bamus.
1274 2706 1378 2776 De
1405 2704 1683 2777 damnis
1714 2704 1894 2777 datis
1924 2725 2052 2800 per
2091 2725 2223 2778 nos
2253 2707 2367 2777 vel
2411 2706 2740 2778 officiales
2780 2717 2851 2779 et
2886 2704 3162 2800 bajulos
3199 2716 3474 2778 nomos
3513 2706 3795 2802 prelatis

970 2829 1278 2902 ecclesiis
1312 2839 1452 2901 tam
1482 2830 1959 2923 religiosorum
1994 2851 2209 2924 quam
2246 2831 2665 2903 secularium
2704 2831 2814 2903 vel
2854 2831 3010 2903 aliis
3048 2830 3142 2903 de
3180 2831 3513 2903 mandato
3553 2839 3793 2904 nostro

968 2965 1127 3050 post
1139 2956 1557 3028 sententiam
1573 2957 1785 3029 latam
1803 2957 1879 3027 in
1897 2976 2056 3045 nos,
2069 2956 2467 3028 satisfacere
2484 2955 2895 3029 volebamus
2914 2957 3304 3029 secundum
3328 2956 3790 3052 provisionem

967 3090 1040 3151 et
1065 3080 1565 3171 benignitatem
1579 3079 1781 3151 Sedis
1798 3078 2490 3177 Apostolice(b).Que
2519 3081 2751 3154 omnia
2774 3101 2938 3153 cun
2965 3081 3189 3177 parati
3218 3100 3528 3152 essemus
3551 3081 3791 3152 obser-
3900 3162 3901 3165 Ἴ

965 3221 1161 3293 vare,
1183 3200 1509 3274 dominus
1531 3222 1712 3297 papa
1739 3211 1969 3273 motus
1987 3213 2357 3299 propterea
2380 3205 2547 3298 quia
2568 3204 2978 3278 nolebamus
2996 3205 3072 3276 in
3092 3225 3259 3277 eum
3274 3223 3490 3300 super
3510 3204 3790 3296 negotio

965 3326 1511 3399 bombardorum
1533 3322 1624 3398 de
1642 3326 1918 3418 juribus
1942 3327 2204 3399 scilicet
2227 3340 2297 3400 et
2314 3330 2667 3420 regalibus
2688 3330 2947 3401 nostris
2972 3329 3559 3425 compromittere,
3576 3338 3791 3422 negat

968 3460 1040 3521 et
1063 3447 1297 3522 differt
1318 3446 1824 3522 absolutionem
1856 3459 2190 3523 nostram.
2228 3453 2557 3525 volentes
2589 3453 2805 3546 igitur
2837 3452 2928 3527 de
2958 3453 3340 3526 manifestis
3370 3473 3503 3549 pro
3528 3452 3788 3547 quibus

965 3575 1547 3648 excommunicati
1575 3575 1929 3647 fueramus
1960 3570 2051 3647 ab
2089 3574 2370 3648 bomine
2402 3578 2517 3649 vel
2560 3596 2828 3651 canone
2870 3579 3264 3651 satisfacere
3304 3586 3377 3650 et
3416 3575 3783 3649 emendam

966 3708 1274 3792 prestare
1323 3708 1394 3770 et
1441 3698 1535 3769 de
1581 3696 1815 3769 dubiis
1869 3696 2240 3790 satisdare,
2285 3697 2674 3771 dummodo
2722 3697 2928 3771 nobis
2980 3698 3464 3795 exprimantur
3509 3717 3598 3769 ea
3642 3718 3784 3791 que

963 3822 1329 3894 manifesta
1357 3830 1429 3892 et
1451 3821 1522 3891 in
1541 3837 1758 3893 causa
1785 3820 2132 3893 manifesti
2162 3822 2486 3895 dominns
2514 3842 2699 3919 papa
2728 3842 2878 3895 esse
2900 3823 3123 3913 dicat3
3151 3824 3246 3895 ad
3270 3820 3781 3896 ostendendum

924 3955 1278 4039 preterea
1323 3946 1591 4038 majora
1634 3944 2021 4018 devotionis
2060 3944 2285 4038 signa,
2333 3946 2646 4018 misimus
2678 3946 3033 4043 predictos
3068 3947 3440 4039 magistros
3475 3946 3554 4017 P.
3589 3955 3661 4017 et
3696 3944 3775 4015 Τ.

963 4072 1266 4144 munitos
1308 4072 1709 4166 plenissima
1749 4070 2164 4143 auctoritate
2206 4071 2640 4163 generalium
2680 4082 2755 4143 et
2797 4068 3251 4164 singularium
3295 4069 3779 4143 mandatam

1043 4278 1128 4359 (a)
1167 4281 1266 4343 Aa
1297 4282 1460 4345 hune.
1490 4284 1691 4347 locum
1727 4248 2044 4346 mamm
2084 4290 2318 4359 tems.
2341 4285 2504 4347 sient
2533 4283 2697 4365 apud
2732 4283 3110 4346 wan-anem
3155 4290 3217 4345 et
3252 4282 3424 4345 pertz
3466 4283 3785 4361 impransus

961 4386 1100 4448 fult.

1046 4490 1126 4571 (b)
1171 4468 1504 4564 Restrictio,
1530 4502 1599 4554 ut
1619 4499 1905 4572 sequitur,
1933 4498 1992 4556 in
2016 4499 2362 4557 nuntiorum
2390 4496 2652 4557 articulis
2680 4495 2892 4574 legitur
2916 4495 3077 4573 apud
3106 4493 3323 4556 Mam.
3351 4495 3579 4555 Paris-t
3607 4514 3641 4552 ι
3670 4490 3782 4557 mn·

960 4615 1080 4659 non
1116 4593 1392 4678 inulliqit
1431 4595 1694 4659 dominus
1732 4601 2051 4680 imperator
2085 4599 2304 4662 damna
2339 4598 2624 4663 hostilico·
2660 4599 2811 4662 dm
2836 4616 2951 4680 per
2992 4617 3053 4661 cc
3090 4608 3204 4662 aa
3238 4618 3371 4661 nu
3404 4600 3713 4661 mm.
3743 4616 3776 4655 ι

958 4705 1122 4767 Finis
1147 4703 1526 4766 articulorum
1553 4710 1704 4767 sicut
1730 4709 1888 4784 apud
1915 4708 2188 4768 eumdem
2218 4710 2525 4787 reperitur,
2555 4711 2620 4770 in
2644 4707 2759 4769 hac
2782 4710 3149 4787 imperatum
3165 4708 3424 4786 „mola
3442 4707 3636 4769 deest.
