4364 5738
613 2068 664 2104 ‘252
694 2068 856 2110 martii.

982 608 1063 668 3⁶
1979 609 2405 670 ramnum!
2458 612 2803 673 sEcL'Nm
3408 613 3571 696 [Asu.
3611 616 3791 680 1242.

981 740 1124 811 dali
1163 740 1236 811 in
1277 741 1763 814 substitutione
1806 743 1970 816 novi
2019 743 2362 838 pontificis
2392 742 2497 840 (⁴)
2540 747 2970 835 auferantur,
3017 748 3489 821 venerabilem
3531 752 3796 824 Penes-

985 866 1241 937 trinum
1286 865 1685 962 episcopum
1738 878 1811 940 et
1852 870 2174 940 Ottonem
2218 870 2450 941 Sancti
2489 870 2803 943 Nicbolai
2848 872 2920 943 in
2960 893 3237 945 carcere
3278 873 3592 948 Tulliano
3640 877 3792 949 dia·

980 1010 1232 1061 conum
1258 990 1706 1083 cardinalem,
1737 993 1858 1084 qui
1895 992 1983 1065 de
2008 993 2338 1065 mandato
2368 1004 2604 1066 nostro
2621 995 2850 1090 Capue
2879 1006 3416 1087 commorantur,
3443 999 3795 1073 offerimus

979 1133 1107 1184 nos
1147 1123 1425 1207 paratos
1456 1113 1550 1187 ad
1588 1136 1715 1187 vos
1752 1117 2026 1188 mittere
2066 1117 2319 1189 liberos
2353 1127 2434 1189 ut
2467 1118 2787 1190 intersint
2827 1121 3145 1193 electioni
3181 1121 3491 1216 predicte
3533 1123 3603 1193 in
3637 1123 3790 1196 loco

978 1245 1127 1308 tuto
1181 1236 1252 1308 et
1304 1238 1609 1333 ydoneo,
1656 1259 1746 1309 ne
1776 1239 1941 1335 ipsis
1964 1239 2365 1312 absentibus
2406 1251 2476 1312 et
2507 1240 2687 1313 intra
2718 1243 3146 1337 provinciam
3200 1247 3787 1319 commorantibus

975 1382 1105 1431 nec
1147 1361 1446 1451 vocatiS,
1481 1362 1796 1433 defectus
1831 1363 2046 1457 possit
2076 1363 2327 1457 aliquis
2363 1365 2435 1435 in
2471 1365 2808 1439 electione
2840 1368 3064 1440 notari
3092 1366 3224 1465 (2).

1070 1478 1380 1580 [Caetera
1414 1494 1494 1555 ut
1527 1484 1943 1557 arbitramur
1971 1483 2283 1584 desunt.]

1070 2092 1524 2200 Landolqu,
1588 2093 2174 2176 Wormaciensis
2236 2093 2633 2202 episcopus
2653 2155 2676 2200 ,
2729 2093 3021 2177 civibus
3083 2093 3776 2179 wormaciensibus

964 2225 1181 2307 titulo
1228 2224 1434 2309 feudi
1483 2226 1561 2306 in
1606 2236 2057 2334 perpetuum
2105 2225 2452 2307 concedit
2489 2226 2962 2308 advocatiam
2995 2226 3075 2306 in
3115 2225 3774 2310 Nonnenmunster

960 2386 1196 2470 quam
1234 2360 1333 2443 ab
1374 2360 1826 2468 imperatore
1861 2360 2242 2442 Friderico
2276 2360 2772 2467 recuperavit.

1118 2601 1302 2677 (Edit.
1333 2599 1653 2675 Boanum,
1684 2595 1936 2679 Diplom.
1977 2600 2284 2675 wormat„
2314 2617 2414 2677 ap.
2444 2600 2658 2661 Fontes
2688 2617 2803 2662 rer.
2839 2599 3056 2676 Germ„
3090 2608 3133 2664 t.
3166 2603 3248 2681 11,
3275 2619 3332 2680 p.
3371 2605 3535 2679 224.)

1052 2813 1460 2906 Landolqu,
1505 2814 1633 2887 Dei
1680 2814 1903 2908 gratia
1947 2815 2480 2888 Wormaciensis
2544 2817 2938 2911 episcopus,
2990 2816 3339 2889 Universis
3395 2817 3466 2888 in
3518 2839 3764 2913 perpe-

958 2951 1152 3013 tuum
1197 2940 1447 3033 quibus
1495 2940 1835 3034 presentis
1883 2939 2117 3035 scripti
2179 2941 2430 3011 seriem
2483 2940 2741 3011 intueri
2796 2941 3199 3034 contigerit,
3234 2942 3556 3014 volumus
3614 2963 3763 3013 esse

954 3076 1195 3137 notum
1232 3065 1421 3157 quod
1458 3074 1933 3156 recuperatam
1967 3085 2091 3157 per
2123 3085 2251 3134 nos
2283 3064 2375 3134 ab
2416 3063 2862 3136 invictissimo
2896 3064 3177 3135 domino
3208 3064 3587 3155 FridericO,
3625 3066 3761 3137 Ro-

954 3210 1313 3261 manorum
1367 3188 1819 3282 imperatore,
1872 3185 2304 3258 advocatiam
2351 3187 2424 3258 in
2475 3189 3084 3259 Nonnenmunster
3143 3185 3251 3284 (3)
3299 3189 3762 3260 concessimus

950 3311 1383 3383 universitati
1433 3310 1686 3383 civium
1719 3311 2335 3383 Wormaciensium
2390 3311 2801 3384 dilectorum
2844 3322 3268 3402 nostrorum,
3306 3312 3506 3385 titulo
3569 3313 3756 3385 feudi

951 3457 1112 3507 cum
1144 3435 1331 3508 omni
1358 3436 1518 3527 jure
1559 3455 1686 3506 suo
1719 3435 1789 3505 in
1825 3445 2239 3530 perpetuum
2271 3436 2794 3531 possidendam,
2833 3437 3231 3509 consulibus
3270 3436 3563 3509 civitatis
3604 3456 3756 3507 eam

946 3768 1088 3825 rensi
1115 3773 1168 3826 et
1189 3766 1441 3840 magistro
1466 3766 1689 3839 Rogerio
1722 3768 2073 3824 Porcastrella
2098 3784 2199 3841 pro
2226 3781 2362 3841 pace
2390 3766 2630 3840 legatum
2654 3767 2907 3840 miserat3
2937 3784 3099 3840 quem
3126 3769 3287 3825 etiam
3313 3767 3417 3825 bac
3442 3768 3750 3838 occasione,

945 3885 1041 3941 pro
1083 3869 1268 3940 majori
1306 3883 1436 3925 suae
1475 3866 1597 3924 fidei
1630 3872 1973 3939 argumento,
2007 3866 2075 3923 de
2106 3865 2410 3925 relaxandis
2444 3866 2805 3924 cardinalibus
2846 3866 3257 3939 promissionem
3297 3865 3565 3924 addidisse
3599 3866 3752 3923 arbi-

943 3971 1167 4023 tramur.
2662 4018 2672 4027 .

1013 4063 1089 4134 (4)
1126 4062 1341 4120 Scilicet
1365 4070 1483 4136 post
1515 4066 1743 4119 mortem
1765 4060 2010 4118 Celestini
2032 4060 2208 4132 quarti
2232 4059 2324 4133 qui
2353 4061 2422 4117 26
2446 4059 2691 4118 octobris
2717 4060 2947 4133 electus,
2982 4077 3090 4119 non
3110 4060 3360 4118 infulatus
3383 4076 3560 4134 neque
3589 4059 3747 4117 etiam

941 4164 1281 4214 consecratus
1309 4162 1375 4215 40
1402 4157 1710 4216 novembris
1741 4157 1964 4214 obierat.

1013 4254 1089 4325 (2)
1130 4273 1158 4307 ι
1192 4253 1375 4310 Mense
1410 4255 1591 4328 aprilis
1616 4255 1959 4312 Prenestinus
1984 4253 2267 4328 episcopus
2303 4261 2360 4310 et
2400 4253 2554 4311 Oddo
2586 4253 2875 4312 cardinalis
2905 4253 2969 4311 ds
2999 4271 3164 4328 rayno
3190 4254 3333 4327 apud
3364 4252 3609 4310 Tiburim
3640 4251 3746 4309 sub

938 4351 1136 4408 ducatu
1172 4350 1413 4407 Thiboldi
1450 4351 1519 4408 de
1554 4352 1797 4423 Dragone
1824 4351 2128 4408 mittuntur.
2158 4370 2186 4404 »
2222 4352 2365 4407 Ilico.
2396 4350 2460 4407 do
2483 4350 2546 4408 S.
2580 4352 2766 4409 Germ.
2796 4351 3072 4423 chronic„
3101 4352 3170 4408 ad
3194 4366 3324 4408 ann.
3354 4354 3511 4409 ⁴242.
3541 4348 3744 4408 Verisi-

937 4449 1134 4506 militer
1159 4464 1192 4505 a
1215 4447 1411 4504 Tibure
1436 4463 1603 4520 usque
1616 4448 1908 4521 Anagniam
1925 4450 2150 4507 fuissent
2178 4448 2422 4519 remissi,
2453 4448 2499 4506 si
2527 4448 2595 4506 ad
2614 4448 2895 4507 meliorem
2922 4448 3125 4506 exitum
3150 4449 3295 4522 pacis
3313 4448 3586 4520 negotium
3612 4462 3743 4520 pro·

1058 4546 1129 4602 iss
1166 4551 1207 4601 t.

935 4561 1074 4717 00³3)
1113 4562 1192 4701 gf.
1223 4640 1354 4715 quid
1394 4656 1557 4713 super
1589 4639 1693 4696 boc
1736 4642 1946 4712 negotio
1976 4649 2225 4701 narretur
2252 4642 2310 4699 in
2344 4641 2525 4700 annal.
2553 4641 2845 4714 Wormat„
2879 4657 2972 4715 ap.
3014 4641 3295 4713 Boebmer,
3331 4638 3562 4711 ibidem,
3595 4645 3634 4697 t.
3662 4637 3738 4708 112,

932 4759 987 4814 p.
1021 4742 1144 4800 ⁴67.
