4364 5738
689 1712 812 1767 Apud

619 1764 853 1811 xantone-
862 1799 878 1823 ‚

649 1821 703 1862 10
715 1822 848 1876 juti.

608 3924 659 3967 In
683 3927 839 3970 eastris

657 3990 792 4031 9¹⁰1*

587 4034 857 4074 Aventinum

598 4087 641 4125 in
660 4085 821 4127 Celene
833 4114 848 4138 ,

646 4138 790 4189 junio.

997 625 1077 687 52
2001 632 2428 692 vammum
2478 632 2823 692 SECUNDI
3441 635 3817 714 [Am-‚1242

997 761 1127 833 sibi
1165 760 1260 833 ad
1305 762 1819 855 requisitionem
1865 788 2060 839 suam
2102 767 2464 840 consilium
2517 776 2586 838 et
2632 768 2966 858 juvamen
3021 767 3443 863 ubicumque
3499 772 3563 842 ei
3621 773 3823 846 fuerit

996 895 1417 980 oportunum
1463 896 1535 958 et
1582 910 1623 960 a
1667 890 1867 963 vobis
1911 891 2194 963 duxerit
2244 890 2734 983 requirendum
2757 943 2778 981 ‚
2824 890 2918 961 ita
2967 892 3160 984 quod
3206 894 3646 966 commissum
3691 896 3822 968 sibi

992 1009 1183 1085 curie
1218 1019 1449 1082 nostre
1482 1013 1839 1085 servitium
1871 1015 2191 1087 celeriter
2221 1024 2293 1086 et
2322 1014 2690 1087 efficaciter
2721 1024 3113 1108 exequatur
3145 1026 3215 1088 et
3242 1038 3368 1089 vos
3395 1018 3668 1112 possitis
3694 1040 3823 1113 per

991 1130 1311 1209 effectum
1343 1135 1573 1229 operis
1597 1137 1846 1210 merito
1877 1136 2374 1210 commendari.

1414 1444 1905 1454 .-·---,...----..-.Ἷἡ
1944 1448 1975 1454 -,
1996 1450 2013 1453 ψ.
2034 1448 2312 1456 -ο-ήο-ι--
2331 1449 2366 1456 ο-
2381 1450 2419 1456 „⁴-
2438 1449 2472 1455 „-
2505 1449 2553 1455 .--
2573 1449 2612 1455 --
2633 1448 2728 1456 .----
2747 1448 2948 1454 Πῐη-Ίη--ι
2967 1447 3000 1455 -.
3031 1448 3148 1454 -γ-ω-
3164 1446 3365 1456 -..ᾐσ-

1091 1710 1460 1795 Henricus
1498 1710 1818 1822 Angliae
1870 1738 2004 1794 rex
2040 1715 2138 1795 ad
2184 1712 2717 1822 imperatorem
2764 1714 3072 1796 nuntios
3117 1714 3349 1796 mittit
3392 1715 3489 1795 ad
3534 1714 3799 1798 foedus

983 1846 1403 1930 ineundum
1457 1856 1726 1928 contra
1781 1871 2046 1929 omnes
2107 1845 2455 1930 homines
2475 1908 2496 1947 ‚
2559 1858 2868 1955 excepta
2926 1857 3176 1929 tamen
3243 1848 3585 1931 Romana
3637 1847 3798 1929 Ec-

985 1978 1241 2062 clesia.

1142 2208 1327 2287 (Edit.
1359 2225 1455 2285 ap.
1487 2208 1731 2285 Rimul,
1762 2203 2016 2265 Foedera
2041 2212 2099 2266 et
2126 2213 2413 2283 convent„
2443 2213 2491 2266 t.
2524 2206 2572 2275 Ι,
2601 2223 2664 2283 p.
2703 2215 2836 2282 142,
2858 2204 2995 2266 coll.
3017 2223 3155 2265 cum
3182 2206 3521 2267 collectione
3540 2203 3797 2284 Breqnl-

1212 2316 1454 2392 gaiana,
1483 2314 1623 2374 Mss.
1653 2318 1702 2373 t.
1733 2312 1929 2373 LXIII
1952 2328 2028 2371 ex
2053 2319 2166 2372 rot.
2199 2313 2453 2372 Vascon.
2481 2312 2615 2373 Pet.
2650 2312 2726 2372 Η.
2763 2321 2822 2384 8,
2848 2328 2994 2372 ann.
3030 2320 3132 2385 26,
3156 2311 3374 2372 memb.
3413 2310 3535 2389 14.)

1064 2528 1359 2602 Domino
1394 2524 1785 2619 imperatori
1795 2574 1943 2595 .....
1979 2522 2317 2593 Henricus
2341 2522 2465 2594 Dei
2515 2523 2734 2614 gratia
2767 2544 2895 2594 rex
2921 2521 3198 2616 Anglie,
3243 2534 3412 2613 etc„
3466 2525 3786 2596 salutem.

964 2650 1311 2725 Noveritis
1337 2646 1526 2740 quod
1559 2667 1687 2719 nos
1718 2646 2036 2717 dedimus
2063 2647 2342 2741 plenam
2371 2655 2781 2740 potestatem
2815 2646 3140 2737 magistro
3171 2647 3374 2720 Pet-ro
3405 2646 3494 2718 de
3526 2647 3790 2721 Burde-

964 2774 1139 2867 galis
1171 2784 1242 2844 et
1266 2769 1747 2843 Bartholomeo
1773 2769 1994 2842 Peche
2026 2769 2118 2840 ad
2155 2769 2357 2842 fedus
2383 2768 2765 2841 ineundum
2799 2769 2980 2840 inter
3006 2789 3133 2841 vos
3166 2779 3236 2842 et
3270 2790 3397 2842 nos
3422 2770 3512 2843 ad
3544 2792 3786 2864 pacem

965 2906 1037 2969 et
1075 2906 1411 2988 treugam,
1456 2915 1778 2988 guerram
1821 2905 1891 2966 et
1937 2894 2375 2966 concordiam
2420 2902 2662 2965 contra
2706 2914 2949 2964 omnes
3001 2890 3316 2965 homines
3371 2895 3780 2985 faciendam,

964 3021 1274 3114 exceptis
1305 3017 1891 3092 convencionibus
1915 3038 2008 3089 ex
2037 3026 2234 3111 parte
2272 3026 2507 3088 nostra
2537 3017 2842 3088 Romane
2871 3016 3160 3088 ecclesie
3194 3018 3418 3107 factis,
3455 3027 3524 3089 et
3557 3018 3648 3091 ad
3669 3019 3784 3110 ju·

960 3145 1257 3216 randum
1302 3145 1374 3213 in
1419 3142 1721 3213 animam
1769 3152 2114 3230 nostram;
2175 3150 2401 3212 ratum
2451 3150 2521 3210 et
2573 3149 2846 3232 gratum
2904 3137 3207 3212 habituri
3261 3140 3600 3236 quidquid
3661 3164 3783 3236 per

959 3266 1240 3340 eosdem
1277 3266 1388 3336 vel
1431 3287 1671 3337 eorum
1720 3267 2013 3335 alterum
2053 3264 2412 3334 vobiscum
2458 3263 2527 3333 in
2575 3261 2704 3335 hac
2751 3273 2946 3358 parte
2991 3263 3197 3336 fuerit
3234 3264 3649 3336 ordinatum.
3702 3265 3777 3338 In

960 3391 1189 3482 cujuS‚
1226 3398 1360 3460 etc.
1399 3389 1599 3459 Teste
1633 3409 1797 3479 rege
1829 3386 2017 3481 apud
2035 3388 2461 3477 Xanctonas,
2498 3386 2655 3458 XIX
2679 3387 2888 3478 junii,
2925 3408 3112 3460 anno
3142 3387 3335 3478 regni
3370 3388 3611 3459 XXVI.

1062 3918 1119 4001 F
1122 3917 1525 4023 ridericUS,
1569 3916 2084 3999 Romanorum
2120 3914 2562 4024 imperator,
2617 3941 2708 3997 ex
2760 3915 3129 3997 sententia
3179 3917 3645 4026 principum,
3685 3922 3762 4000 in

954 4051 1293 4133 favorem
1365 4048 1663 4132 Henrici
1736 4046 2387 4157 Babenbergensis
2459 4047 2715 4154 electi,
2784 4048 3146 4156 praecipit
3208 4049 3608 4161 Ramungo
3670 4053 3763 4135 de

953 4181 1421 4266 Kamerstein
1455 4191 1530 4263 et
1572 4179 1985 4263 butullario
2020 4180 2115 4262 de
2153 4179 2663 4263 Nuoremberc
2710 4188 2795 4261 ut
2847 4204 3113 4261 omnes
3166 4179 3753 4289 infeudationeS,

955 4313 1442 4397 alienationes
1457 4373 1481 4418 ‚
1538 4313 1984 4395 donationes
1999 4374 2021 4417 ‚
2077 4312 2549 4394 venditiones
2566 4373 2590 4418 ,
2642 4310 3143 4420 obligationes
3159 4371 3183 4416 ,
3235 4312 3758 4397 distractiones

952 4460 1025 4530 et
1061 4443 1650 4548 subtractioneS,
1702 4468 1836 4551 per
1886 4443 2364 4552 Bopponem‚
2405 4442 2589 4525 olim
2639 4443 2962 4527 electum
3007 4442 3753 4555 Babenbergensem,

951 4604 1156 4662 nunc
1194 4586 1448 4658 autem
1469 4574 1763 4682 imperii
1782 4574 2206 4683 inimicum,
2230 4576 2310 4656 in
2327 4576 2697 4657 damnum
2720 4575 2953 4685 hujus
2976 4574 3330 4658 ecclesiae
3352 4602 3398 4658 a
3417 4586 3751 4686 tempore

949 4707 1565 4819 transgressionis
1602 4705 1767 4816 ejus
1802 4730 2062 4789 mense
2095 4705 2384 4790 octobri
2430 4708 2632 4788 1239
2669 4706 2949 4815 factas,
2990 4716 3364 4790 revocent.
