4364 5738
604 619 804 677 lxntcr.
839 613 968 690 l5.]
1499 612 1896 673 HlSTORlA
1946 613 2539 675 DIPLOMATICA.
3340 609 3415 667 57

700 752 951 823 Datum
980 746 1053 817 in
1088 745 1330 817 castris
1373 744 1564 841 apud
1603 731 2002 817 Avezanum
2049 747 2116 816 in
2150 748 2404 819 Celano
2438 745 2564 842 (a),
2601 766 2786 817 anno
2815 744 3159 816 dominice
3191 743 3418 814 incar-

603 872 901 947 nationis
952 869 1320 940 millesimo
1380 868 1858 940 ducentesimo
1923 869 2458 961 quadragesimo
2527 867 2862 958 secund0,
2903 888 3139 938 mense
3198 866 3413 959 junii,

601 994 1112 1092 quintodecime
1139 991 1562 1065 indictionis.

1904 1313 2175 1322 —————o—-—o-
2185 1311 2988 1322 —-·—*ffl

708 1576 1133 1660 Fridericus
1149 1637 1173 1682 ,
1233 1577 1756 1659 Romanorum
1810 1576 2258 1684 imperator,
2315 1599 2453 1682 pro
2507 1573 2744 1681 gratis
2793 1573 3074 1655 civium
3134 1573 3414 1657 Erfor-

603 1711 955 1793 densium
979 1709 1331 1814 servitiis,
1363 1709 1495 1819 qui
1518 1708 1662 1790 sibi
1699 1719 1964 1791 contra
1998 1706 2368 1789 Sifridum
2396 1705 3041 1815 archiepiscopum
3076 1706 3418 1816 Mogun-

605 1843 852 1926 tinum
925 1842 1219 1950 imperii
1282 1842 1746 1951 proditorem
1815 1840 2136 1923 fideliter
2210 1839 2756 1945 adhaeserunt,
2826 1864 2956 1922 eos
3018 1849 3094 1921 et
3152 1865 3419 1921 eorum

606 1975 807 2059 bona
841 1975 922 2056 in
960 2001 1099 2057 sua
1135 1973 1439 2083 speciali
1476 1973 1936 2081 protectione
1973 1973 2311 2080 suscipit.

765 2202 950 2280 (Edit.
993 2219 1092 2279 ap.
1138 2202 1629 2271 mmmmm,
1659 2201 1881 2261 Hister.
1924 2217 2035 2261 von
2067 2197 2304 2277 Evfiwt,
2333 2205 2380 2258 t.
2413 2201 2474 2276 1,
2504 2215 2564 2274 p.
2611 2206 2706 2258 86.
2737 2229 2815 2243 -
2843 2198 3082 2271 Luxus,
3111 2197 3418 2262 Reiz-Inar-

841 2308 985 2384 aliie,
1019 2315 1067 2369 t.
1098 2308 1264 2382 XIV,
1294 2326 1351 2386 p.
1381 2315 1522 2384 ⁴28,
1553 2316 1621 2367 n⁰
1647 2306 1842 2386 XVI.)

698 2508 1114 2598 FridericuS‚
1158 2508 1286 2579 Dei
1325 2507 1549 2600 gratia
1589 2509 2059 2579 Romanorum
2098 2506 2474 2601 imperator
2509 2527 2782 2600 semper
2815 2515 3186 2599 augustus,
3221 2508 3418 2579 Jeru-

603 2633 816 2704 salem
876 2641 946 2704 et
1003 2631 1230 2703 Sicilie
1294 2651 1450 2702 rex.
1507 2632 1639 2704 Per
1693 2651 1979 2725 presens
2038 2630 2371 2725 scriptum
2426 2640 2668 2702 notum
2734 2630 3023 2701 facimus
3080 2630 3421 2702 universis

601 2756 870 2851 imperii
919 2754 1242 2827 fidelibus
1305 2754 1497 2846 quod
1561 2774 1690 2826 nos
1742 2754 2185 2826 attendentes
2253 2752 2461 2825 fidem
2529 2774 2776 2848 puram
2845 2763 2917 2825 et
2981 2755 3422 2827 devotionem

602 2881 940 2953 sinceram
993 2901 1202 2973 quam
1255 2880 1445 2951 cives
1498 2879 1979 2952 Erfordienses
2034 2877 2277 2949 fideles
2329 2878 2547 2949 nostri
2606 2877 2696 2948 ad
2749 2898 2880 2950 nos
2930 2887 3000 2949 et
3056 2879 3419 2973 imperium

602 3014 968 3097 gesserunt
1002 3025 1278 3098 semper
1320 3012 1392 3074 et
1422 3013 1700 3095 gerunt,
1735 3023 2011 3075 necnon
2044 3010 2241 3095 grata
2275 3002 2481 3073 valde
2521 3011 2590 3072 et
2638 3011 2922 3096 accepta
2963 3002 3242 3073 servitia
3283 3024 3420 3095 que

604 3128 808 3200 nobis
879 3138 949 3201 et
1011 3127 1302 3222 imperio
1361 3126 1698 3198 exhibent
1757 3128 2218 3214 incessantem
2289 3126 2805 3197 considerantes
2861 3126 3068 3198 etiam
3127 3127 3423 3221 qualiter

515 3291 522 3302 ·
606 3251 815 3324 iidem
851 3252 1073 3343 cives,
1107 3251 1362 3324 Sifrido
1394 3251 1914 3348 archiepiscopo
1949 3251 2460 3344 Moguntinensi
2497 3261 2737 3324 contra
2776 3274 2906 3323 nos
2947 3261 3017 3324 et
3053 3251 3422 3348 imperium

604 3376 982 3471 proditorie
1015 3375 1432 3463 rebellante,
1471 3386 1786 3447 nostrum
1823 3375 2208 3448 dominium
2249 3375 2639 3469 specialiter
2682 3376 3181 3471 amplectantes
3223 3378 3424 3449 nobis

604 3510 844 3572 contra
887 3499 1114 3595 ipsum
1155 3510 1433 3571 strenue
1473 3499 1926 3590 adheserunt,
1957 3500 2311 3573 civitatem
2347 3499 2594 3594 ipsam,
2631 3520 2964 3594 personas
2998 3511 3068 3573 et
3108 3523 3220 3573 res
3259 3523 3420 3573 suas

605 3623 947 3695 mandatis
1010 3633 1081 3695 et
1140 3621 1591 3717 beneplacitis
1649 3623 1904 3695 nostris
1954 3623 2302 3694 obnoxius
2360 3622 2781 3717 exponendo
2842 3622 2978 3720 (4),
3035 3625 3418 3719 predictam

605 3747 956 3819 civitatem
1020 3745 1407 3818 Erl'ordiam
1461 3749 1533 3817 et
1581 3748 1943 3819 universos
1997 3747 2187 3819 cives
2229 3749 2379 3840 ejus
2431 3748 2732 3839 majores
2780 3758 2853 3818 et
2909 3747 3211 3818 minores
3257 3767 3418 3818 cum

607 3870 910 3964 familiis,
947 3870 1533 3966 possessionibus,
1566 3871 1791 3960 terriS,
1824 3871 2286 3965 omnibusque
2309 3871 2510 3944 bonis
2537 3871 2679 3944 suis
2711 3871 3070 3943 stabilibus
3087 3880 3159 3941 et
3188 3870 3413 3941 mobi-

686 4045 771 4126 (a)
814 4049 884 4108 In
920 4047 1277 4125 quibusdam
1304 4049 1478 4108 editis
1504 4047 1720 4128 legitur
1749 4047 2027 4124 Cenmo,
2060 4050 2235 4110 male.

602 4227 759 4241 .-—--··-0
786 4227 1035 4238 —-——-·

2959 4227 3132 4237 “—

674 4336 747 4410 (4)
782 4337 883 4394 Diu
909 4345 1086 4396 tamen
1113 4339 1167 4395 in
1196 4338 1303 4396 fide
1337 4339 1589 4397 Friderici
1620 4339 1986 4396 Brfordienses
2010 4355 2116 4395 non
2148 4338 2449 4395 constitisse
2482 4353 2548 4394 ex
2589 4337 2775 4394 litteris
2802 4338 3092 4395 innocentii
3140 4340 3210 4398 1v
3237 4355 3412 4413 papae

604 4435 985 4507 comperimus,
1028 4435 1169 4493 datis
1201 4437 1441 4510 Lugduni
1472 4438 1521 4495 V
1548 4438 1654 4495 kal.
1684 4437 1838 4502 maii.
1868 4452 2007 4492 anno
2034 4435 2160 4507 vu,
2196 4436 2285 4491 ubi
2311 4450 2407 4492 eos
2434 4433 2617 4493 laudat
2654 4436 2794 4507 quod
2834 4437 3105 4494 Romanae
3142 4438 3413 4496 Ecclesiae

604 4530 916 4590 inconcusse
948 4533 1315 4606 adhaeserint,
1360 4535 1661 4592 assistendo
1710 4532 2062 4591 laudabiliter
2100 4533 2229 4588 bone
2263 4533 2518 4588 numerio
2563 4532 2962 4607 archiepiscopo
2997 4535 3322 4606 Mequnlino
3360 4541 3415 4590 et

603 4629 899 4686 venerabili
918 4629 1094 4704 fratri
1120 4638 1302 4689 nostre
1326 4635 1612 4689 successori
1639 4630 1874 4704 ejusdem
1896 4632 1957 4684 in
1989 4631 2204 4702 neyotio
2228 4628 2463 4686 Ecclesia
2488 4637 2795 4686 memorate.
2827 4630 2907 4688 Cs.
2937 4631 3146 4700 Lumo,
3181 4629 3404 4698 Ibidem,

605 4734 670 4781 n⁰
688 4726 856 4784 xvn.

700 4826 863 4888 ·V1.
3059 4835 3094 4884 8

3535 1569 3590 1610 In
3607 1572 3764 1611 cuttu

3515 1633 3784 1717 effluxu

3524 1727 3774 1824 “aar
