4364 5738
987 549 1066 609 '16
1987 542 2411 604 Fami-:mel
2462 540 2806 601 SECUNDI
3428 542 3591 621 [Aure.
3627 545 3800 606 1243.

984 681 1438 757 Romandiola
1494 682 1790 753 vicarius
1836 680 2180 773 generalis
2203 732 2222 767 ‚
2278 675 2607 769 magister
2666 675 2910 747 Pet-rus
2958 676 3047 747 de
3095 677 3312 749 Vinea
3372 687 3443 749 et
3488 681 3812 772 magister

986 806 1259 880 Tadeus
1286 807 1374 879 de
1406 809 1654 878 Suessa
1699 803 2113 901 (a)‚'magne
2141 803 2331 875 curie
2365 809 2599 873 nostre
2625 800 2926 893 judiceS,
2975 809 3044 871 et
3084 801 3201 872 alii
3232 804 3705 898 quamplures.

1083 932 1173 1003 Et
1202 930 1535 1003 Coraliam
1565 930 1810 1002 eadem
1838 929 2268 1024 protectione
2296 924 2733 1020 suscipimus.

1084 1054 1371 1147 Signum
1407 1053 1669 1126 domini
1707 1053 2033 1124 Friderici
2081 1049 2369 1124 secundi
2416 1048 2845 1121 invictissimi
2877 1048 3346 1120 Romanorum
3381 1051 3809 1147 imperatoris

989 1199 1265 1273 semper
1295 1178 1567 1271 augusti
1588 1230 1608 1268 ,
1644 1178 2072 1250 Hierusalem
2116 1186 2186 1247 et
2217 1173 2445 1246 Sicilie
2491 1173 2696 1266 regis.
2735 1169 3332 1269 (Monam-amma.)

1087 1301 1261 1373 Acta
1300 1301 1582 1373 fuerunt
1622 1301 1755 1372 hec
1787 1300 2020 1372 omnia
2063 1320 2251 1370 anno
2288 1296 2635 1369 dominice
2664 1295 3154 1369 incarnationis
3197 1297 3291 1368 M.
3326 1296 3448 1370 CC.
3472 1298 3643 1369 XLII
3673 1295 3803 1393 (4),

989 1425 1104 1498 die
1140 1426 1260 1496 XII
1299 1426 1556 1497 mensis
1584 1424 1919 1518 januarii,
1959 1426 1986 1495 1
2019 1422 2420 1513 indictione,
2462 1421 2847 1516 imperante
2878 1419 3163 1492 domino
3196 1430 3433 1493 nostro
3464 1420 3806 1493 Friderico

991 1549 1338 1636 secund0‚
1400 1549 1524 1621 Dei
1581 1549 1801 1640 gratia
1859 1547 2310 1619 invictissimo
2360 1546 2830 1618 Romanorum
2892 1545 3307 1638 imperatore
3355 1566 3630 1640 semper
3683 1566 3805 1615 au-

991 1684 1229 1764 guste,
1266 1673 1692 1744 Hierusalem
1720 1681 1791 1744 et
1822 1672 2049 1744 Sicilie
2075 1693 2267 1764 rege,
2296 1669 2565 1764 imperii
2598 1668 2913 1761 ejusdem
2941 1689 3128 1740 anno
3160 1669 3400 1760 XXIII,
3432 1669 3627 1762 regni
3647 1669 3802 1741 Hie-

994 1798 1292 1868 rusalem
1329 1797 1488 1868 XIX
1515 1794 1637 1893 (b),
1676 1796 1873 1889 regni
1905 1817 2073 1869 vero
2105 1795 2334 1866 Sicilie
2360 1793 2561 1882 XLV,
2593 1793 2906 1898 feliciter.
2946 1790 3195 1864 Amen.

1092 1923 1344 1992 Datum
1376 1922 1811 1993 Petresancte
1840 1917 1975 2017 (2),
2011 1940 2225 2010 anno,
2263 1918 2403 2008 die,
2445 1938 2684 1989 mense
2717 1928 2789 1988 et
2823 1916 3197 1989 indictione
3225 1915 3580 2011 predictiS.

623 2502 895 2609 53:333
1100 2467 1156 2549 F
1158 2469 1563 2571 ridericuS‚
1613 2469 2134 2550 Romanorum
2182 2469 2623 2576 imperator,
2665 2466 3032 2549 Pandolfo
3076 2468 3172 2549 de
3216 2466 3612 2549 Fasanella
3656 2466 3809 2548 im-

994 2599 1179 2707 perii
1224 2600 1302 2678 in
1343 2599 1617 2680 Tuscia
1660 2599 1939 2682 vicario
1985 2610 2317 2709 quatuor
2364 2600 2726 2681 mandata
2763 2599 3059 2709 dirigit,
3101 2610 3185 2682 ut
3221 2626 3449 2710 super
3483 2600 3805 2711 querelis

996 2730 1292 2813 abbatis
1344 2731 1779 2813 monasterii
1827 2732 2078 2814 Sancti
2119 2730 2532 2815 Salvatoris
2577 2733 2886 2814 veritate
2930 2735 3273 2843 cognita,
3321 2732 3696 2843 justitiam
3740 2734 3806 2816 ei

997 2864 1226 2948 faciat
1266 2865 1645 2971 exhiberi,
1689 2864 2161 2974 peculiariter
2215 2867 2311 2950 de
2354 2866 2654 2950 redditu
2705 2866 2933 2949 castri
2981 2866 3255 2951 Montis
3308 2867 3682 2952 Pinzutuli
3734 2878 3807 2950 et

994 3000 1094 3083 de
1129 3000 1539 3082 tenimento
1573 2999 2041 3082 Valentinae.

1163 3214 1406 3293 (Inedit.
1462 3232 1539 3275 ex
1593 3216 1914 3292 exemplari
1960 3216 2301 3277 authentico
2346 3231 2506 3275 anno
2550 3223 2728 3287 1243,
2781 3223 2852 3274 12
2893 3216 3084 3291 junii,
3124 3232 3161 3275 a
3202 3215 3529 3275 Llcteramo
3583 3216 3808 3274 notario

1238 3326 1631 3398 transumpto,
1669 3325 1835 3398 cujus
1865 3322 2237 3399 originalem
2273 3321 2432 3382 arch.
2466 3321 2772 3397 delomat.
2808 3321 3068 3381 Florent.
3104 3322 3258 3381 luter
3297 3321 3531 3381 chartas
3561 3319 3625 3380 S.
3668 3319 3810 3380 Sal-

1239 3432 1360 3487 vat.
1391 3429 1465 3488 de
1491 3429 1692 3488 Monte
1721 3428 1957 3487 Amlata
1995 3426 2376 3504 asservatur.)

1096 3618 1173 3687 In
1202 3616 1482 3687 nomine
1514 3617 1816 3688 Domini.
1853 3616 2101 3688 Amen.
2136 3618 2283 3689 Hoc
2317 3625 2424 3687 est
2464 3616 2822 3711 exemplar
2850 3615 3312 3708 quarumdam
3350 3615 3805 3712 imperialium

996 3742 1382 3814 litterarum
1415 3740 1973 3812 transmissarum
2021 3740 2305 3813 domino
2351 3740 2739 3813 Pandult'uo
2780 3741 2870 3812 de
2908 3740 3356 3812 Fascianella.
3392 3739 3802 3829 Fridericus,

995 3866 1121 3938 Dei
1161 3865 1381 3957 gratia
1425 3866 1890 3938 Romanorum
1932 3863 2309 3959 imperator
2339 3887 2614 3960 semper
2644 3874 3014 3958 augustuS,
3057 3867 3435 3938 Jerusalem
3474 3876 3544 3937 et
3584 3863 3808 3936 Sicilie

1084 4039 1169 4119 (a)
1211 4042 1281 4101 In
1307 4045 1592 4119 impresso
1622 4041 1822 4110 Iuven,
1849 4043 2113 4116 pessime.

1081 4144 1163 4224 (b)
1206 4148 1546 4227 Legendum
1577 4155 1777 4209 autem
1804 4146 2028 4208 XVIII.

1069 4380 1141 4454 (4)
1181 4380 1321 4436 Luce
1345 4396 1477 4438 vero
1505 4382 1701 4439 clarius
1723 4382 1797 4439 M.
1817 4382 1920 4440 CC.
1940 4382 2129 4439 XLIII.

1070 4479 1144 4552 (Ξ)
1181 4476 1356 4544 Quum
1401 4494 1509 4532 non
1547 4479 1619 4533 sit
1659 4478 1804 4536 aliud
1849 4494 2014 4551 quam
2040 4482 2294 4550 Procina,
2321 4479 2472 4537 facile
2503 4496 2572 4537 ex
2602 4479 2953 4552 sequentibus
2983 4479 3460 4539 demonstrandum
3486 4480 3630 4552 quod
3655 4495 3808 4537 ama·

996 4576 1217 4633 nuensis
1235 4575 1376 4631 male
1393 4574 1496 4631 hoc
1517 4575 1740 4632 verbum
1766 4576 1972 4649 legerit,
1995 4585 2049 4634 et
2074 4594 2269 4635 nomen
2292 4576 2392 4634 loci
2417 4577 2650 4650 Apuliae
2680 4576 2783 4633 sibi
2807 4577 3053 4650 incogniti
3076 4595 3173 4652 pro
3192 4578 3405 4636 nomine
3422 4577 3524 4634 loci
3540 4576 3810 4635 vicinioris

995 4672 1425 4733 commutaverit.
