<?xml version="1.0" encoding="UTF-8"?>
<!DOCTYPE html PUBLIC "-//W3C//DTD XHTML 1.0 Transitional//EN"
    "http://www.w3.org/TR/xhtml1/DTD/xhtml1-transitional.dtd">
<html xmlns="http://www.w3.org/1999/xhtml" xml:lang="en" lang="en">
 <head>
  <title>
</title>
<meta http-equiv="Content-Type" content="text/html;charset=utf-8" />
  <meta name='ocr-system' content='tesseract 3.04.00' />
  <meta name='ocr-capabilities' content='ocr_page ocr_carea ocr_par ocr_line ocrx_word'/>
</head>
<body>
  <div class='ocr_page' id='page_1' title='image "./historiadiploma00degoog_0300.png"; bbox 0 0 4364 5738; ppageno 0'>
   <div class='ocr_carea' id='block_1_1' title="bbox 1016 553 3816 636">
    <p class='ocr_par' dir='ltr' id='par_1_1' title="bbox 1016 553 3816 636">
     <span class='ocr_line' id='line_1_1' title="bbox 1016 553 3816 636; baseline 0.002 -20"><span class='ocrx_word' id='word_1_1' title='bbox 1016 553 1136 616; x_wconf 75' lang='lat'><strong>286</strong></span> <span class='ocrx_word' id='word_1_2' title='bbox 2011 556 2435 621; x_wconf 72' lang='lat' dir='ltr'><strong>rmnssmcl</strong></span> <span class='ocrx_word' id='word_1_3' title='bbox 2481 558 2830 621; x_wconf 67' lang='lat' dir='ltr'><strong>suenum</strong></span> <span class='ocrx_word' id='word_1_4' title='bbox 3442 557 3610 636; x_wconf 73' lang='lat' dir='ltr'><strong>[Ant.</strong></span> <span class='ocrx_word' id='word_1_5' title='bbox 3643 558 3816 621; x_wconf 61' lang='lat'><strong>1245.</strong></span> 
     </span>
    </p>
   </div>
   <div class='ocr_carea' id='block_1_2' title="bbox 1017 694 3896 4614">
    <p class='ocr_par' dir='ltr' id='par_1_2' title="bbox 1017 694 3896 4614">
     <span class='ocr_line' id='line_1_2' title="bbox 1017 694 3830 791; baseline 0.002 -25"><span class='ocrx_word' id='word_1_6' title='bbox 1017 695 1362 790; x_wconf 75' lang='lat' dir='ltr'>perceptis</span> <span class='ocrx_word' id='word_1_7' title='bbox 1405 695 1477 765; x_wconf 92' lang='lat' dir='ltr'><strong>in</strong></span> <span class='ocrx_word' id='word_1_8' title='bbox 1527 694 1982 768; x_wconf 86' lang='lat' dir='ltr'><strong>Tbeutoniam</strong></span> <span class='ocrx_word' id='word_1_9' title='bbox 2027 697 2274 788; x_wconf 89' lang='lat' dir='ltr'><strong>rediit,</strong></span> <span class='ocrx_word' id='word_1_10' title='bbox 2321 709 2391 770; x_wconf 88' lang='lat' dir='ltr'><strong>et</strong></span> <span class='ocrx_word' id='word_1_11' title='bbox 2443 720 2574 772; x_wconf 84' lang='lat' dir='ltr'><strong>rex</strong></span> <span class='ocrx_word' id='word_1_12' title='bbox 2615 697 2999 770; x_wconf 89' lang='lat' dir='ltr'><strong>Fridericus</strong></span> <span class='ocrx_word' id='word_1_13' title='bbox 3042 696 3277 791; x_wconf 87' lang='lat' dir='ltr'><strong>inops,</strong></span> <span class='ocrx_word' id='word_1_14' title='bbox 3318 697 3725 791; x_wconf 88' lang='lat' dir='ltr'><strong>peregrinus</strong></span> <span class='ocrx_word' id='word_1_15' title='bbox 3758 706 3830 771; x_wconf 84' lang='lat' dir='ltr'><strong>et</strong></span> 
     </span>
     <span class='ocr_line' id='line_1_3' title="bbox 1017 816 3830 915; baseline 0.001 -26"><span class='ocrx_word' id='word_1_16' title='bbox 1017 820 1295 890; x_wconf 87' lang='lat' dir='ltr'><strong>nautica</strong></span> <span class='ocrx_word' id='word_1_17' title='bbox 1309 816 1410 914; x_wconf 87' lang='lat' dir='ltr'><strong>(a)</strong></span> <span class='ocrx_word' id='word_1_18' title='bbox 1426 820 1712 890; x_wconf 89' lang='lat' dir='ltr'><strong>Romam</strong></span> <span class='ocrx_word' id='word_1_19' title='bbox 1733 819 1928 892; x_wconf 88' lang='lat' dir='ltr'><strong>venit</strong></span> <span class='ocrx_word' id='word_1_20' title='bbox 1936 819 2339 915; x_wconf 88' lang='lat' dir='ltr'><strong>juravitque</strong></span> <span class='ocrx_word' id='word_1_21' title='bbox 2362 832 2440 893; x_wconf 88' lang='lat' dir='ltr'><strong>ut</strong></span> <span class='ocrx_word' id='word_1_22' title='bbox 2463 822 2767 895; x_wconf 88' lang='lat' dir='ltr'><strong>debebat</strong></span> <span class='ocrx_word' id='word_1_23' title='bbox 2772 822 2979 914; x_wconf 86' lang='lat' dir='ltr'><strong>juxta</strong></span> <span class='ocrx_word' id='word_1_24' title='bbox 2996 819 3570 893; x_wconf 66' lang='lat' dir='ltr'><strong>consuetudInem</strong></span> <span class='ocrx_word' id='word_1_25' title='bbox 3587 841 3830 913; x_wconf 83' lang='lat' dir='ltr'><strong>regum</strong></span> 
     </span>
     <span class='ocr_line' id='line_1_4' title="bbox 1018 938 3834 1038; baseline 0.001 -26"><span class='ocrx_word' id='word_1_26' title='bbox 1018 940 1247 1013; x_wconf 82' lang='lat' dir='ltr'><strong>Sicilie</strong></span> <span class='ocrx_word' id='word_1_27' title='bbox 1284 938 1689 1012; x_wconf 88' lang='lat' dir='ltr'><strong>fidelitatem</strong></span> <span class='ocrx_word' id='word_1_28' title='bbox 1742 940 2025 1013; x_wconf 92' lang='lat' dir='ltr'><strong>domino</strong></span> <span class='ocrx_word' id='word_1_29' title='bbox 2070 943 2472 1015; x_wconf 80' lang='lat' dir='ltr'><strong>Innocentio</strong></span> <span class='ocrx_word' id='word_1_30' title='bbox 2519 964 2699 1038; x_wconf 87' lang='lat' dir='ltr'><strong>pape</strong></span> <span class='ocrx_word' id='word_1_31' title='bbox 2741 942 2944 1015; x_wconf 90' lang='lat' dir='ltr'><strong>tertio</strong></span> <span class='ocrx_word' id='word_1_32' title='bbox 2989 941 3272 1034; x_wconf 87' lang='lat' dir='ltr'><strong>suisque</strong></span> <span class='ocrx_word' id='word_1_33' title='bbox 3324 942 3834 1015; x_wconf 81' lang='lat' dir='ltr'><strong>successoribus</strong></span> 
     </span>
     <span class='ocr_line' id='line_1_5' title="bbox 1020 1063 3833 1161; baseline 0.001 -24"><span class='ocrx_word' id='word_1_34' title='bbox 1020 1087 1146 1161; x_wconf 91' lang='lat' dir='ltr'><strong>pro</strong></span> <span class='ocrx_word' id='word_1_35' title='bbox 1180 1086 1396 1155; x_wconf 91' lang='lat' dir='ltr'><strong>regno</strong></span> <span class='ocrx_word' id='word_1_36' title='bbox 1434 1063 1682 1157; x_wconf 87' lang='lat' dir='ltr'><strong>Apulie</strong></span> <span class='ocrx_word' id='word_1_37' title='bbox 1721 1074 1792 1136; x_wconf 92' lang='lat' dir='ltr'><strong>et</strong></span> <span class='ocrx_word' id='word_1_38' title='bbox 1821 1064 2087 1155; x_wconf 81' lang='lat' dir='ltr'><strong>Sicilie,</strong></span> <span class='ocrx_word' id='word_1_39' title='bbox 2123 1087 2397 1138; x_wconf 85' lang='lat' dir='ltr'><strong>necnon</strong></span> <span class='ocrx_word' id='word_1_40' title='bbox 2441 1066 2682 1158; x_wconf 87' lang='lat' dir='ltr'><strong>ligium</strong></span> <span class='ocrx_word' id='word_1_41' title='bbox 2721 1064 3120 1158; x_wconf 76' lang='lat' dir='ltr'><strong>homagium</strong></span> <span class='ocrx_word' id='word_1_42' title='bbox 3169 1064 3301 1137; x_wconf 88' lang='lat' dir='ltr'><strong>sibi</strong></span> <span class='ocrx_word' id='word_1_43' title='bbox 3343 1065 3526 1138; x_wconf 81' lang='lat' dir='ltr'><strong>fecit.</strong></span> <span class='ocrx_word' id='word_1_44' title='bbox 3565 1065 3833 1139; x_wconf 83' lang='lat' dir='ltr'><strong>Deinde</strong></span> 
     </span>
     <span class='ocr_line' id='line_1_6' title="bbox 1020 1186 3830 1285; baseline 0.001 -27"><span class='ocrx_word' id='word_1_45' title='bbox 1020 1188 1090 1258; x_wconf 92' lang='lat' dir='ltr'><strong>in</strong></span> <span class='ocrx_word' id='word_1_46' title='bbox 1121 1186 1604 1259; x_wconf 87' lang='lat' dir='ltr'><strong>Alamanniam</strong></span> <span class='ocrx_word' id='word_1_47' title='bbox 1633 1198 1739 1257; x_wconf 91' lang='lat' dir='ltr'><strong>est</strong></span> <span class='ocrx_word' id='word_1_48' title='bbox 1769 1196 2204 1260; x_wconf 88' lang='lat' dir='ltr'><strong>transvectus</strong></span> <span class='ocrx_word' id='word_1_49' title='bbox 2229 1189 2538 1261; x_wconf 89' lang='lat' dir='ltr'><strong>Ecclesie</strong></span> <span class='ocrx_word' id='word_1_50' title='bbox 2570 1189 2898 1285; x_wconf 81' lang='lat' dir='ltr'><strong>impensis</strong></span> <span class='ocrx_word' id='word_1_51' title='bbox 2938 1208 3331 1283; x_wconf 83' lang='lat' dir='ltr'><strong>magnoque</strong></span> <span class='ocrx_word' id='word_1_52' title='bbox 3362 1188 3594 1261; x_wconf 83' lang='lat' dir='ltr'><strong>studio</strong></span> <span class='ocrx_word' id='word_1_53' title='bbox 3623 1199 3696 1260; x_wconf 87' lang='lat' dir='ltr'><strong>et</strong></span> <span class='ocrx_word' id='word_1_54' title='bbox 3726 1189 3830 1260; x_wconf 86' lang='lat' dir='ltr'><strong>la·</strong></span> 
     </span>
     <span class='ocr_line' id='line_1_7' title="bbox 1018 1309 3827 1406; baseline -0 -24"><span class='ocrx_word' id='word_1_55' title='bbox 1018 1311 1223 1400; x_wconf 93' lang='lat' dir='ltr'><strong>bore,</strong></span> <span class='ocrx_word' id='word_1_56' title='bbox 1260 1310 1380 1380; x_wconf 90' lang='lat' dir='ltr'><strong>ubi</strong></span> <span class='ocrx_word' id='word_1_57' title='bbox 1408 1331 1566 1380; x_wconf 89' lang='lat' dir='ltr'><strong>cum</strong></span> <span class='ocrx_word' id='word_1_58' title='bbox 1603 1310 1808 1400; x_wconf 87' lang='lat' dir='ltr'><strong>longa</strong></span> <span class='ocrx_word' id='word_1_59' title='bbox 1836 1312 2257 1382; x_wconf 80' lang='lat' dir='ltr'><strong>concertatio</strong></span> <span class='ocrx_word' id='word_1_60' title='bbox 2299 1309 2702 1382; x_wconf 87' lang='lat' dir='ltr'><strong>tenderetur</strong></span> <span class='ocrx_word' id='word_1_61' title='bbox 2740 1320 2808 1381; x_wconf 90' lang='lat' dir='ltr'><strong>et</strong></span> <span class='ocrx_word' id='word_1_62' title='bbox 2842 1310 3314 1406; x_wconf 82' lang='lat' dir='ltr'><strong>pugnantibus</strong></span> <span class='ocrx_word' id='word_1_63' title='bbox 3347 1311 3592 1382; x_wconf 88' lang='lat' dir='ltr'><strong>Cesare</strong></span> <span class='ocrx_word' id='word_1_64' title='bbox 3623 1320 3827 1402; x_wconf 90' lang='lat' dir='ltr'><strong>atque</strong></span> 
     </span>
     <span class='ocr_line' id='line_1_8' title="bbox 1019 1432 3827 1530; baseline -0 -25"><span class='ocrx_word' id='word_1_65' title='bbox 1019 1456 1212 1526; x_wconf 91' lang='lat' dir='ltr'><strong>rege,</strong></span> <span class='ocrx_word' id='word_1_66' title='bbox 1243 1432 1428 1503; x_wconf 90' lang='lat' dir='ltr'><strong>idem</strong></span> <span class='ocrx_word' id='word_1_67' title='bbox 1462 1432 1849 1504; x_wconf 86' lang='lat' dir='ltr'><strong>Fridericus</strong></span> <span class='ocrx_word' id='word_1_68' title='bbox 1878 1445 1958 1504; x_wconf 91' lang='lat' dir='ltr'><strong>ut</strong></span> <span class='ocrx_word' id='word_1_69' title='bbox 1982 1434 2070 1505; x_wconf 91' lang='lat' dir='ltr'><strong>ad</strong></span> <span class='ocrx_word' id='word_1_70' title='bbox 2099 1457 2304 1505; x_wconf 90' lang='lat' dir='ltr'><strong>suum</strong></span> <span class='ocrx_word' id='word_1_71' title='bbox 2334 1433 2711 1530; x_wconf 87' lang='lat' dir='ltr'><strong>presidium</strong></span> <span class='ocrx_word' id='word_1_72' title='bbox 2748 1433 3124 1505; x_wconf 81' lang='lat' dir='ltr'><strong>Ecclesiam</strong></span> <span class='ocrx_word' id='word_1_73' title='bbox 3151 1432 3516 1524; x_wconf 80' lang='lat' dir='ltr'><strong>obligaret,</strong></span> <span class='ocrx_word' id='word_1_74' title='bbox 3543 1433 3673 1505; x_wconf 90' lang='lat' dir='ltr'><strong>sibi</strong></span> <span class='ocrx_word' id='word_1_75' title='bbox 3704 1453 3827 1526; x_wconf 92' lang='lat' dir='ltr'><strong>pro</strong></span> 
     </span>
     <span class='ocr_line' id='line_1_9' title="bbox 1020 1555 3827 1651; baseline -0 -23"><span class='ocrx_word' id='word_1_76' title='bbox 1020 1558 1226 1628; x_wconf 91' lang='lat' dir='ltr'><strong>Terre</strong></span> <span class='ocrx_word' id='word_1_77' title='bbox 1258 1558 1508 1627; x_wconf 88' lang='lat' dir='ltr'><strong>Sancte</strong></span> <span class='ocrx_word' id='word_1_78' title='bbox 1539 1555 1845 1626; x_wconf 90' lang='lat' dir='ltr'><strong>subsidio</strong></span> <span class='ocrx_word' id='word_1_79' title='bbox 1882 1557 2210 1651; x_wconf 86' lang='lat' dir='ltr'><strong>imposuit</strong></span> <span class='ocrx_word' id='word_1_80' title='bbox 2236 1557 2462 1628; x_wconf 91' lang='lat' dir='ltr'><strong>crucis</strong></span> <span class='ocrx_word' id='word_1_81' title='bbox 2489 1557 2791 1650; x_wconf 92' lang='lat' dir='ltr'><strong>signum,</strong></span> <span class='ocrx_word' id='word_1_82' title='bbox 2834 1555 3302 1648; x_wconf 86' lang='lat' dir='ltr'><strong>defunctoque</strong></span> <span class='ocrx_word' id='word_1_83' title='bbox 3329 1557 3579 1628; x_wconf 88' lang='lat' dir='ltr'><strong>Ottone</strong></span> <span class='ocrx_word' id='word_1_84' title='bbox 3602 1555 3691 1627; x_wconf 92' lang='lat' dir='ltr'><strong>de</strong></span> <span class='ocrx_word' id='word_1_85' title='bbox 3716 1577 3827 1627; x_wconf 84' lang='lat' dir='ltr'><strong>as·</strong></span> 
     </span>
     <span class='ocr_line' id='line_1_10' title="bbox 1021 1679 3827 1775; baseline -0 -25"><span class='ocrx_word' id='word_1_86' title='bbox 1021 1701 1229 1751; x_wconf 91' lang='lat' dir='ltr'><strong>sensu</strong></span> <span class='ocrx_word' id='word_1_87' title='bbox 1270 1679 1578 1749; x_wconf 88' lang='lat' dir='ltr'><strong>omnium</strong></span> <span class='ocrx_word' id='word_1_88' title='bbox 1630 1679 2018 1773; x_wconf 89' lang='lat' dir='ltr'><strong>principum</strong></span> <span class='ocrx_word' id='word_1_89' title='bbox 2065 1679 2474 1750; x_wconf 87' lang='lat' dir='ltr'><strong>Alamannie</strong></span> <span class='ocrx_word' id='word_1_90' title='bbox 2523 1701 2651 1775; x_wconf 91' lang='lat' dir='ltr'><strong>pro</strong></span> <span class='ocrx_word' id='word_1_91' title='bbox 2697 1680 3003 1751; x_wconf 86' lang='lat' dir='ltr'><strong>Ecclesia</strong></span> <span class='ocrx_word' id='word_1_92' title='bbox 3048 1679 3356 1750; x_wconf 86' lang='lat' dir='ltr'><strong>Romana</strong></span> <span class='ocrx_word' id='word_1_93' title='bbox 3397 1679 3827 1772; x_wconf 88' lang='lat' dir='ltr'><strong>privilegium</strong></span> 
     </span>
     <span class='ocr_line' id='line_1_11' title="bbox 1023 1800 3831 1894; baseline 0 -21"><span class='ocrx_word' id='word_1_94' title='bbox 1023 1800 1243 1873; x_wconf 88' lang='lat' dir='ltr'><strong>edidit</strong></span> <span class='ocrx_word' id='word_1_95' title='bbox 1284 1823 1409 1873; x_wconf 91' lang='lat' dir='ltr'><strong>suo</strong></span> <span class='ocrx_word' id='word_1_96' title='bbox 1447 1810 1517 1871; x_wconf 90' lang='lat' dir='ltr'><strong>et</strong></span> <span class='ocrx_word' id='word_1_97' title='bbox 1556 1800 1944 1894; x_wconf 89' lang='lat' dir='ltr'><strong>principum</strong></span> <span class='ocrx_word' id='word_1_98' title='bbox 1988 1801 2468 1893; x_wconf 88' lang='lat' dir='ltr'><strong>consignatum</strong></span> <span class='ocrx_word' id='word_1_99' title='bbox 2510 1801 2783 1894; x_wconf 87' lang='lat' dir='ltr'><strong>sigillis,</strong></span> <span class='ocrx_word' id='word_1_100' title='bbox 2833 1800 3024 1894; x_wconf 83' lang='lat' dir='ltr'><strong>quod</strong></span> <span class='ocrx_word' id='word_1_101' title='bbox 3070 1801 3300 1871; x_wconf 91' lang='lat' dir='ltr'><strong>nullus</strong></span> <span class='ocrx_word' id='word_1_102' title='bbox 3338 1800 3717 1894; x_wconf 90' lang='lat' dir='ltr'><strong>imperator</strong></span> <span class='ocrx_word' id='word_1_103' title='bbox 3745 1800 3831 1872; x_wconf 89' lang='lat' dir='ltr'><strong>de</strong></span> 
     </span>
     <span class='ocr_line' id='line_1_12' title="bbox 1023 1923 3834 2018; baseline -0.001 -23"><span class='ocrx_word' id='word_1_104' title='bbox 1023 1936 1254 1995; x_wconf 83' lang='lat' dir='ltr'><strong>cetero</strong></span> <span class='ocrx_word' id='word_1_105' title='bbox 1284 1924 1665 1994; x_wconf 84' lang='lat' dir='ltr'><strong>Ecclesiam</strong></span> <span class='ocrx_word' id='word_1_106' title='bbox 1711 1934 1848 1995; x_wconf 91' lang='lat' dir='ltr'><strong>tam</strong></span> <span class='ocrx_word' id='word_1_107' title='bbox 1894 1947 2103 2018; x_wconf 90' lang='lat' dir='ltr'><strong>super</strong></span> <span class='ocrx_word' id='word_1_108' title='bbox 2146 1926 2565 1996; x_wconf 88' lang='lat' dir='ltr'><strong>Patrimonio</strong></span> <span class='ocrx_word' id='word_1_109' title='bbox 2603 1946 2812 2017; x_wconf 88' lang='lat' dir='ltr'><strong>quam</strong></span> <span class='ocrx_word' id='word_1_110' title='bbox 2846 1924 3102 1995; x_wconf 90' lang='lat' dir='ltr'><strong>ducatu</strong></span> <span class='ocrx_word' id='word_1_111' title='bbox 3140 1924 3510 2018; x_wconf 82' lang='lat' dir='ltr'><strong>Spoletano</strong></span> <span class='ocrx_word' id='word_1_112' title='bbox 3554 1935 3625 1995; x_wconf 92' lang='lat' dir='ltr'><strong>et</strong></span> <span class='ocrx_word' id='word_1_113' title='bbox 3657 1923 3834 1995; x_wconf 86' lang='lat' dir='ltr'><strong>Mar-</strong></span> 
     </span>
     <span class='ocr_line' id='line_1_13' title="bbox 1022 2045 3832 2147; baseline 0 -28"><span class='ocrx_word' id='word_1_114' title='bbox 1022 2047 1178 2119; x_wconf 88' lang='lat' dir='ltr'><strong>chia</strong></span> <span class='ocrx_word' id='word_1_115' title='bbox 1208 2048 1556 2117; x_wconf 86' lang='lat' dir='ltr'><strong>ullatenus</strong></span> <span class='ocrx_word' id='word_1_116' title='bbox 1595 2048 2025 2147; x_wconf 81' lang='lat' dir='ltr'><strong>molestaret3</strong></span> <span class='ocrx_word' id='word_1_117' title='bbox 2069 2057 2138 2118; x_wconf 93' lang='lat' dir='ltr'><strong>et</strong></span> <span class='ocrx_word' id='word_1_118' title='bbox 2174 2070 2467 2139; x_wconf 87' lang='lat' dir='ltr'><strong>regnum</strong></span> <span class='ocrx_word' id='word_1_119' title='bbox 2504 2048 2730 2119; x_wconf 89' lang='lat' dir='ltr'><strong>Sicilie</strong></span> <span class='ocrx_word' id='word_1_120' title='bbox 2772 2046 3072 2118; x_wconf 90' lang='lat' dir='ltr'><strong>divisum</strong></span> <span class='ocrx_word' id='word_1_121' title='bbox 3112 2045 3204 2117; x_wconf 88' lang='lat' dir='ltr'><strong>ab</strong></span> <span class='ocrx_word' id='word_1_122' title='bbox 3249 2046 3539 2140; x_wconf 91' lang='lat' dir='ltr'><strong>imperio</strong></span> <span class='ocrx_word' id='word_1_123' title='bbox 3575 2047 3668 2119; x_wconf 90' lang='lat' dir='ltr'><strong>ab</strong></span> <span class='ocrx_word' id='word_1_124' title='bbox 3705 2048 3832 2119; x_wconf 86' lang='lat' dir='ltr'><strong>Ec-</strong></span> 
     </span>
     <span class='ocr_line' id='line_1_14' title="bbox 1023 2168 3839 2265; baseline 0 -25"><span class='ocrx_word' id='word_1_125' title='bbox 1023 2169 1230 2240; x_wconf 91' lang='lat' dir='ltr'><strong>clesia</strong></span> <span class='ocrx_word' id='word_1_126' title='bbox 1262 2190 1789 2261; x_wconf 77' lang='lat' dir='ltr'><strong>recognoscenS‚</strong></span> <span class='ocrx_word' id='word_1_127' title='bbox 1815 2170 1951 2241; x_wconf 89' lang='lat' dir='ltr'><strong>alia</strong></span> <span class='ocrx_word' id='word_1_128' title='bbox 1978 2191 2188 2264; x_wconf 90' lang='lat' dir='ltr'><strong>super</strong></span> <span class='ocrx_word' id='word_1_129' title='bbox 2219 2170 2350 2242; x_wconf 92' lang='lat' dir='ltr'><strong>hec</strong></span> <span class='ocrx_word' id='word_1_130' title='bbox 2375 2170 2735 2265; x_wconf 90' lang='lat' dir='ltr'><strong>privilegia</strong></span> <span class='ocrx_word' id='word_1_131' title='bbox 2761 2191 2888 2241; x_wconf 89' lang='lat' dir='ltr'><strong>sua</strong></span> <span class='ocrx_word' id='word_1_132' title='bbox 2912 2169 3130 2242; x_wconf 88' lang='lat' dir='ltr'><strong>dedit.</strong></span> <span class='ocrx_word' id='word_1_133' title='bbox 3162 2169 3469 2262; x_wconf 90' lang='lat' dir='ltr'><strong>Cumque</strong></span> <span class='ocrx_word' id='word_1_134' title='bbox 3495 2168 3680 2241; x_wconf 93' lang='lat' dir='ltr'><strong>idem</strong></span> <span class='ocrx_word' id='word_1_135' title='bbox 3714 2189 3839 2241; x_wconf 84' lang='lat' dir='ltr'><strong>rex</strong></span> 
     </span>
     <span class='ocr_line' id='line_1_15' title="bbox 1022 2291 3838 2384; baseline 0 -20"><span class='ocrx_word' id='word_1_136' title='bbox 1022 2294 1382 2364; x_wconf 90' lang='lat' dir='ltr'><strong>absolutus</strong></span> <span class='ocrx_word' id='word_1_137' title='bbox 1430 2293 1670 2364; x_wconf 85' lang='lat' dir='ltr'><strong>fuisset</strong></span> <span class='ocrx_word' id='word_1_138' title='bbox 1702 2293 1908 2384; x_wconf 82' lang='lat' dir='ltr'><strong>juxta</strong></span> <span class='ocrx_word' id='word_1_139' title='bbox 1952 2294 2243 2365; x_wconf 83' lang='lat' dir='ltr'><strong>formam</strong></span> <span class='ocrx_word' id='word_1_140' title='bbox 2283 2293 2588 2365; x_wconf 90' lang='lat' dir='ltr'><strong>Ecclesie</strong></span> <span class='ocrx_word' id='word_1_141' title='bbox 2638 2314 2681 2365; x_wconf 91' lang='lat' dir='ltr'><strong>a</strong></span> <span class='ocrx_word' id='word_1_142' title='bbox 2725 2293 3068 2364; x_wconf 89' lang='lat' dir='ltr'><strong>sententia</strong></span> <span class='ocrx_word' id='word_1_143' title='bbox 3109 2291 3838 2365; x_wconf 82' lang='lat' dir='ltr'><strong>excommunicationis</strong></span> 
     </span>
     <span class='ocr_line' id='line_1_16' title="bbox 1026 2415 3837 2511; baseline 0 -25"><span class='ocrx_word' id='word_1_144' title='bbox 1026 2417 1096 2488; x_wconf 93' lang='lat' dir='ltr'><strong>in</strong></span> <span class='ocrx_word' id='word_1_145' title='bbox 1124 2438 1333 2510; x_wconf 87' lang='lat' dir='ltr'><strong>quam</strong></span> <span class='ocrx_word' id='word_1_146' title='bbox 1367 2416 1730 2504; x_wconf 88' lang='lat' dir='ltr'><strong>inciderat,</strong></span> <span class='ocrx_word' id='word_1_147' title='bbox 1762 2417 1926 2509; x_wconf 86' lang='lat' dir='ltr'><strong>quia</strong></span> <span class='ocrx_word' id='word_1_148' title='bbox 1955 2417 2086 2487; x_wconf 90' lang='lat' dir='ltr'><strong>iter</strong></span> <span class='ocrx_word' id='word_1_149' title='bbox 2117 2417 2690 2511; x_wconf 80' lang='lat' dir='ltr'><strong>peregrinationis</strong></span> <span class='ocrx_word' id='word_1_150' title='bbox 2718 2438 2857 2488; x_wconf 94' lang='lat' dir='ltr'><strong>non</strong></span> <span class='ocrx_word' id='word_1_151' title='bbox 2891 2427 3171 2510; x_wconf 86' lang='lat' dir='ltr'><strong>ceperat</strong></span> <span class='ocrx_word' id='word_1_152' title='bbox 3202 2416 3275 2487; x_wconf 87' lang='lat' dir='ltr'><strong>in</strong></span> <span class='ocrx_word' id='word_1_153' title='bbox 3314 2415 3608 2488; x_wconf 87' lang='lat' dir='ltr'><strong>termino</strong></span> <span class='ocrx_word' id='word_1_154' title='bbox 3634 2437 3837 2508; x_wconf 88' lang='lat' dir='ltr'><strong>quem</strong></span> 
     </span>
     <span class='ocr_line' id='line_1_17' title="bbox 1028 2537 3837 2635; baseline 0 -26"><span class='ocrx_word' id='word_1_155' title='bbox 1028 2539 1118 2609; x_wconf 91' lang='lat' dir='ltr'><strong>ab</strong></span> <span class='ocrx_word' id='word_1_156' title='bbox 1152 2538 1458 2608; x_wconf 88' lang='lat' dir='ltr'><strong>Ecclesia</strong></span> <span class='ocrx_word' id='word_1_157' title='bbox 1498 2537 1743 2631; x_wconf 88' lang='lat' dir='ltr'><strong>prefigi</strong></span> <span class='ocrx_word' id='word_1_158' title='bbox 1777 2539 1908 2608; x_wconf 90' lang='lat' dir='ltr'><strong>sibi</strong></span> <span class='ocrx_word' id='word_1_159' title='bbox 1941 2549 2011 2609; x_wconf 92' lang='lat' dir='ltr'><strong>et</strong></span> <span class='ocrx_word' id='word_1_160' title='bbox 2043 2538 2535 2631; x_wconf 88' lang='lat' dir='ltr'><strong>crucesignatis</strong></span> <span class='ocrx_word' id='word_1_161' title='bbox 2576 2539 2730 2611; x_wconf 91' lang='lat' dir='ltr'><strong>aliis</strong></span> <span class='ocrx_word' id='word_1_162' title='bbox 2768 2539 3188 2635; x_wconf 89' lang='lat' dir='ltr'><strong>procuravit,</strong></span> <span class='ocrx_word' id='word_1_163' title='bbox 3226 2561 3320 2611; x_wconf 84' lang='lat' dir='ltr'><strong>ex</strong></span> <span class='ocrx_word' id='word_1_164' title='bbox 3363 2539 3699 2611; x_wconf 88' lang='lat' dir='ltr'><strong>industria</strong></span> <span class='ocrx_word' id='word_1_165' title='bbox 3735 2548 3837 2610; x_wconf 82' lang='lat' dir='ltr'><strong>ta-</strong></span> 
     </span>
     <span class='ocr_line' id='line_1_18' title="bbox 1029 2660 3835 2768; baseline 0 -36"><span class='ocrx_word' id='word_1_166' title='bbox 1029 2671 1312 2768; x_wconf 39' lang='lat' dir='ltr'><strong>men-ut</strong></span> <span class='ocrx_word' id='word_1_167' title='bbox 1352 2660 1638 2732; x_wconf 86' lang='lat' dir='ltr'><strong>haberet</strong></span> <span class='ocrx_word' id='word_1_168' title='bbox 1683 2661 1905 2733; x_wconf 90' lang='lat' dir='ltr'><strong>socios</strong></span> <span class='ocrx_word' id='word_1_169' title='bbox 1935 2683 2093 2733; x_wconf 91' lang='lat' dir='ltr'><strong>cum</strong></span> <span class='ocrx_word' id='word_1_170' title='bbox 2132 2663 2388 2755; x_wconf 90' lang='lat' dir='ltr'><strong>quibus</strong></span> <span class='ocrx_word' id='word_1_171' title='bbox 2429 2662 2794 2734; x_wconf 84' lang='lat' dir='ltr'><strong>accederet</strong></span> <span class='ocrx_word' id='word_1_172' title='bbox 2835 2663 2928 2734; x_wconf 88' lang='lat' dir='ltr'><strong>ad</strong></span> <span class='ocrx_word' id='word_1_173' title='bbox 2965 2663 3480 2735; x_wconf 85' lang='lat' dir='ltr'><strong>coronationem</strong></span> <span class='ocrx_word' id='word_1_174' title='bbox 3516 2662 3835 2753; x_wconf 83' lang='lat' dir='ltr'><strong>Romam,</strong></span> 
     </span>
     <span class='ocr_line' id='line_1_19' title="bbox 1024 2774 3840 2881; baseline 0 -26"><span class='ocrx_word' id='word_1_175' title='bbox 1024 2784 1288 2877; x_wconf 88' lang='lat' dir='ltr'><strong>juravit</strong></span> <span class='ocrx_word' id='word_1_176' title='bbox 1323 2785 1700 2856; x_wconf 89' lang='lat' dir='ltr'><strong>Ecclesiam</strong></span> <span class='ocrx_word' id='word_1_177' title='bbox 1738 2794 1807 2856; x_wconf 87' lang='lat' dir='ltr'><strong>et</strong></span> <span class='ocrx_word' id='word_1_178' title='bbox 1839 2786 2329 2880; x_wconf 89' lang='lat' dir='ltr'><strong>patrimonium</strong></span> <span class='ocrx_word' id='word_1_179' title='bbox 2368 2785 2731 2857; x_wconf 84' lang='lat' dir='ltr'><strong>defensare</strong></span> <span class='ocrx_word' id='word_1_180' title='bbox 2763 2774 3142 2881; x_wconf 89' lang='lat' dir='ltr'><strong>privilegiis</strong></span> <span class='ocrx_word' id='word_1_181' title='bbox 3185 2787 3517 2857; x_wconf 88' lang='lat' dir='ltr'><strong>roborans</strong></span> <span class='ocrx_word' id='word_1_182' title='bbox 3562 2806 3701 2878; x_wconf 89' lang='lat' dir='ltr'><strong>que</strong></span> <span class='ocrx_word' id='word_1_183' title='bbox 3726 2786 3840 2878; x_wconf 89' lang='lat' dir='ltr'><strong>ju·</strong></span> 
     </span>
     <span class='ocr_line' id='line_1_20' title="bbox 1035 2909 3837 3003; baseline 0 -23"><span class='ocrx_word' id='word_1_184' title='bbox 1035 2909 1239 2998; x_wconf 90' lang='lat' dir='ltr'><strong>ravit,</strong></span> <span class='ocrx_word' id='word_1_185' title='bbox 1276 2910 1538 3003; x_wconf 91' lang='lat' dir='ltr'><strong>recepit</strong></span> <span class='ocrx_word' id='word_1_186' title='bbox 1570 2931 1934 2998; x_wconf 90' lang='lat' dir='ltr'><strong>coronam,</strong></span> <span class='ocrx_word' id='word_1_187' title='bbox 1974 2910 2231 2982; x_wconf 79' lang='lat' dir='ltr'><strong>indixit</strong></span> <span class='ocrx_word' id='word_1_188' title='bbox 2258 2910 2386 2984; x_wconf 90' lang='lat' dir='ltr'><strong>sibi</strong></span> <span class='ocrx_word' id='word_1_189' title='bbox 2423 2909 2911 2982; x_wconf 85' lang='lat' dir='ltr'><strong>transfretandi</strong></span> <span class='ocrx_word' id='word_1_190' title='bbox 2944 2910 3315 2982; x_wconf 89' lang='lat' dir='ltr'><strong>terminum</strong></span> <span class='ocrx_word' id='word_1_191' title='bbox 3354 2930 3487 2981; x_wconf 91' lang='lat' dir='ltr'><strong>nec</strong></span> <span class='ocrx_word' id='word_1_192' title='bbox 3515 2909 3837 2982; x_wconf 88' lang='lat' dir='ltr'><strong>servavit.</strong></span> 
     </span>
     <span class='ocr_line' id='line_1_21' title="bbox 1036 3032 3845 3128; baseline 0 -25"><span class='ocrx_word' id='word_1_193' title='bbox 1036 3032 1170 3103; x_wconf 91' lang='lat' dir='ltr'><strong>Sed</strong></span> <span class='ocrx_word' id='word_1_194' title='bbox 1206 3032 1479 3101; x_wconf 90' lang='lat' dir='ltr'><strong>interim</strong></span> <span class='ocrx_word' id='word_1_195' title='bbox 1517 3043 1596 3102; x_wconf 94' lang='lat' dir='ltr'><strong>ut</strong></span> <span class='ocrx_word' id='word_1_196' title='bbox 1627 3032 1991 3104; x_wconf 82' lang='lat' dir='ltr'><strong>malefidus</strong></span> <span class='ocrx_word' id='word_1_197' title='bbox 2028 3032 2248 3124; x_wconf 85' lang='lat' dir='ltr'><strong>filius,</strong></span> <span class='ocrx_word' id='word_1_198' title='bbox 2291 3043 2629 3128; x_wconf 87' lang='lat' dir='ltr'><strong>occupata</strong></span> <span class='ocrx_word' id='word_1_199' title='bbox 2663 3032 2967 3105; x_wconf 85' lang='lat' dir='ltr'><strong>Marchia</strong></span> <span class='ocrx_word' id='word_1_200' title='bbox 3000 3054 3126 3128; x_wconf 92' lang='lat' dir='ltr'><strong>per</strong></span> <span class='ocrx_word' id='word_1_201' title='bbox 3154 3032 3607 3106; x_wconf 87' lang='lat' dir='ltr'><strong>Gonzolinum</strong></span> <span class='ocrx_word' id='word_1_202' title='bbox 3647 3053 3845 3103; x_wconf 89' lang='lat' dir='ltr'><strong>suum</strong></span> 
     </span>
     <span class='ocr_line' id='line_1_22' title="bbox 1041 3154 3846 3251; baseline 0.002 -29"><span class='ocrx_word' id='word_1_203' title='bbox 1041 3154 1336 3247; x_wconf 89' lang='lat' dir='ltr'><strong>primum</strong></span> <span class='ocrx_word' id='word_1_204' title='bbox 1366 3154 1869 3243; x_wconf 89' lang='lat' dir='ltr'><strong>senescalcum,</strong></span> <span class='ocrx_word' id='word_1_205' title='bbox 1911 3155 2239 3227; x_wconf 87' lang='lat' dir='ltr'><strong>ducatum</strong></span> <span class='ocrx_word' id='word_1_206' title='bbox 2274 3168 2345 3228; x_wconf 91' lang='lat' dir='ltr'><strong>et</strong></span> <span class='ocrx_word' id='word_1_207' title='bbox 2377 3155 2550 3228; x_wconf 91' lang='lat' dir='ltr'><strong>illud</strong></span> <span class='ocrx_word' id='word_1_208' title='bbox 2582 3156 3073 3251; x_wconf 89' lang='lat' dir='ltr'><strong>patrimonium</strong></span> <span class='ocrx_word' id='word_1_209' title='bbox 3108 3156 3437 3229; x_wconf 91' lang='lat' dir='ltr'><strong>invadere</strong></span> <span class='ocrx_word' id='word_1_210' title='bbox 3470 3155 3692 3228; x_wconf 90' lang='lat' dir='ltr'><strong>voluit</strong></span> <span class='ocrx_word' id='word_1_211' title='bbox 3723 3175 3846 3227; x_wconf 89' lang='lat' dir='ltr'><strong>nec</strong></span> 
     </span>
     <span class='ocr_line' id='line_1_23' title="bbox 1042 3276 3842 3375; baseline 0.001 -29"><span class='ocrx_word' id='word_1_212' title='bbox 1042 3297 1136 3347; x_wconf 81' lang='lat' dir='ltr'><strong>ex</strong></span> <span class='ocrx_word' id='word_1_213' title='bbox 1170 3286 1315 3346; x_wconf 88' lang='lat' dir='ltr'><strong>toto</strong></span> <span class='ocrx_word' id='word_1_214' title='bbox 1335 3276 1578 3346; x_wconf 87' lang='lat' dir='ltr'><strong>valuit.</strong></span> <span class='ocrx_word' id='word_1_215' title='bbox 1605 3276 1914 3348; x_wconf 91' lang='lat' dir='ltr'><strong>Tandem</strong></span> <span class='ocrx_word' id='word_1_216' title='bbox 1946 3278 2110 3369; x_wconf 87' lang='lat' dir='ltr'><strong>quia</strong></span> <span class='ocrx_word' id='word_1_217' title='bbox 2144 3301 2285 3352; x_wconf 92' lang='lat' dir='ltr'><strong>non</strong></span> <span class='ocrx_word' id='word_1_218' title='bbox 2320 3280 2384 3350; x_wconf 92' lang='lat' dir='ltr'><strong>ei</strong></span> <span class='ocrx_word' id='word_1_219' title='bbox 2414 3289 2718 3352; x_wconf 90' lang='lat' dir='ltr'><strong>cesserat</strong></span> <span class='ocrx_word' id='word_1_220' title='bbox 2747 3290 2826 3351; x_wconf 91' lang='lat' dir='ltr'><strong>ut</strong></span> <span class='ocrx_word' id='word_1_221' title='bbox 2856 3280 3207 3375; x_wconf 85' lang='lat' dir='ltr'><strong>sperabat,</strong></span> <span class='ocrx_word' id='word_1_222' title='bbox 3243 3280 3484 3352; x_wconf 89' lang='lat' dir='ltr'><strong>invasa</strong></span> <span class='ocrx_word' id='word_1_223' title='bbox 3518 3277 3842 3367; x_wconf 89' lang='lat' dir='ltr'><strong>restituit,</strong></span> 
     </span>
     <span class='ocr_line' id='line_1_24' title="bbox 1043 3381 3896 3494; baseline 0.001 -25"><span class='ocrx_word' id='word_1_224' title='bbox 1043 3398 1383 3469; x_wconf 88' lang='lat' dir='ltr'><strong>mandans</strong></span> <span class='ocrx_word' id='word_1_225' title='bbox 1423 3398 1556 3469; x_wconf 90' lang='lat' dir='ltr'><strong>illis</strong></span> <span class='ocrx_word' id='word_1_226' title='bbox 1596 3399 1684 3471; x_wconf 91' lang='lat' dir='ltr'><strong>de</strong></span> <span class='ocrx_word' id='word_1_227' title='bbox 1729 3400 1985 3471; x_wconf 88' lang='lat' dir='ltr'><strong>ducatu</strong></span> <span class='ocrx_word' id='word_1_228' title='bbox 2025 3412 2096 3472; x_wconf 93' lang='lat' dir='ltr'><strong>et</strong></span> <span class='ocrx_word' id='word_1_229' title='bbox 2148 3401 2452 3474; x_wconf 87' lang='lat' dir='ltr'><strong>Marchia</strong></span> <span class='ocrx_word' id='word_1_230' title='bbox 2505 3402 2627 3494; x_wconf 89' lang='lat' dir='ltr'><strong>qui</strong></span> <span class='ocrx_word' id='word_1_231' title='bbox 2676 3403 3242 3476; x_wconf 80' lang='lat' dir='ltr'><strong>exorbitaverant</strong></span> <span class='ocrx_word' id='word_1_232' title='bbox 3284 3412 3364 3474; x_wconf 90' lang='lat' dir='ltr'><strong>ut</strong></span> <span class='ocrx_word' id='word_1_233' title='bbox 3414 3423 3546 3474; x_wconf 87' lang='lat' dir='ltr'><strong>nec</strong></span> <span class='ocrx_word' id='word_1_234' title='bbox 3595 3400 3851 3473; x_wconf 83' lang='lat' dir='ltr'><strong>nuntiis</strong></span> <span class='ocrx_word' id='word_1_235' title='bbox 3877 3381 3896 3386; x_wconf 50' lang='grc'><strong>“</strong></span> 
     </span>
     <span class='ocr_line' id='line_1_25' title="bbox 1045 3523 3846 3599; baseline 0 -7"><span class='ocrx_word' id='word_1_236' title='bbox 1045 3524 1157 3594; x_wconf 91' lang='lat' dir='ltr'><strong>vel</strong></span> <span class='ocrx_word' id='word_1_237' title='bbox 1192 3523 1432 3594; x_wconf 88' lang='lat' dir='ltr'><strong>litteris</strong></span> <span class='ocrx_word' id='word_1_238' title='bbox 1468 3523 1611 3595; x_wconf 91' lang='lat' dir='ltr'><strong>suis</strong></span> <span class='ocrx_word' id='word_1_239' title='bbox 1641 3524 2008 3596; x_wconf 85' lang='lat' dir='ltr'><strong>crederent</strong></span> <span class='ocrx_word' id='word_1_240' title='bbox 2039 3546 2167 3596; x_wconf 92' lang='lat' dir='ltr'><strong>nec</strong></span> <span class='ocrx_word' id='word_1_241' title='bbox 2194 3525 2285 3597; x_wconf 91' lang='lat' dir='ltr'><strong>ab</strong></span> <span class='ocrx_word' id='word_1_242' title='bbox 2310 3525 2617 3598; x_wconf 92' lang='lat' dir='ltr'><strong>Ecclesie</strong></span> <span class='ocrx_word' id='word_1_243' title='bbox 2649 3525 2980 3599; x_wconf 82' lang='lat' dir='ltr'><strong>fidelitate</strong></span> <span class='ocrx_word' id='word_1_244' title='bbox 3013 3524 3420 3599; x_wconf 87' lang='lat' dir='ltr'><strong>recederent</strong></span> <span class='ocrx_word' id='word_1_245' title='bbox 3446 3526 3589 3596; x_wconf 91' lang='lat' dir='ltr'><strong>ullo</strong></span> <span class='ocrx_word' id='word_1_246' title='bbox 3616 3525 3846 3597; x_wconf 89' lang='lat' dir='ltr'><strong>modo.</strong></span> 
     </span>
     <span class='ocr_line' id='line_1_26' title="bbox 1045 3645 3852 3742; baseline 0 -24"><span class='ocrx_word' id='word_1_247' title='bbox 1045 3647 1298 3718; x_wconf 88' lang='lat' dir='ltr'><strong>Statuit</strong></span> <span class='ocrx_word' id='word_1_248' title='bbox 1334 3656 1566 3717; x_wconf 88' lang='lat' dir='ltr'><strong>autem</strong></span> <span class='ocrx_word' id='word_1_249' title='bbox 1608 3647 1739 3718; x_wconf 93' lang='lat' dir='ltr'><strong>sibi</strong></span> <span class='ocrx_word' id='word_1_250' title='bbox 1772 3647 2056 3741; x_wconf 88' lang='lat' dir='ltr'><strong>prestito</strong></span> <span class='ocrx_word' id='word_1_251' title='bbox 2080 3649 2479 3740; x_wconf 86' lang='lat' dir='ltr'><strong>juramento</strong></span> <span class='ocrx_word' id='word_1_252' title='bbox 2511 3649 2724 3720; x_wconf 91' lang='lat' dir='ltr'><strong>alium</strong></span> <span class='ocrx_word' id='word_1_253' title='bbox 2756 3649 2827 3718; x_wconf 92' lang='lat' dir='ltr'><strong>in</strong></span> <span class='ocrx_word' id='word_1_254' title='bbox 2861 3650 3139 3721; x_wconf 87' lang='lat' dir='ltr'><strong>Terram</strong></span> <span class='ocrx_word' id='word_1_255' title='bbox 3182 3650 3507 3724; x_wconf 88' lang='lat' dir='ltr'><strong>Sanctam</strong></span> <span class='ocrx_word' id='word_1_256' title='bbox 3543 3645 3852 3742; x_wconf 87' lang='lat' dir='ltr'><strong>proficis-</strong></span> 
     </span>
     <span class='ocr_line' id='line_1_27' title="bbox 1047 3770 3853 3867; baseline -0.001 -25"><span class='ocrx_word' id='word_1_257' title='bbox 1047 3770 1249 3842; x_wconf 91' lang='lat' dir='ltr'><strong>cendi</strong></span> <span class='ocrx_word' id='word_1_258' title='bbox 1285 3772 1682 3859; x_wconf 88' lang='lat' dir='ltr'><strong>terminum,</strong></span> <span class='ocrx_word' id='word_1_259' title='bbox 1719 3780 1789 3842; x_wconf 90' lang='lat' dir='ltr'><strong>et</strong></span> <span class='ocrx_word' id='word_1_260' title='bbox 1835 3771 2096 3843; x_wconf 85' lang='lat' dir='ltr'><strong>fefellit.</strong></span> <span class='ocrx_word' id='word_1_261' title='bbox 2146 3772 2376 3844; x_wconf 91' lang='lat' dir='ltr'><strong>Tertio</strong></span> <span class='ocrx_word' id='word_1_262' title='bbox 2423 3793 2593 3845; x_wconf 89' lang='lat' dir='ltr'><strong>vero</strong></span> <span class='ocrx_word' id='word_1_263' title='bbox 2633 3773 2930 3843; x_wconf 90' lang='lat' dir='ltr'><strong>termino</strong></span> <span class='ocrx_word' id='word_1_264' title='bbox 2969 3794 3097 3867; x_wconf 91' lang='lat' dir='ltr'><strong>per</strong></span> <span class='ocrx_word' id='word_1_265' title='bbox 3136 3793 3390 3867; x_wconf 87' lang='lat' dir='ltr'><strong>sponse</strong></span> <span class='ocrx_word' id='word_1_266' title='bbox 3433 3771 3853 3857; x_wconf 88' lang='lat' dir='ltr'><strong>dotalitium,</strong></span> 
     </span>
     <span class='ocr_line' id='line_1_28' title="bbox 1045 3894 3859 3989; baseline 0 -25"><span class='ocrx_word' id='word_1_267' title='bbox 1045 3895 1352 3966; x_wconf 90' lang='lat' dir='ltr'><strong>Ecclesia</strong></span> <span class='ocrx_word' id='word_1_268' title='bbox 1385 3902 1834 3988; x_wconf 89' lang='lat' dir='ltr'><strong>procurante,</strong></span> <span class='ocrx_word' id='word_1_269' title='bbox 1872 3894 2494 3966; x_wconf 84' lang='lat' dir='ltr'><strong>Jerosolimitanum</strong></span> <span class='ocrx_word' id='word_1_270' title='bbox 2529 3916 2821 3988; x_wconf 90' lang='lat' dir='ltr'><strong>regnum</strong></span> <span class='ocrx_word' id='word_1_271' title='bbox 2861 3896 2992 3967; x_wconf 89' lang='lat' dir='ltr'><strong>sibi</strong></span> <span class='ocrx_word' id='word_1_272' title='bbox 3028 3895 3322 3968; x_wconf 83' lang='lat' dir='ltr'><strong>accessit</strong></span> <span class='ocrx_word' id='word_1_273' title='bbox 3345 3916 3429 3967; x_wconf 90' lang='lat' dir='ltr'><strong>ac</strong></span> <span class='ocrx_word' id='word_1_274' title='bbox 3458 3916 3584 3989; x_wconf 88' lang='lat' dir='ltr'><strong>per</strong></span> <span class='ocrx_word' id='word_1_275' title='bbox 3617 3913 3859 3967; x_wconf 87' lang='lat' dir='ltr'><strong>conse·</strong></span> 
     </span>
     <span class='ocr_line' id='line_1_29' title="bbox 1048 4015 3861 4111; baseline 0 -23"><span class='ocrx_word' id='word_1_276' title='bbox 1048 4038 1268 4110; x_wconf 90' lang='lat' dir='ltr'><strong>quens</strong></span> <span class='ocrx_word' id='word_1_277' title='bbox 1324 4036 1617 4107; x_wconf 86' lang='lat' dir='ltr'><strong>regnum</strong></span> <span class='ocrx_word' id='word_1_278' title='bbox 1663 4015 1893 4110; x_wconf 79' lang='lat' dir='ltr'><strong>Cypri.</strong></span> <span class='ocrx_word' id='word_1_279' title='bbox 1942 4016 2208 4089; x_wconf 80' lang='lat' dir='ltr'><strong>Iuravit</strong></span> <span class='ocrx_word' id='word_1_280' title='bbox 2256 4028 2490 4089; x_wconf 90' lang='lat' dir='ltr'><strong>autem</strong></span> <span class='ocrx_word' id='word_1_281' title='bbox 2547 4018 2838 4091; x_wconf 89' lang='lat' dir='ltr'><strong>transire</strong></span> <span class='ocrx_word' id='word_1_282' title='bbox 2881 4040 2966 4091; x_wconf 88' lang='lat' dir='ltr'><strong>ac</strong></span> <span class='ocrx_word' id='word_1_283' title='bbox 3004 4020 3329 4092; x_wconf 90' lang='lat' dir='ltr'><strong>omnibus</strong></span> <span class='ocrx_word' id='word_1_284' title='bbox 3372 4015 3861 4111; x_wconf 87' lang='lat' dir='ltr'><strong>crucesignatis</strong></span> 
     </span>
     <span class='ocr_line' id='line_1_30' title="bbox 1050 4138 3860 4237; baseline 0 -28"><span class='ocrx_word' id='word_1_285' title='bbox 1050 4140 1262 4229; x_wconf 86' lang='lat' dir='ltr'><strong>gratis</strong></span> <span class='ocrx_word' id='word_1_286' title='bbox 1296 4138 1460 4210; x_wconf 90' lang='lat' dir='ltr'><strong>dare</strong></span> <span class='ocrx_word' id='word_1_287' title='bbox 1491 4138 1884 4232; x_wconf 88' lang='lat' dir='ltr'><strong>passagium</strong></span> <span class='ocrx_word' id='word_1_288' title='bbox 1909 4139 1985 4210; x_wconf 90' lang='lat' dir='ltr'><strong>in</strong></span> <span class='ocrx_word' id='word_1_289' title='bbox 2019 4139 2312 4211; x_wconf 87' lang='lat' dir='ltr'><strong>termino</strong></span> <span class='ocrx_word' id='word_1_290' title='bbox 2346 4141 2757 4233; x_wconf 88' lang='lat' dir='ltr'><strong>constituto;</strong></span> <span class='ocrx_word' id='word_1_291' title='bbox 2794 4143 3099 4237; x_wconf 89' lang='lat' dir='ltr'><strong>alioquin</strong></span> <span class='ocrx_word' id='word_1_292' title='bbox 3131 4141 3545 4215; x_wconf 82' lang='lat' dir='ltr'><strong>sententiam</strong></span> <span class='ocrx_word' id='word_1_293' title='bbox 3579 4159 3860 4212; x_wconf 83' lang='lat' dir='ltr'><strong>excom·</strong></span> 
     </span>
     <span class='ocr_line' id='line_1_31' title="bbox 1056 4261 3864 4360; baseline 0.002 -32"><span class='ocrx_word' id='word_1_294' title='bbox 1056 4261 1537 4333; x_wconf 86' lang='lat' dir='ltr'><strong>municationis</strong></span> <span class='ocrx_word' id='word_1_295' title='bbox 1572 4262 1954 4335; x_wconf 89' lang='lat' dir='ltr'><strong>incurreret</strong></span> <span class='ocrx_word' id='word_1_296' title='bbox 1992 4271 2157 4335; x_wconf 88' lang='lat' dir='ltr'><strong>tunc</strong></span> <span class='ocrx_word' id='word_1_297' title='bbox 2188 4265 2564 4359; x_wconf 83' lang='lat' dir='ltr'><strong>prolatam,</strong></span> <span class='ocrx_word' id='word_1_298' title='bbox 2601 4274 2673 4337; x_wconf 89' lang='lat' dir='ltr'><strong>et</strong></span> <span class='ocrx_word' id='word_1_299' title='bbox 2710 4264 2872 4337; x_wconf 82' lang='lat' dir='ltr'><strong>fecit</strong></span> <span class='ocrx_word' id='word_1_300' title='bbox 2907 4263 3043 4338; x_wconf 90' lang='lat' dir='ltr'><strong>hoc</strong></span> <span class='ocrx_word' id='word_1_301' title='bbox 3082 4287 3209 4360; x_wconf 92' lang='lat' dir='ltr'><strong>per</strong></span> <span class='ocrx_word' id='word_1_302' title='bbox 3247 4265 3490 4337; x_wconf 91' lang='lat' dir='ltr'><strong>orbem</strong></span> <span class='ocrx_word' id='word_1_303' title='bbox 3543 4271 3684 4335; x_wconf 90' lang='lat' dir='ltr'><strong>tam</strong></span> <span class='ocrx_word' id='word_1_304' title='bbox 3726 4261 3864 4334; x_wconf 89' lang='lat' dir='ltr'><strong>suis</strong></span> 
     </span>
     <span class='ocr_line' id='line_1_32' title="bbox 1055 4385 3864 4482; baseline 0.002 -32"><span class='ocrx_word' id='word_1_305' title='bbox 1055 4402 1263 4473; x_wconf 86' lang='lat' dir='ltr'><strong>quam</strong></span> <span class='ocrx_word' id='word_1_306' title='bbox 1295 4385 1685 4476; x_wconf 87' lang='lat' dir='ltr'><strong>apostolicis</strong></span> <span class='ocrx_word' id='word_1_307' title='bbox 1717 4386 1959 4458; x_wconf 90' lang='lat' dir='ltr'><strong>litteris</strong></span> <span class='ocrx_word' id='word_1_308' title='bbox 1986 4398 2057 4459; x_wconf 89' lang='lat' dir='ltr'><strong>et</strong></span> <span class='ocrx_word' id='word_1_309' title='bbox 2088 4387 2637 4482; x_wconf 88' lang='lat' dir='ltr'><strong>predicatoribus</strong></span> <span class='ocrx_word' id='word_1_310' title='bbox 2670 4387 3011 4459; x_wconf 87' lang='lat' dir='ltr'><strong>nunciari.</strong></span> <span class='ocrx_word' id='word_1_311' title='bbox 3042 4387 3594 4460; x_wconf 88' lang='lat' dir='ltr'><strong>Advenientibus</strong></span> <span class='ocrx_word' id='word_1_312' title='bbox 3631 4386 3864 4479; x_wconf 90' lang='lat' dir='ltr'><strong>itaque</strong></span> 
     </span>
     <span class='ocr_line' id='line_1_33' title="bbox 1058 4503 3861 4614; baseline 0.002 -41"><span class='ocrx_word' id='word_1_313' title='bbox 1058 4503 1291 4574; x_wconf 89' lang='lat' dir='ltr'><strong>multis</strong></span> <span class='ocrx_word' id='word_1_314' title='bbox 1326 4505 1653 4577; x_wconf 86' lang='lat' dir='ltr'><strong>militibus</strong></span> <span class='ocrx_word' id='word_1_315' title='bbox 1695 4517 1765 4578; x_wconf 93' lang='lat' dir='ltr'><strong>et</strong></span> <span class='ocrx_word' id='word_1_316' title='bbox 1804 4510 2152 4604; x_wconf 90' lang='lat' dir='ltr'><strong>peditibus</strong></span> <span class='ocrx_word' id='word_1_317' title='bbox 2185 4512 2675 4605; x_wconf 88' lang='lat' dir='ltr'><strong>crucesignatis</strong></span> <span class='ocrx_word' id='word_1_318' title='bbox 2716 4512 2785 4581; x_wconf 91' lang='lat' dir='ltr'><strong>in</strong></span> <span class='ocrx_word' id='word_1_319' title='bbox 2830 4509 3100 4606; x_wconf 84' lang='lat' dir='ltr'><strong>prefixo</strong></span> <span class='ocrx_word' id='word_1_320' title='bbox 3138 4510 3328 4606; x_wconf 90' lang='lat' dir='ltr'><strong>apud</strong></span> <span class='ocrx_word' id='word_1_321' title='bbox 3358 4508 3861 4614; x_wconf 85' lang='lat' dir='ltr'><strong>Brundusium,</strong></span> 
     </span>
    </p>
   </div>
   <div class='ocr_carea' id='block_1_3' title="bbox 1141 4651 2382 4737">
    <p class='ocr_par' dir='ltr' id='par_1_3' title="bbox 1141 4651 2382 4737">
     <span class='ocr_line' id='line_1_34' title="bbox 1141 4651 2382 4737; baseline 0.007 -26"><span class='ocrx_word' id='word_1_322' title='bbox 1141 4651 1223 4733; x_wconf 84' lang='lat' dir='ltr'><strong>(a)</strong></span> <span class='ocrx_word' id='word_1_323' title='bbox 1269 4653 1397 4731; x_wconf 79' lang='lat' dir='ltr'><strong>Sic3</strong></span> <span class='ocrx_word' id='word_1_324' title='bbox 1430 4654 1676 4717; x_wconf 80' lang='lat' dir='ltr'><strong>forsitan</strong></span> <span class='ocrx_word' id='word_1_325' title='bbox 1700 4654 2010 4737; x_wconf 80' lang='lat' dir='ltr'><strong>legendum</strong></span> <span class='ocrx_word' id='word_1_326' title='bbox 2037 4659 2382 4721; x_wconf 75' lang='lat' dir='ltr'><strong>mendicam.</strong></span> 
     </span>
    </p>
   </div>
  </div>
 </body>
</html>
