4364 5738
1052 529 1176 591 380
2050 535 2484 597 munemel
2531 534 2878 597 SECUNDI
3478 536 3641 612 [Anu.
3679 537 3874 598 1245.

1059 666 1239 736 tibus
1294 676 1364 736 et
1424 667 1667 739 timore
1717 669 2125 762 viarumque
2182 671 2695 744 discriminibus
2758 669 2851 741 ad
2907 667 3410 740 Bononiensem
3468 691 3688 763 usqne
3748 692 3856 743 me

1057 789 1377 859 transtuli
1415 790 1789 863 civitatem.
1827 792 2144 865 Ceterum
2176 816 2337 866 cum
2370 816 2534 889 sepe
2543 845 2883 865 .....
2922 812 3085 887 poss
3093 842 3433 863 .....
3483 819 3512 862 ·.
3577 847 3593 863 .
3627 794 3858 864 omnia

1054 910 1227 981 citra
1268 910 1532 982 Padum
1576 912 1668 984 ad
1711 915 2185 987 Ravennatem
2223 916 2585 988 ecclesiam
2632 913 3044 1010 pertinentia
3075 912 3490 1005 jamdudum
3535 914 3862 988 invaserit

1053 1033 1264 1103 armis
1272 1086 2250 1110 .............
2304 1038 2644 1133 quidquid
2651 1089 2920 1109 .....
2973 1092 2990 1108 .
3013 1035 3266 1107 habeat
3278 1036 3565 1128 jamque
3591 1037 3855 1108 exhau-

1055 1155 1247 1243 serit,
1283 1176 1415 1227 nec
1448 1158 1539 1227 ad
1572 1179 1859 1251 presens
1889 1180 1983 1231 ex
2016 1160 2230 1255 ipsius
2271 1161 2537 1256 possint
2569 1159 2888 1231 manibus
2937 1158 3110 1253 eripi
3146 1179 3282 1250 qne
3326 1178 3457 1228 nec
3498 1158 3856 1232 restituere

1054 1279 1491 1373 proposuerit
1520 1281 1894 1373 pertinacia
1922 1282 2090 1354 dare
2121 1284 2288 1378 ipsis
2313 1284 2494 1356 ultra
2503 1332 3168 1355 .........
3196 1280 3498 1372 Argente
3522 1303 3681 1352 cum
3709 1284 3856 1375 ejus

1054 1402 1273 1491 curia,
1303 1402 1658 1495 plebatum
1690 1425 1967 1497 quoque
1999 1406 2244 1478 Portus
2271 1415 2342 1477 et
2365 1407 2646 1479 Materia
2677 1415 3077 1498 ceterasque
3109 1404 3575 1499 possessiones
3604 1415 3676 1476 et
3696 1407 3854 1495 jura

1056 1526 1344 1596 ecclesie
1367 1525 1757 1619 supradicte
1778 1527 2081 1600 Marchio
2104 1538 2175 1600 et
2190 1529 2682 1617 Ferrarienses,
2708 1528 2828 1621 qui
2885 1578 3225 1600 .....
3270 1527 3642 1621 apostolice
3664 1547 3855 1598 sano-

1058 1649 1233 1719 titati
1278 1647 1449 1719 duxi
1497 1648 1845 1720 humiliter
1881 1651 2412 1745 supplicandum
2452 1660 2795 1744 quatenns
2822 1671 2912 1720 ne
2943 1649 3015 1720 in
3048 1649 3535 1722 contumeliam
3567 1649 3850 1721 ecclesie

1054 1773 1235 1843 ultra
1266 1773 1686 1864 condignum
1719 1774 2090 1867 exspoliari
2121 1775 2451 1870 patiatur,
2482 1775 2575 1847 ad
2599 1774 3001 1870 petitionem
3030 1782 3334 1845 nostram
3369 1773 3853 1867 spoliatoribus

1052 1896 1416 1968 antedictis
1438 1895 1816 1968 marchioni
1850 1907 1922 1968 et
1946 1898 2293 1972 communi
2319 1897 2652 1969 mandare
2681 1895 3060 1990 dignemini
3085 1906 3164 1967 ut
3188 1895 3497 1991 predicta
3518 1903 3847 1984 castrum,

1052 2020 1312 2092 scilicet
1346 2041 1429 2091 ac
1458 2020 1813 2114 plebatum
1840 2042 1999 2092 cum
2026 2021 2574 2114 possessionibus
2581 2073 2999 2092 ......

1148 2143 1421 2238 (Cetera
1453 2142 1767 2238 desunt.)

694 2836 928 2933 3332.
1154 2809 1574 2893 Fridericus
1593 2872 1615 2912 ‚
1669 2809 2186 2891 Romanorum
2238 2808 2675 2916 imperator,
2726 2808 2824 2890 ad
2875 2806 3497 2917 supplicationem
3547 2804 3839 2888 Henrici

921 2922 934 2934 ’
1045 2943 1339 3026 abbatis
1413 2942 1666 3024 Sancti
1722 2942 2022 3050 Georgii
2068 2942 2145 3020 in
2214 2939 2439 3049 Sylva
2486 2941 2755 3049 Nigra,
2814 2940 2992 3022 huic
3057 2938 3511 3022 monasterio
3577 2939 3838 3048 quod-

1042 3078 1223 3157 dam
1280 3074 1759 3183 privilegium
1823 3073 1921 3154 ab
1991 3072 2312 3154 Henrico
2372 3072 2685 3180 quinto,
2765 3073 3280 3154 Romanorum
3343 3072 3835 3179 imperatore,

1043 3233 1244 3289 anno
1278 3210 1513 3312 1112,
1547 3209 1644 3287 16
1674 3203 1845 3313 julii
1882 3203 2264 3286 indultum
2293 3215 2634 3308 renovat,
2674 3214 2748 3286 et
2783 3203 3243 3312 quibusdam
3277 3214 3533 3285 tamen
3569 3228 3842 3311 exeep—

1041 3340 1140 3422 tis
1175 3339 1596 3422 confirmat.

1200 3604 1405 3683 (Edld.
1437 3604 1841 3675 Senonum,
1870 3599 2099 3662 alsatia
2125 3598 2275 3661 med.
2304 3597 2728 3681 evidt‘plomat„
2756 3608 2804 3660 t.
2838 3601 2889 3675 1,
2914 3619 2977 3678 p.
3013 3610 3152 3679 391,
3182 3609 3246 3660 n⁰
3268 3601 3486 3675 DXIV,
3518 3606 3579 3660 et
3603 3618 3663 3677 p.
3703 3608 3834 3676 189,

1278 3720 1344 3770 n⁰
1372 3708 1623 3783 CCXLI,
1655 3726 1727 3768 ex
1755 3709 2119 3786 autographo
2145 3710 2210 3768 ln
2241 3707 2442 3768 abbat.
2470 3708 2543 3767 B.
2576 3705 2858 3786 Georgii.)

1132 3953 1209 4022 In
1253 3950 1533 4021 nomine
1579 3955 1812 4018 sancte
1858 3956 1929 4017 et
1972 3945 2328 4017 individue
2369 3945 2737 4016 Trinitatis.
2774 3944 3024 4017 Amen.
3059 3945 3442 4018 Fridericus
3491 3944 3833 4017 secundus

1038 4075 1274 4147 divina
1308 4074 1582 4145 favente
1605 4069 1970 4142 clementia
2001 4070 2469 4141 Romanorum
2498 4069 2874 4163 imperator
2892 4090 3167 4164 semper
3188 4078 3550 4160 augustus,
3571 4070 3831 4141 Jerusa-

1037 4199 1174 4268 lem
1207 4205 1278 4267 et
1308 4196 1533 4266 Sicilie
1567 4216 1718 4265 rex.
1751 4193 2131 4288 imperialis
2163 4191 2576 4263 excellentia
2611 4202 2777 4264 tunc
2794 4193 3121 4287 precipue
3145 4192 3249 4263 sui
3271 4193 3570 4264 nominis
3602 4193 3831 4263 titulos

1032 4528 1088 4579 et
1118 4518 1463 4577 novembrem
1496 4521 1634 4577 ⁴246
1663 4520 1909 4597 restringi
1934 4520 2145 4578 debeat.
2172 4520 2233 4577 ln
2262 4520 2367 4578 hoc
2392 4518 2638 4576 Rubeum
2664 4519 2849 4591 secuti,
2879 4519 3021 4577 circa
3047 4518 3209 4577 finem
3237 4518 3361 4576 anni
3392 4519 3531 4576 ⁴245
3569 4534 3687 4576 rem
3713 4533 3829 4575 esse

1031 4616 1392 4692 reponendam
1415 4615 1736 4672 censuimus.
