4364 5738
633 589 837 651 mmor.
868 587 962 666 5.]
1520 583 1916 647 ms'roma
1964 583 2557 652 n1PLOMAT1cA.
3334 587 3457 650 539

638 724 737 814 ad
774 720 1341 831 requisitionem
1379 717 1738 802 Friderici
1773 718 1870 801 de
1906 718 2306 805 Antiochia
2342 720 2422 801 in
2460 721 2734 805 Tuscia
2766 723 3057 832 vicarii,
3095 722 3176 805 in
3214 723 3461 831 depo-

636 853 1109 965 pulationem
1146 851 1548 936 rebellium
1588 851 2128 936 Perusinorum
2165 853 2480 937 viriliter
2514 857 3044 965 processerint.

805 1056 998 1136 (nait.
1033 1072 1132 1133 ap.
1166 1055 1333 1116 Petu·
1365 1051 1435 1114 de
1472 1054 1605 1115 vin.
1639 1054 1834 1134 epm„
1866 1033 1969 1115 in».
2003 1055 2128 1136 111,
2161 1073 2294 1134 cap.
2324 1057 2549 1136 xnx3
2579 1058 2716 1120 0011.
2747 1075 2885 1121 cum
2910 1060 3042 1122 eod.
3072 1058 3225 1121 sibl.
3257 1061 3453 1125 cesar.

880 1163 1084 1236 Paris,
1100 1161 1288 1243 fonds
1314 1162 1728 1241 Nom-Dama,
1760 1174 1825 1222 n⁰
1854 1170 1994 1236 202,
2025 1169 2084 1223 et
2110 1164 2244 1226 cod.
2272 1164 2686 1241 Mediomont„
2717 1178 2784 1226 η’
2816 1166 3020 1248 8390.)

736 1337 1160 1427 Fridericus,
1222 1346 1356 1409 etc.
1419 1337 1706 1409 Gratum
1769 1338 2074 1430 gerimus
2132 1347 2205 1411 et
2251 1350 2612 1435 acceptum
2666 1351 2737 1413 et
2786 1350 3016 1414 vestre
3072 1324 3460 1440 devotionis

641 1463 946 1535 studium
978 1462 1448 1534 favorabiliter
1485 1462 2086 1554 commendamus,
2131 1463 2320 1556 quod
2360 1464 2538 1537 sicut
2583 1488 2677 1537 ex
2715 1466 3179 1539 insinuatione
3219 1466 3458 1539 Fride-

639 1587 763 1659 rici
800 1588 888 1659 de
928 1586 1293 1658 Antiochia
1322 1586 1497 1657 sacri
1540 1586 1811 1681 imperii
1848 1587 1920 1656 in
1953 1586 2248 1658 Thuscia
2290 1596 2359 1659 et
2395 1588 2485 1659 ab
2525 1587 2791 1660 Amelia
2820 1610 3044 1684 usque
3090 1589 3459 1662 Cor-netum

640 1722 710 1784 et
751 1734 875 1806 per
913 1720 1127 1784 totam
1166 1710 1577 1784 Maritimam
1617 1710 1859 1782 vicarii
1899 1712 2277 1803 generalis,
2324 1712 2706 1784 charissimi
2751 1710 2872 1784 filii
2914 1713 3173 1802 nostri,
3222 1723 3459 1785 nostra

638 1858 866 1932 nuper
927 1835 1261 1907 serenitas
1325 1835 1673 1906 intellexit
1710 1888 1729 1925 ,
1798 1835 1890 1907 ad
1960 1836 2566 1932 depopulationem
2644 1847 3041 1911 nostrorum
3095 1838 3460 1910 rebellium

639 1961 1129 2035 Perusinorum
1171 1969 1242 2032 et
1280 1969 1661 2032 castrorum
1700 1961 1807 2032 sui
1848 1960 2199 2033 districtus
2235 1961 2486 2034 devote
2531 1972 2603 2034 et
2638 1962 3073 2035 concorditer
3109 1962 3201 2035 ad
3246 1963 3460 2059 ipsius

640 2086 1164 2181 requisitionem
1208 2085 1495 2157 viriliter
1530 2085 1983 2179 processistis.
2025 2085 2113 2157 Ut
2140 2085 2351 2177 igitur
2385 2084 2679 2157 fidelitas
2718 2096 2948 2157 vestra
2979 2108 3104 2181 per
3139 2085 3458 2158 effectum

640 2233 929 2309 operum
974 2211 1063 2283 de
1103 2211 1289 2282 bono
1331 2210 1403 2279 in
1437 2209 1684 2281 melius
1716 2210 1976 2280 clareat
2016 2209 2465 2299 incessanter,
2499 2209 2942 2282 devotionem
2980 2218 3283 2282 vestram
3319 2211 3459 2283 sol-

640 2336 1037 2408 licitandam
1073 2335 1402 2406 duximus
1436 2345 1506 2404 et
1539 2334 1987 2424 hortandam,
2026 2334 2437 2405 mandantes
2470 2344 2815 2427 quatenus
2845 2334 2937 2406 ad
2974 2334 3459 2407 executionem

641 2460 1078 2532 servitiorum
1140 2469 1535 2531 nostrorum
1603 2469 1675 2530 et
1739 2458 2253 2553 depressionem
2310 2459 2669 2532 rebellium
2704 2511 2723 2549 ,
2786 2470 2856 2531 et
2917 2460 3305 2554 specialiter
3367 2459 3461 2532 ad

637 2584 1125 2657 Perusinorum
1166 2583 1584 2679 proterviam
1620 2582 2116 2673 edomandam,
2153 2583 2248 2656 ad
2283 2584 2800 2676 requisitionem
2843 2595 2914 2655 et
2953 2583 3459 2656 ordinationem

639 2709 931 2806 predicti
964 2706 1084 2779 filii
1122 2707 1379 2797 nostri,
1417 2708 1623 2798 juxta
1651 2708 1929 2778 solitum
1969 2708 2154 2779 vires
2192 2717 2258 2779 et
2293 2708 2560 2779 animos
2601 2708 3022 2779 unanimiter
3060 2709 3453 2801 assumatiS,

641 2847 713 2906 et
747 2833 845 2907 sic
874 2832 967 2906 ad
1003 2831 1337 2905 honorem
1375 2841 1690 2904 nostrum
1738 2841 1810 2904 et
1849 2831 2119 2927 imperii
2162 2843 2234 2904 et
2266 2833 2480 2906 vestri
2516 2831 2769 2905 favoris
2806 2842 3253 2924 augmentum
3294 2855 3458 2928 pro-

641 2957 1024 3051 sequamini
1073 2957 1362 3029 viriliter
1416 2968 1486 3029 et
1536 2967 1884 3052 potenter,
1932 2968 2012 3028 ut
2074 2957 2263 3051 quod
2323 2952 2394 3027 in
2457 2957 2670 3051 ipsius
2718 2957 3142 3029 exhibitione
3197 2958 3460 3030 servitii

639 3063 1079 3153 laudabiliter
1119 3082 1505 3175 incepistis,
1540 3082 1954 3153 laudabilius
1991 3081 2269 3154 finiatiS.
2307 3082 2665 3172 Preterea,
2708 3082 2872 3175 quia
2907 3084 2986 3154 T.
3029 3080 3119 3154 de
3167 3136 3184 3153 .
3215 3139 3229 3156 .
3261 3134 3278 3154 .
3324 3083 3457 3154 mi·

642 3207 832 3277 litem
862 3214 932 3275 et
955 3206 1036 3275 R.
1064 3204 1152 3275 de
1177 3204 1359 3275 Urbe
1381 3204 1715 3295 judicem,
1744 3204 1986 3278 fideles
2003 3216 2302 3295 nostros,
2334 3228 2545 3301 super
2560 3206 2974 3299 quibusdam
3002 3207 3307 3302 negociis
3333 3229 3460 3301 pro

641 3332 827 3403 bono
861 3340 931 3400 et
957 3328 1218 3399 salubri
1252 3337 1434 3398 statu
1469 3337 1703 3399 vestro
1731 3329 1822 3398 ad
1855 3327 2192 3399 honorem
2232 3340 2302 3400 et
2330 3328 2732 3401 fidelitatem
2762 3341 3069 3402 nostram
3099 3333 3458 3404 vobiscum

643 3453 1030 3541 tractando,
1070 3461 1277 3546 prout
1306 3451 1376 3521 in
1415 3451 1731 3544 capitulis
1763 3451 1893 3522 sub
1925 3451 2150 3543 sigillo
2185 3451 2284 3522 eis
2318 3472 2360 3521 a
2393 3454 2751 3544 majestate
2782 3464 3018 3525 nostra
3047 3458 3452 3543 commissis,

643 3579 917 3674 plenius
953 3576 1372 3665 continetur,
1417 3574 1507 3646 ad
1545 3596 1672 3646 vos
1703 3575 1993 3647 nuncios
2036 3574 2498 3665 destinamus3
2536 3574 2849 3647 fidelitati
2887 3587 3117 3648 vestre
3166 3580 3457 3652 manda-

644 3725 798 3774 mus
839 3711 1192 3797 quatenus⁴
1240 3721 1322 3770 ea
1379 3720 1515 3791 que
1565 3698 1749 3769 idem
1790 3699 2026 3769 nuncii
2081 3699 2296 3770 nostri
2347 3721 2558 3793 super
2602 3700 2709 3770 his
2755 3709 3079 3773 oretenus
3125 3723 3218 3773 ex
3262 3715 3458 3798 parte

643 3827 860 3901 nostri
897 3824 1214 3896 culminis
1251 3823 1452 3896 vobis
1490 3823 1886 3912 retulerint,
1923 3821 2213 3894 firmiter
2247 3823 2532 3895 credere
2572 3833 2898 3917 tanquam
2934 3825 3023 3896 ab
3061 3848 3181 3898 ore
3220 3838 3459 3905 nostro

642 3953 943 4048 prolata,
973 3959 1045 4021 et
1070 3949 1438 4022 efficaciter
1466 3950 1558 4021 ob
1579 3958 1885 4020 nostram
1913 3949 2372 4020 reverentiam
2398 3949 2780 4043 adimplere
2809 3950 3096 4042 curetiS,
3129 3961 3210 4023 ut
3239 3952 3456 4027 devo-

644 4076 898 4147 tionem
934 4084 1237 4147 vestram
1280 4095 1417 4168 que
1461 4094 1734 4166 semper
1773 4073 2226 4167 beneplacitis
2264 4073 2516 4145 nostris
2552 4095 2626 4145 se
2663 4085 3054 4170 promptam
3095 4076 3452 4169 exhibuit,

642 4198 932 4294 proinde
967 4198 1214 4271 merito
1251 4198 1837 4271 commendemus.

749 4701 805 4784 F
808 4700 1171 4786 ridericus
1188 4761 1212 4804 ,
1264 4700 1782 4786 Romanorum
1835 4703 2276 4812 imperator,
2332 4701 2592 4786 scribit
2642 4704 2946 4787 cuidam
3010 4703 3407 4813 capitaneo
3427 4766 3451 4812 ,

3587 4706 3783 4764 [lutto-1
