4364 5738
570 602 773 662 Inmcr.
805 598 899 677 3.]
1477 598 1872 661 HISTORIA
1920 601 2513 665 D1PLOMAT1CA.
3283 609 3406 676 253

574 735 876 832 pertinet
906 733 1038 828 ipsi
1069 732 1488 805 monasterio
1517 734 1675 824 jure
1710 734 1996 807 dominii
2028 738 2141 808 vel
2189 736 2413 829 quasi.
2451 738 2689 830 §Item
2728 741 2918 834 quod
2950 741 3213 816 dictum
3250 765 3401 818 cas·

574 869 757 930 trum
790 879 914 930 seu
948 857 1118 929 villa
1148 856 1450 951 positum
1480 866 1588 929 est
1618 880 1742 930 seu
1774 860 2000 953 posita
2039 860 2219 932 infra
2260 859 2436 932 fines
2477 882 2601 932 seu
2643 863 3096 956 pertinentias
3141 877 3212 939 et
3262 878 3401 941 ter-

569 982 885 1055 ritorium
924 1002 1064 1074 que
1099 1001 1421 1054 concessa
1467 981 1750 1053 fuerunt
1801 983 1929 1077 ipsi
1976 983 2399 1056 monasterio
2436 1005 2478 1055 a
2518 984 2697 1057 divis
2749 996 2935 1059 retro
2977 990 3404 1084 principibus

572 1105 903 1178 memorie
939 1103 1337 1177 recolende.
1376 1105 1417 1196 5
1449 1105 1622 1176 Item
1671 1107 1863 1199 quod
1905 1107 2168 1180 dictum
2213 1118 2517 1180 castrum
2556 1117 2662 1180 est
2700 1109 2771 1182 in
2821 1111 3130 1204 pleberio
3178 1115 3402 1207 plebis

572 1229 805 1303 Sancti
851 1229 1159 1300 Andree.
1209 1229 1460 1320 §Item
1504 1229 1697 1322 quod
1746 1230 1931 1302 dicta
1982 1232 2223 1325 plebes
2273 1232 2504 1304 Sancti
2554 1230 2832 1304 Andree
2898 1234 3079 1306 facta
3134 1235 3264 1306 fuit
3310 1236 3399 1312 de

561 1352 775 1446 ‘plebe
812 1352 1049 1423 Sancti
1093 1350 1471 1423 Benedicti.
1508 1352 1547 1443 5
1587 1352 1759 1423 Item
1790 1352 1983 1447 quod
2032 1354 2219 1427 dicta
2263 1355 2505 1448 plebes
2558 1356 2789 1427 Sancti
2842 1357 3195 1428 Benedicti
3241 1381 3401 1435 cum

572 1475 1005 1569 pertinentiis
1037 1483 1109 1546 et
1133 1474 1542 1565 adjacentiis
1570 1476 1713 1547 suis
1744 1497 2074 1549 concessa
2115 1478 2248 1549 fuit
2279 1478 2409 1572 ipsi
2449 1480 2868 1551 monasterio
2905 1501 2947 1551 a
2990 1481 3172 1554 divis
3211 1494 3398 1554 retro

572 1600 999 1695 principibus
1051 1598 1385 1670 memorie
1439 1600 1808 1671 recolende
1853 1601 1945 1672 ad
1979 1602 2096 1692 jus
2149 1610 2222 1673 et
2272 1602 2763 1696 proprietatem
2804 1604 3020 1698 ipsius
3070 1605 3394 1702 ecclesie,

568 1725 662 1798 ad
691 1746 895 1813 usus,
931 1721 1158 1794 victus
1196 1730 1268 1794 et
1291 1723 1584 1795 vestitus
1618 1724 2117 1796 monachorum
2151 1724 2273 1818 qui
2304 1747 2432 1819 pro
2474 1735 2781 1820 tempore
2815 1727 2883 1796 in
2924 1727 3073 1821 ipso
3114 1749 3402 1802 monas-

570 1848 743 1920 terio
776 1849 925 1919 Deo
967 1846 1411 1918 militaverint
1460 1868 1543 1918 ac
1585 1848 1973 1919 servierint.
2018 1850 2057 1942 5
2094 1850 2266 1920 Item
2302 1849 2492 1942 quod
2544 1850 2800 1921 dictam
2845 1851 3123 1944 plebem
3166 1853 3398 1950 Sancti

567 1970 924 2042 Benedicti
954 1971 1173 2042 abbas
1199 1970 1432 2042 Sancti
1461 1971 1839 2042 Salvatoris
1865 1971 2028 2043 fecit
2061 1971 2327 2043 destrui
2356 1982 2708 2065 tamquam
2739 1995 2885 2044 rem
2915 1996 3112 2045 suam
3141 1986 3211 2047 et
3238 1977 3399 2047 fecit

572 2116 725 2166 eam
776 2093 1187 2166 commutari
1228 2094 1298 2163 in
1347 2093 1623 2188 plebem
1669 2093 1903 2166 Sancti
1948 2091 2229 2165 Andree
2269 2115 2406 2187 que
2453 2094 2663 2166 hodie
2724 2110 2855 2167 est.
2912 2098 2950 2188 5
2994 2098 3164 2168 Item
3210 2099 3399 2191 quod

571 2219 755 2290 dicta
792 2219 1035 2312 plebes
1074 2217 1307 2290 Sancti
1345 2216 1699 2289 Benedicti
1727 2217 1959 2289 adhuc
1991 2225 2284 2312 apparet
2325 2216 2702 2288 destructa.
2745 2220 2985 2310 §Item
3021 2221 3209 2313 quod
3248 2223 3397 2316 ple·-

565 2344 729 2414 bani
757 2343 879 2436 qui
909 2362 1036 2437 pro
1077 2350 1388 2437 tempore
1427 2343 1712 2414 fuerunt
1740 2342 1811 2413 in
1846 2342 2032 2413 dicta
2071 2342 2276 2438 plebe
2304 2342 2817 2436 responderunt
2843 2352 2913 2412 et
2942 2344 3391 2437 respondent,

567 2468 985 2538 subfuerunt
1012 2441 1087 2538 et
1110 2466 1407 2538 subsunt
1423 2466 1794 2540 abbatibus
1819 2465 2053 2537 Sancti
2080 2465 2456 2538 Salvatoris
2478 2466 2597 2560 qui
2625 2488 2752 2560 pro
2779 2475 3089 2560 tempore
3118 2469 3399 2543 fuerunt

567 2601 638 2663 et
675 2592 789 2663 isti
831 2592 953 2683 qui
997 2613 1187 2662 nunc
1232 2600 1363 2680 est,
1405 2590 1477 2660 in
1514 2590 2008 2684 temporalibus
2036 2598 2108 2662 et
2142 2589 2639 2683 spiritualibus.
2683 2591 2923 2683 §Item
2955 2592 3146 2682 quod
3178 2602 3395 2664 totum

569 2714 829 2787 dictum
856 2724 1159 2786 castrum
1184 2714 1378 2786 venit
1404 2736 1525 2785 seu
1555 2714 1680 2784 ivit
1704 2713 1795 2785 ad
1824 2714 2253 2808 sepulturam
2282 2714 2374 2785 ad
2400 2713 2661 2784 dictum
2689 2715 3181 2786 monasterium
3207 2728 3279 2789 et
3304 2718 3395 2812 ad

567 2840 984 2934 baptismum
1009 2839 1101 2912 ad
1124 2837 1381 2911 dictam
1401 2838 1706 2932 plebem.
1728 2838 1767 2931 5
1790 2838 1960 2910 Item
1978 2837 2167 2931 quod
2199 2845 2417 2909 totum
2444 2836 2860 2925 territorium
2886 2848 2958 2910 et
2978 2861 3218 2911 omnes
3242 2862 3397 2935 per-

570 2964 891 3036 tinentias
917 2964 1096 3034 infra
1122 2963 1314 3055 quod
1347 2963 1765 3034 territorium
1800 2971 1869 3034 et
1898 2962 2349 3057 pertinentias
2377 2971 2539 3033 sunt
2565 2961 2747 3032 dicte
2773 2962 3012 3055 plebes
3037 2975 3106 3034 et
3133 2963 3394 3035 dictum

566 3095 869 3158 castrum
886 3139 905 3176 ,
933 3107 1094 3156 cum
1110 3085 1437 3157 omnibus
1467 3107 1724 3161 eorum·
1739 3084 2289 3180 possessionibus
2316 3091 2387 3155 et
2418 3084 2849 3177 pertinentiis
2877 3085 3020 3157 divi
3051 3088 3395 3181 principes

568 3212 688 3304 qui
717 3231 844 3305 pro
879 3219 1188 3303 tempore
1225 3209 1507 3280 fuerunt
1533 3209 1879 3281 dederunt
1905 3219 1974 3280 et
2000 3217 2495 3280 concesserunt
2522 3209 2652 3302 ipsi
2681 3209 3123 3280 monasterio.
3156 3210 3195 3302 5
3223 3212 3396 3282 Item

568 3335 761 3430 quod
789 3332 985 3404 multi
1011 3331 1327 3403 homines
1353 3331 1516 3402 dicti
1545 3331 1749 3402 castri
1774 3333 2087 3403 fecerunt
2107 3331 2463 3433 angariam
2482 3330 2612 3424 ipsi
2640 3332 3059 3411 monasterio
3088 3342 3158 3403 et
3184 3333 3397 3404 abba·

571 3461 754 3533 tibus
789 3457 909 3552 qui
949 3475 1079 3552 pro
1107 3464 1424 3550 tempore
1457 3456 1738 3525 fuerunt
1775 3454 2266 3550 recipientibus
2298 3475 2427 3549 pro
2473 3454 2624 3549 ipso
2670 3456 3111 3527 monasterio.
3150 3458 3190 3548 5
3223 3457 3393 3528 Item

426 3633 430 3637 -
566 3584 757 3679 quod
774 3581 976 3653 multi
997 3577 1316 3651 homines
1339 3578 1429 3650 de
1456 3577 1642 3650 dicto
1662 3586 1893 3649 castro
1910 3579 2363 3673 prestiterunt
2381 3579 2780 3669 juramenta
2803 3576 3154 3649 fidelitatis
3181 3580 3396 3652 abba-

567 3707 754 3779 tibus
789 3705 911 3800 qui
942 3725 1071 3801 pro
1113 3712 1427 3798 tempore
1475 3703 1759 3773 fuerunt
1788 3722 1917 3795 pro
1959 3701 2109 3795 ipso
2143 3700 2603 3790 monasterio,
2637 3708 2708 3771 et
2737 3700 2939 3771 multi
2972 3699 3178 3771 hodie
3231 3722 3389 3795 pre·

565 3839 754 3903 stant
775 3836 1215 3902 sacramenta
1246 3825 1597 3898 fidelitatis
1629 3825 1761 3920 ipsi
1792 3824 2031 3897 abbati
2063 3835 2136 3897 et
2163 3826 2616 3921 prestiterunt
2638 3824 3191 3895 antecessoribus
3221 3825 3387 3899 suis.

563 3958 608 4049 5
639 3958 812 4029 Item
833 3953 1033 4048 quod
1069 3951 1272 4023 multi
1301 3949 1621 4023 homines
1653 3950 1820 4022 dicti
1852 3949 2058 4022 castri
2089 3950 2542 4044 prestiterunt
2578 3958 2650 4020 et
2679 3957 2991 4043 prestant
3026 3947 3232 4019 hodie
3263 3949 3393 4044 ipsi

568 4078 987 4152 monasterio
1040 4075 1435 4171 pensiones.
1495 4076 1533 4166 5
1584 4076 1756 4145 Item
1812 4073 2003 4166 quod
2056 4074 2344 4144 abbates
2393 4071 2512 4166 qui
2568 4092 2695 4165 pro
2757 4080 3063 4164 tempore
3114 4071 3394 4143 fuerunt

569 4203 1156 4274 ammasiaverunt
1208 4197 1540 4269 ammasia
1597 4196 1872 4267 illorum
1925 4197 2044 4288 qui
2096 4194 2535 4267 decedebant
2589 4194 2738 4297 sine
2791 4192 3071 4264 herede.
3129 4193 3166 4285 5
3219 4194 3388 4264 Item

571 4325 761 4419 quod
792 4326 939 4420 ipse
972 4323 1190 4395 abbas
1222 4320 1657 4394 ammasiavit
1688 4321 1907 4390 multa
1938 4319 2272 4389 ammasia
2304 4318 2578 4387 illorum
2612 4317 2731 4410 qui
2764 4316 3213 4388 decesserunt
3243 4317 3390 4389 sine

569 4448 830 4522 herede
860 4458 1168 4541 tempore
1200 4466 1354 4517 suo.
1387 4446 1625 4537 §Item
1654 4442 1846 4537 quod
1874 4462 2117 4513 omnes
2145 4439 2436 4535 predicti
2467 4438 2753 4511 abbates
2779 4440 2895 4532 qui
2932 4460 3055 4534 pro
3078 4450 3390 4536 tempore

569 4571 881 4660 fuerunt,
910 4570 1193 4643 Ineunt
1225 4567 1297 4640 in
1327 4567 1763 4663 possessione
1785 4564 2099 4638 omnium
2130 4563 2602 4659 predictorum
2636 4574 2707 4635 et
2733 4563 3127 4637 habuerunt
3162 4565 3390 4637 omnia

567 4695 912 4792 poedim,
948 4693 1132 4768 sicut
1163 4692 1313 4767 veri
1339 4690 1608 4765 domini
1636 4712 1763 4787 per
1793 4689 2095 4785 spati-um
2119 4689 2263 4779 LX,
2297 4689 2374 4780 L,
2408 4689 2565 4780 XL,
2601 4689 2819 4779 XXX,
2854 4689 2985 4761 XX
3016 4709 3384 4763 annorum.
