4364 5738
657 2426 706 2468 ln
727 2427 884 2469 eutri-

615 2482 663 2523 in
693 2480 919 2524 obddlouo

661 2532 849 2575 viterbi!
859 2564 872 2586 ,

677 2588 859 2630 octobrl.

1012 586 1127 646 134
1999 590 2425 650 FRIDERICI
2477 589 2821 650 SECUNDI
3445 591 3610 668 [Ass.
3649 591 3822 653 1243.

1008 722 1261 793 cardus
1294 721 1383 793 de
1416 722 1807 794 Faxanellis
1852 723 2029 794 sacri
2069 723 2339 817 imperii
2377 723 2445 793 in
2480 722 2782 795 Marchia
2824 722 3123 794 vicarius
3161 725 3535 815 generaliS,
3580 725 3823 820 Tepal-

1006 845 1140 918 dus
1166 846 1594 937 Franciscus,
1625 847 1922 918 Iacobus
1959 848 2047 920 de
2075 848 2333 936 Morra,
2369 847 2611 918 Petrus
2638 847 2728 919 de
2758 845 3096 939 Calabria,
3122 856 3195 918 et
3230 848 3557 941 magister
3587 850 3826 921 Petrus

1005 969 1094 1040 de
1126 969 1339 1040 Vinea
1371 991 1621 1062 magne
1655 979 1889 1043 nostre
1929 971 2118 1042 curie
2144 970 2398 1063 judex,
2436 979 2507 1041 et
2540 970 2657 1041 alii
2689 972 3162 1066 quamplures.

1096 1092 1268 1164 Acta
1331 1102 1490 1163 sunt
1544 1093 1674 1164 hec
1735 1114 1922 1165 anno
1973 1094 2317 1166 dominice
2375 1092 2868 1165 incarnationis
2924 1093 3292 1166 millesimo
3352 1092 3824 1167 ducentesimo

1001 1216 1532 1309 quadragesimo
1566 1217 1797 1307 tertio,
1829 1217 2216 1312 imperante
2243 1217 2526 1290 domino
2555 1227 2792 1290 nostro
2823 1216 3154 1289 Pederico
3188 1218 3273 1309 Il,
3309 1217 3433 1289 Dei
3461 1218 3683 1311 gratia
3715 1218 3822 1288 in-

1000 1341 1376 1412 victissimo
1403 1342 1871 1414 Romanorum
1909 1341 2328 1436 imperatore
2369 1362 2646 1436 semper
2674 1350 2998 1432 augusto,
3031 1340 3461 1412 Hierusalem
3498 1352 3569 1412 et
3598 1340 3822 1412 Sicilie

1002 1485 1202 1556 rege,
1248 1465 1517 1558 imperii
1569 1465 1720 1556 ejus
1772 1485 1959 1536 anno
2012 1465 2348 1557 vigesimo
2396 1464 2634 1556 tertio,
2675 1465 2871 1558 regni
2915 1464 3342 1536 Hierusalem
3392 1464 3584 1553 xlx,
3627 1465 3821 1557 regni

1002 1608 1172 1659 vero
1205 1588 1431 1659 Sicilie
1473 1588 1708 1680 XLVI,
1753 1588 2073 1680 feliciter,
2120 1610 2363 1680 amen,
2400 1587 2514 1660 die
2554 1589 2812 1661 mensis
2852 1588 3155 1661 octobris
3196 1597 3468 1678 octavo,
3519 1587 3820 1660 secunda

1004 1710 1401 1782 indictione.

1096 1835 1347 1906 Datum
1384 1835 1457 1905 in
1482 1835 1725 1907 castris
1751 1845 1913 1907 ante
1951 1835 2370 1925 viterbium,
2408 1856 2632 1926 anno,
2670 1856 2908 1907 mense
2951 1843 3023 1906 et
3056 1834 3431 1906 indictione
3464 1833 3814 1930 predictis.

1107 2413 1527 2498 Fridericus
1548 2477 1571 2522 ,
1625 2414 2148 2499 Romanorum
2202 2416 2642 2523 imperator,
2702 2414 2801 2497 ad
2852 2413 3477 2523 supplicationem
3539 2413 3817 2497 civium

1002 2547 1469 2630 Ulmensium
1539 2546 1880 2629 fidelium
1972 2572 2287 2630 suorum
2310 2607 2333 2652 ,
2420 2546 2793 2654 hospitale
2869 2546 3125 2629 Sancti
3208 2546 3530 2654 Spiritus
3615 2544 3818 2653 apud

1000 2677 1297 2759 Ulmam
1368 2677 1773 2761 fundatum
1838 2705 2015 2762 cum
2074 2677 2242 2789 ejus
2296 2677 2588 2761 familia
2641 2690 2715 2761 et
2767 2678 2990 2762 bonis
3062 2677 3421 2760 omnibus
3478 2676 3623 2761 sub
3680 2703 3818 2760 sua

1000 2811 1457 2920 protectione
1492 2812 1778 2922 recipit.

1160 3026 1405 3104 (Inedit.
1437 3043 1512 3087 ex
1542 3028 1808 3106 originali
1838 3030 1898 3087 in
1939 3028 2184 3088 archivo
2222 3028 2578 3106 stuttgart.;
2613 3027 2785 3103 quus
2822 3026 2992 3086 nobis
3022 3024 3336 3086 liberaliter
3370 3024 3689 3086 Kaualerus
3726 3024 3819 3083 vir

1238 3135 1508 3211 egregius
1537 3136 1769 3208 copiam
1798 3132 1986 3211 fecit.)

1094 3318 1518 3407 FridericuS,
1560 3318 1689 3389 Dei
1725 3318 1945 3411 gratia
1978 3320 2449 3392 Romanorum
2488 3319 2866 3414 imperator
2892 3339 3166 3412 semper
3207 3325 3568 3409 augustus,
3613 3318 3813 3388 Jeru-

998 3445 1212 3516 salem
1252 3450 1322 3513 et
1357 3442 1583 3513 Sicilie
1624 3462 1775 3514 rex.
1811 3443 1939 3514 Per
1984 3464 2275 3539 presens
2314 3446 2646 3537 scriptum
2682 3452 2924 3514 notum
2964 3442 3255 3517 facimus
3299 3440 3643 3512 universis
3685 3439 3816 3509 im-

997 3567 1169 3665 perii
1211 3565 1530 3639 fidelibus
1583 3577 1721 3638 tam
1766 3567 2204 3662 presentibus
2245 3588 2458 3660 quam
2488 3566 2737 3638 futuris
2780 3564 2974 3658 quod
3018 3587 3178 3636 cum
3226 3565 3416 3637 cives
3459 3565 3815 3636 Ulmenses

995 3691 1240 3764 fideles
1276 3691 1492 3763 nostri
1524 3700 1758 3763 nostre
1804 3690 2347 3786 supplicaverint
2387 3690 2731 3783 majestati
2763 3699 2844 3761 ut
2873 3712 3031 3761 cum
3070 3689 3160 3762 ad
3196 3690 3532 3762 honorem
3582 3686 3814 3759 Sancti

995 3817 1288 3914 Spiritus
1342 3814 1455 3910 pia
1502 3815 1870 3886 devotione
1925 3816 1998 3885 in
2059 3817 2336 3887 civitate
2386 3824 2622 3887 nostra
2678 3815 2876 3885 Ulme
2935 3812 3289 3906 quoddam
3345 3810 3814 3884 edificaverint

993 3941 1373 4036 hospitale,
1419 3940 1645 4035 ipsum
1691 3940 2065 4033 hospitale,
2112 3940 2439 4011 familiam
2459 3992 2479 4029 ‚
2521 3937 2991 4033 possessiones
3037 3948 3109 4009 et
3164 3938 3396 4010 omnia
3445 3937 3629 4009 bona
3688 3956 3812 4007 sua

993 4087 1129 4158 que
1163 4067 1232 4135 in
1270 4064 1774 4159 presentiarum
1804 4064 1990 4155 juste
2038 4072 2228 4134 tenet
2269 4071 2340 4133 et
2371 4064 2443 4133 in
2482 4064 2715 4134 futuro
2741 4064 2932 4154 justo
2969 4061 3169 4134 titulo
3207 4061 3461 4157 poterit
3496 4060 3807 4156 adipisci,

994 4189 1123 4260 sub
1156 4197 1391 4260 nostra
1429 4198 1499 4258 et
1540 4187 1809 4282 imperii
1860 4187 2289 4282 protectione
2337 4186 2643 4281 recipere
2682 4185 3162 4280 dignaremur3
3203 4207 3331 4258 nos
3377 4186 3583 4278 justis
3624 4185 3809 4279 ipso·
3884 4278 3891 4286 .

995 4332 1148 4381 rum
1176 4312 1790 4406 supplicationibus
1812 4311 2181 4403 benignius
2212 4311 2546 4401 inclinati,
2570 4311 2831 4383 dictum
2859 4310 3227 4405 hospitale,
3261 4310 3616 4401 familiam,
3651 4329 3809 4403 pos·

993 4433 1334 4507 sessiones
1368 4444 1438 4504 et
1467 4436 1698 4507 omnia
1730 4437 1915 4508 bona
1953 4458 2077 4508 sua
2110 4456 2249 4528 que
2283 4435 2355 4505 in
2388 4436 2890 4529 presentiarum
2919 4436 3106 4527 juste
3143 4436 3333 4505 tenet
3370 4442 3442 4506 et
3475 4434 3549 4504 in
3583 4433 3811 4504 futuro

984 4561 1174 4652 justo
1219 4558 1415 4630 titulo
1457 4559 1709 4653 poterit
1744 4560 2068 4655 adipisci,
2108 4560 2239 4631 sub
2276 4569 2513 4632 nostra
2555 4570 2626 4631 et
2668 4559 2940 4654 imperii
2970 4558 3400 4655 protectione
3442 4556 3812 4651 recipimus

992 4693 1062 4755 et
1090 4683 1361 4772 favore,
1399 4682 1738 4775 presentis
1768 4683 2002 4777 scripti
2043 4682 2452 4754 auctoritate
2485 4683 2896 4755 mandantes
2924 4691 3270 4774 quatenus
3307 4681 3540 4751 nullus
3571 4680 3660 4751 sit
3692 4676 3811 4770 qui
