4364 5738
557 505 761 567 Ineter.
792 501 884 581 2.]
1450 497 1850 559 HISTORIA
1900 498 2503 563 mPLOMATch.
2986 561 2991 566 .
3268 504 3390 567 219

561 660 776 733 quam
804 636 989 710 dicta
1020 644 1092 707 et
1116 632 1384 705 munita
1410 632 1727 725 fuissent,
1752 654 1836 704 ea
1862 632 2096 704 omnia
2118 636 2447 729 exposuit
2477 635 2549 707 in
2573 638 2959 730 communi3
2993 637 3172 711 adeo
3198 640 3391 734 quod

564 761 756 857 apud
795 763 1210 832 Lateranum
1257 756 1682 850 quibuslibet
1719 777 1847 852 pro
1891 780 2022 830 sex
2066 758 2372 832 denariis
2411 761 2806 833 volentibus
2849 784 3080 836 emere
3124 764 3390 838 vende·

565 887 800 977 batur,
831 893 905 956 et
930 885 1019 957 de
1050 882 1186 956 hoc
1213 881 1571 977 publicum
1599 881 2066 955 testimonium
2106 882 2513 956 invocamus
2545 895 2616 957 et
2655 886 3045 980 specialiter
3070 888 3391 962 cardina·

569 1010 741 1081 lium
769 1008 890 1101 qui
930 1005 1019 1078 de
1061 1005 1196 1077 hoc
1233 1003 1614 1078 admodum
1654 1002 2053 1077 doluerunt.
2097 1006 2330 1077 Palam
2371 1008 2581 1079 etiam
2622 1030 2859 1080 coram
2899 1008 3391 1100 cardinalibus,

571 1132 987 1228 imperatore
1029 1126 1787 1221 Constantinopolitano
1829 1136 1902 1199 et
1931 1128 2185 1201 comite
2230 1130 2568 1203 Tolosano
2586 1184 2607 1223 ,
2643 1131 2824 1204 dixit
2858 1133 3048 1227 quod
3076 1155 3220 1205 uno
3248 1134 3399 1206 solo

574 1255 866 1329 articulo
899 1252 1482 1344 satisfactionum,
1514 1251 1777 1323 scilicet
1806 1251 1898 1324 de
1931 1253 2182 1345 injuria
2214 1257 2675 1349 prelatorum,
2718 1257 3112 1329 satisfacere
3151 1257 3398 1350 nequi-

576 1379 823 1452 bamus
859 1399 987 1473 pro
1017 1375 1544 1469 quadringentis
1577 1375 1882 1447 millibus
1921 1397 2313 1449 marcarum
2365 1379 2662 1470 argenti.
2705 1380 2900 1451 Dixit
2946 1380 3154 1452 etiam
3198 1380 3405 1452 nimis

579 1504 795 1575 iratus
843 1500 1014 1573 dum
1058 1500 1150 1572 de
1200 1498 1481 1592 negotio
1531 1498 2079 1571 Lombardorum
2130 1501 2203 1572 in
2255 1501 2481 1597 ipsum
2533 1505 2801 1598 precise
2849 1505 3406 1599 compromittere

581 1648 727 1699 non
757 1626 1132 1716 vellemne,
1170 1623 1361 1716 quod
1392 1622 1625 1695 adhuc
1662 1625 1969 1716 rogaturi
2004 1646 2282 1697 eramus
2318 1625 2409 1702 de
2443 1626 2579 1699 hoc
2614 1637 2685 1699 et
2715 1628 2863 1722 ipse
2894 1650 3038 1701 non
3070 1628 3412 1724 reciperet

586 1748 1185 1845 compromissum.
1228 1746 1419 1820 Alias
1455 1747 1666 1819 etiam
1702 1747 1777 1819 in
1812 1748 2122 1819 favorem
2171 1749 2539 1821 rebellium
2571 1750 3119 1823 Lombardorum
3157 1753 3408 1825 volun·
3510 1763 3515 1780 ¹

586 1884 804 1946 tatem
831 1894 1029 1944 suam
1062 1871 1266 1944 valde
1290 1871 1586 1962 detexit,
1618 1891 1903 1943 causam
1936 1870 2246 1965 ipsorum
2279 1873 2642 1946 manifeste
2675 1874 3086 1965 defendens,
3119 1875 3208 1948 de
3236 1873 3411 1948 fide-

589 1997 900 2070 litatibus
953 2017 997 2068 a
1045 1993 1452 2069 Lombardis
1499 1993 1699 2065 nobis
1750 2002 1822 2064 et
1873 1992 2163 2087 imperio
2207 1995 2543 2068 faciendis
2589 1998 2896 2069 referens
2948 1999 3408 2091 questionem.

593 2119 995 2193 Procuravit
1021 2126 1340 2212 preterea
1366 2116 1668 2209 qualiter
1703 2124 1889 2187 terra
1914 2138 2124 2208 quam
2156 2126 2474 2189 tenemus
2504 2119 2691 2191 etde
2721 2142 2861 2212 qua
2888 2121 3108 2192 forma
3136 2121 3421 2193 inventa

595 2254 749 2317 erat
776 2265 915 2337 que
942 2242 1222 2336 utrique
1254 2241 1435 2337 parti
1462 2240 1817 2336 placebat,
1855 2249 2018 2312 ante
2056 2241 2249 2336 pacis
2280 2241 2658 2313 adventum
2688 2251 3120 2315 averteretur
3146 2266 3189 2316 a
3223 2245 3424 2317 nobis

597 2379 669 2441 et
708 2369 880 2440 citra
930 2367 1361 2439 voluntatem
1412 2374 1723 2436 nostram
1772 2363 2145 2437 adhereret
2187 2365 2451 2456 eidem,
2510 2367 2852 2461 recipiens
2902 2367 3284 2462 prefectum
3318 2366 3423 2464 (l)

599 2502 671 2564 et
705 2491 1044 2588 quosdam
1075 2511 1408 2583 sequaces
1439 2509 1604 2561 suos
1631 2509 1792 2560 cum
1839 2487 2041 2559 terris
2072 2509 2316 2561 eorum
2339 2542 2358 2579 ,
2395 2490 2514 2584 qui
2560 2491 2750 2562 omni
2804 2501 3115 2587 tempore
3158 2492 3430 2588 imperii

602 2618 732 2689 fuit
758 2627 830 2688 et
859 2615 1269 2709 dignitatem
1300 2614 1392 2685 ab
1424 2613 1717 2708 imperio
1749 2613 2011 2707 recepit
2042 2624 2114 2684 et
2153 2612 2244 2684 de
2273 2634 2413 2706 quo
2450 2635 2809 2706 nunquam
2842 2616 3113 2707 questio
3144 2616 3275 2688 fuit
3305 2638 3433 2711 per

602 2741 981 2815 Ecclesiam
1033 2738 1236 2812 nobis
1290 2738 1533 2810 relata.
1599 2737 1837 2831 Nuper
1889 2736 2099 2807 etiam
2157 2737 2419 2808 nuntiis
2486 2737 2667 2829 regis
2711 2738 2997 2810 Francie
3046 2748 3118 2811 et
3177 2737 3433 2813 deinde

605 2889 839 2941 coram
870 2864 1193 2937 omnibus
1239 2860 1709 2935 cardinalibus
1749 2859 1930 2933 dixit
1969 2860 2162 2954 quod
2198 2861 2256 2933 si
2298 2861 2508 2934 etiam
2535 2883 2665 2937 nos
2697 2862 3092 2935 absolveret
3129 2873 3199 2935 et
3228 2865 3433 2936 Lom-

607 2990 808 3063 bardi
841 3010 1085 3084 pacem
1122 2987 1506 3082 plenariam
1538 3006 1680 3058 non
1722 2984 2095 3077 haberent,
2137 2985 2284 3081 ipse
2326 2996 2485 3081 post
2526 2986 3033 3059 absolutionem
3071 2987 3439 3081 adjuvaret

606 3111 1032 3185 Lombardos
1061 3119 1304 3182 contra
1338 3132 1492 3182 nos.
1529 3111 1673 3182 Hec
1714 3119 1785 3181 et
1818 3109 1954 3181 alia
1983 3109 2204 3181 multa
2239 3120 2403 3183 sunt
2436 3132 2574 3203 que
2614 3132 2742 3183 nos
2792 3110 3182 3204 deterrent,
3220 3133 3438 3206 quare

615 3257 745 3309 nos
775 3234 1119 3308 voluntati
1155 3233 1416 3306 domini
1449 3254 1629 3328 pape
1661 3232 2089 3305 committere
2126 3234 2501 3306 metuimus
2532 3235 2607 3306 in
2642 3245 2862 3308 totum
2904 3246 3028 3308 aut
3066 3235 3139 3307 in
3171 3246 3442 3330 partem

616 3359 1013 3433 satisfacere
1029 3411 1051 3450 ,
1102 3357 1506 3452 priusquam
1551 3357 1765 3428 simus
1821 3356 1913 3429 de
1966 3357 2404 3429 absolutione
2456 3368 2528 3430 et
2592 3380 2765 3453 pace
2828 3360 3078 3431 securi.
3137 3358 3443 3433 Nichilo·

619 3484 850 3555 minus
890 3492 1125 3554 tamen
1161 3491 1241 3552 ut
1272 3480 1635 3553 evidenter
1681 3479 1983 3552 mundus
2024 3492 2355 3573 agnoscat
2401 3481 2593 3574 quod
2634 3503 2763 3553 nos
2803 3504 3047 3576 pacem
3086 3481 3441 3554 desidera·

620 3629 777 3677 mus
809 3627 941 3678 nec
972 3604 1407 3678 occasionem
1438 3603 1797 3697 querimus
1828 3603 2127 3696 qualiter
2157 3604 2597 3678 discedamus
2631 3624 2674 3677 a
2706 3625 2878 3699 pace
2897 3656 2916 3693 ,
2957 3604 3176 3700 parati
3208 3627 3448 3677 sumus

624 3751 752 3802 nos
786 3729 1222 3803 committere
1254 3728 1529 3800 duobus
1573 3727 2042 3800 cardinalibus
2071 3728 2254 3801 infra
2286 3728 2583 3824 scn'ptiS,
2621 3729 2875 3822 quibus
2907 3728 3231 3802 dominus
3267 3749 3449 3824 papa

627 3853 983 3946 negotium
1024 3852 1479 3926 absolutionis
1520 3852 1941 3943 committat;
1988 3852 2109 3946 qui
2156 3854 2366 3924 etiam
2410 3853 2948 3926 satisfactionem
2988 3852 3323 3946 recipiant
3363 3852 3453 3926 de

631 3977 1008 4050 manifestis
1050 3986 1122 4050 et
1166 3976 1256 4049 de
1302 3976 1532 4048 dubiis
1588 3975 2019 4068 cautionem,
2068 3977 2191 4071 qui
2243 3999 2379 4070 que
2425 3976 2693 4070 liquida
2740 3986 2904 4049 sunt
2955 3986 3027 4047 et
3067 3976 3156 4048 de
3201 3976 3455 4070 quibus

631 4100 925 4175 emenda
975 4100 1352 4195 procedere
1406 4100 1655 4191 debet,
1691 4101 2088 4195 exprimant
2135 4110 2208 4173 et
2249 4101 2647 4193 designent3
2687 4100 2941 4193 quibus
2985 4101 3186 4174 factis
3223 4101 3453 4175 absol-

634 4233 801 4294 vant
844 4245 973 4297 nos
990 4275 1011 4315 ,
1054 4246 1237 4321 papa
1281 4224 1686 4317 inrequisito
1703 4275 1724 4315 ,
1765 4223 1893 4296 sed
1934 4224 2215 4319 plenam
2256 4245 2465 4319 super
2515 4223 2650 4296 hoc
2696 4224 2785 4297 de
2828 4225 3114 4299 consilio
3166 4226 3457 4299 fratrum

650 4403 814 4417 ῃ

709 4503 779 4576 (Ι)
803 4503 1174 4562 verisimiliter
1198 4504 1501 4577 praefectus
1512 4505 1684 4564 Urbis
1709 4505 1933 4563 Romae.
1961 4504 2150 4562 Petrus
2172 4511 2354 4562 autem
2380 4505 2683 4578 praefectus
2698 4507 2851 4581 juxta
2874 4508 3249 4582 imperatorem
3273 4484 3465 4567 aderat

641 4615 825 4658 mense
849 4601 1057 4658 martio.
1086 4601 1170 4659 Cf.
1196 4616 1359 4675 supra
1376 4646 1390 4672 ,
1425 4619 1487 4675 p.
1518 4604 1642 4660 ⁴66.
