4364 5738
1014 573 1152 638 258·
2009 574 2437 637 rmusmct
2486 572 2832 635 seculum
3441 574 3604 653 [Aa.
3639 576 3817 638 1245.
3852 569 3857 574 ’

1017 710 1110 783 ad
1153 710 1557 804 Gregorium
1593 732 1939 782 summum
1974 709 2372 807 pontificem
2424 719 2588 781 tunc
2628 707 2956 802 temporis
3001 701 3416 801 destinatos,
3458 711 3594 783 alia
3628 712 3823 783 nulla

1018 853 1301 927 prorsus
1344 835 1437 906 ab
1477 855 1562 907 eo
1607 835 2001 908 conditione
2035 834 2305 929 quesita
2346 832 2478 904 nisi
2519 830 2711 925 quod
2752 851 2915 920 nos,
2956 829 3133 902 filios
3171 840 3445 903 nostros
3491 854 3650 903 cum
3691 823 3853 903 im-'

1021 956 1214 1050 perio
1256 967 1328 1029 et
1369 959 1601 1051 regnis
1645 959 1898 1031 nostris
1943 958 2253 1030 honestis
2303 966 2374 1029 et
2428 955 2680 1028 debitis
2729 953 3046 1049 presidiis
3084 953 3484 1047 adjuvaret,
3528 949 3826 1048 qualiter

1024 1080 1559 1182 Lombardorum
1586 1093 1978 1155 nostrorum
2012 1082 2374 1155 rebellium
2395 1079 2739 1153 obstinata
2765 1077 3176 1173 protervitas
3201 1078 3319 1168 jus
3353 1088 3424 1150 et
3443 1078 3825 1151 dominium

1022 1204 1291 1298 imperii
1323 1206 1613 1277 Romani
1646 1217 1716 1278 et
1746 1215 2060 1278 nostrum
2097 1213 2306 1301 prout
2347 1213 2620 1276 tenetur
2663 1211 3104 1294 agnosceret,
3151 1215 3255 1272 ac·
3281 1202 3481 1274 nobis
3518 1202 3825 1297 ipsorum

1023 1328 1386 1416 societate,
1420 1330 1589 1422 quin
1620 1330 1850 1424 potius
1882 1329 2389 1424 conspiratione
2429 1334 2732 1413 cassata,
2775 1323 3069 1419 predicti
3112 1324 3445 1413 rebelles,
3490 1323 3827 1417 quemad-

1023 1450 1310 1523 modum
1351 1453 1550 1525 nobis
1590 1462 1658 1524 et
1702 1453 1853 1524 aliis
1896 1464 2078 1525 terre
2130 1452 2409 1544 regibus
2453 1458 2524 1521 et
2561 1447 2987 1545 principibus
3026 1447 3284 1519 subditi
3322 1447 3540 1518 nostri
3589 1447 3828 1519 deser·

1024 1573 1258 1665 viunt,
1310 1574 1597 1646 redditis
1647 1575 1898 1648 nostris
1947 1583 2017 1646 et
2065 1575 2332 1669 imperii
2363 1573 2672 1665 juribus,
2708 1572 3168 1663 subjacerent.
3215 1569 3480 1642 Deinde
3525 1592 3684 1641 cum
3735 1591 3828 1642 ex

1027 1696 1567 1769 circumstanciis
1624 1699 2058 1792 negotiorum
2122 1708 2193 1769 et
2258 1706 2644 1791 temporum
2703 1696 2835 1767 ista
2882 1715 3019 1789 que
3075 1694 3346 1766 noviter
3393 1693 3830 1785 contigerunt

1033 1819 1335 1892 timenda
1362 1823 1562 1893 nobis
1588 1832 2057 1912 occurrerent,
2094 1841 2495 1915 quanquam
2522 1821 2749 1890 forent
2774 1840 2867 1889 ex
2895 1826 3145 1911 negata
3171 1817 3576 1889 mortalibus
3605 1817 3831 1889 scien-

1031 1943 1124 2013 tia
1144 1924 1547 2017 ⁶futurorum
1589 1946 1860 2038 ignota,
1898 1966 2055 2016 cum
2099 1965 2184 2016 eo
2220 1965 2295 2015 se
2326 1943 2584 2014 malitia
2625 1941 2950 2037 temporis
2995 1921 3317 2013 dilatavit
3347 1949 3427 2011 ut
3456 1938 3547 2012 ad
3588 1940 3830 2012 discri-

1030 2088 1191 2138 men
1224 2068 1528 2139 italicum
1565 2092 1873 2140 summus
1906 2068 2213 2140 Ecclesie
2245 2066 2562 2162 pontifex
2603 2075 2843 2136 contra
2888 2049 3016 2135 nes
3060 2061 3499 2157 pontificatus
3546 2063 3831 2155 adjungi

1032 2191 1452 2263 consortium
1509 2204 1886 2288 pateretur,
1946 2195 2248 2266 obeunte
2305 2189 2632 2282 Gregorio
2693 2208 2963 2258 summo
3021 2184 3369 2282 pontifice,
3428 2181 3671 2258 autore
3730 2183 3831 2282 (a)

1033 2321 1197 2385 tunc
1227 2315 1553 2410 temporis
1581 2316 1796 2410 ipsius
1822 2314 2264 2388 dissentionis
2290 2323 2362 2384 et
2391 2333 2624 2400 causa,
2661 2312 2931 2404 istoque
2962 2310 3082 2403 qui
3122 2310 3426 2407 presidet
3463 2310 3556 2383 ad
3583 2312 3834 2382 summi

1032 2436 1468 2532 pontificatus
1517 2439 1784 2532 apicem
1839 2438 2253 2527 substituto,
2314 2437 2519 2527 longe
2563 2436 2825 2527 majora
2874 2455 3084 2527 quam
3136 2435 3329 2529 prius
3376 2456 3500 2530 per
3556 2435 3833 2508 nuntios

1035 2571 1308 2635 nostros
1348 2562 1723 2635 obtulimus
1772 2586 2050 2657 queque
2101 2583 2459 2655 nunquam
2500 2562 2785 2633 credere
2834 2560 3074 2633 debuit
3125 2561 3375 2653 aliquis
3404 2553 3824 2656 respuenda:

1034 2685 1360 2757 videlicet
1417 2688 1602 2781 quod
1657 2698 1873 2759 totum
1936 2686 2485 2758 transmarinum·
2519 2685 2874 2777 negotium
2923 2679 3203 2756 necnon
3238 2695 3310 2756 et
3366 2686 3834 2758 imminentem

1038 2812 1456 2885 Tartar-icam
1511 2820 1988 2907 tempestatem
2049 2831 2131 2882 ac
2193 2808 2461 2906 imperii
2514 2807 3243 2903 constantinopolitani
3290 2807 3693 2901 discrimen,
3747 2809 3835 2881 de

1037 2936 1309 3009 Domini
1340 2937 1557 3008 nostri
1588 2938 1748 3007 Jesu
1779 2935 2026 3007 Christi
2059 2933 2409 3006 victoriosi
2447 2932 2631 3024 regis
2663 2932 3163 3026 omnipotentia
3201 2931 3659 3023 confidentes,
3702 2933 3833 3004 hu·

1040 3060 1250 3130 meris
1279 3060 1531 3130 nostris
1558 3059 1912 3152 imponere
1945 3057 2492 3151 spondebamus,
2531 3063 2740 3150 prout
2769 3056 3100 3150 premissa
3129 3056 3635 3147 magnificentie
3673 3079 3834 3130 nos·

1044 3193 1148 3254 tre
1184 3182 1435 3274 legatio
1474 3182 1671 3253 vobis
1713 3190 1785 3252 et
1822 3181 2070 3251 ceteris
2105 3180 2384 3271 regibus
2434 3189 2506 3252 et
2552 3179 2978 3274 principibus
3026 3181 3373 3273 patefecit.
3411 3183 3469 3253 Ο
3504 3193 3837 3277 quantum

1044 3326 1201 3377 cum
1264 3314 1571 3398 tempore
1629 3301 1997 3396 profuisset
2049 3301 2144 3374 ad
2194 3302 2577 3373 communis
2625 3322 2830 3373 cause
2892 3302 3186 3373 salutem
3243 3304 3549 3375 oblatum
3605 3317 3837 3377 nostre

1046 3428 1434 3501 devotionis
1472 3426 1894 3515 antidotum,
1935 3424 2103 3497 dum
2144 3425 2470 3496 sanabilis
2507 3433 2654 3496 erat
2692 3422 3085 3516 infirmitaS,
3122 3424 3518 3518 priusquam
3550 3425 3837 3498 adverse

1045 3554 1319 3624 fortune
1346 3550 1688 3623 secundus
1719 3549 1895 3619 ictus
1924 3548 2288 3620 accederet
2316 3548 2437 3641 qui
2467 3549 2776 3620 dolorem
2808 3546 3054 3641 prioris
3082 3549 3388 3619 vulneris
3425 3550 3832 3644 duplicaret,

1045 3671 1421 3770 accepisse!
1464 3675 1609 3745 Nec
1643 3684 1868 3743 tamen
1903 3673 2002 3742 sic
2038 3671 2502 3765 desperationi
2532 3672 2646 3742 vel
2687 3669 2892 3741 morti
2929 3670 3457 3763 relinquendum
3487 3673 3839 3766 negotium

1047 3800 1462 3872 arbitramur
1505 3797 1674 3889 quin
1719 3796 1934 3890 possit
1974 3804 2044 3865 et
2082 3794 2337 3865 debeat
2385 3793 2474 3865 de
2521 3793 2843 3864 remediis
2886 3793 3197 3886 cogitari.
3245 3794 3388 3865 Nec
3434 3816 3564 3866 nos
3607 3817 3650 3867 a
3701 3806 3838 3867 tam

1048 3921 1306 3994 salubri
1352 3919 1638 3991 consilio
1688 3917 1993 4012 potentie
2047 3925 2280 3989 nostre
2330 3926 2564 4011 partes
2615 3916 3057 4005 abducimus,
3095 3917 3235 3988 imo
3286 3927 3473 3989 tanto
3521 3919 3842 3990 libentius

1049 4045 1454 4140 pollicemur
1494 4051 1755 4134 quanto
1809 4041 1898 4112 ad
1948 4040 2253 4110 radicem
2304 4039 2570 4110 arboris
2620 4039 2845 4110 securi
2887 4041 3034 4130 Jam
3100 4040 3355 4134 posita,
3410 4052 3722 4113 nostrum
3775 4051 3843 4113 et

1051 4168 1358 4239 omnium
1384 4165 1774 4238 orthodoxe
1807 4162 1969 4235 fidei
2001 4162 2388 4257 principum
2430 4162 2765 4232 auxilium
2801 4163 3264 4233 necessarium
3300 4185 3650 4258 opponere
3680 4164 3840 4235 esti-

1056 4310 1356 4379 mamuS,
1402 4290 1568 4361 dum
1614 4298 1881 4378 tamen,
1927 4296 2172 4380 pacata
2216 4285 2417 4356 nobis
2459 4285 2684 4374 ltalia,
2727 4286 2935 4356 rebus
2983 4296 3052 4357 et
3089 4286 3497 4378 juribusque
3545 4287 3841 4382 proximi

1054 4422 1374 4508 parentes
1406 4411 1621 4481 nostri
1659 4422 1794 4482 tam
1830 4410 1901 4479 in
1944 4409 2232 4504 imperio
2263 4430 2472 4501 quam
2503 4408 2576 4479 in
2614 4428 2830 4497 regno
2865 4406 3147 4503 pacifice
3188 4418 3598 4502 tenuerunt,
3648 4410 3846 4483 nobis

1138 4646 1223 4726 (a)
1266 4646 1338 4706 In
1361 4646 1656 4722 impressis
1679 4644 2010 4706 autoritate.
