4364 5738
1055 584 1180 647 282
2050 587 2479 650 rmnmuct
2525 586 2877 649 saeuum
3480 582 3646 662 [An.
3683 582 3858 644 ιω.

1060 720 1411 791 illusorem
1431 771 1452 808 ,
1478 730 1755 813 pararet
1778 742 1854 793 se
1876 720 1969 793 ad
2004 731 2278 818 tempus
2311 732 2647 794 statutum
2671 721 2741 791 in
2767 718 3057 794 Galliam
3092 714 3540 813 proficiscens
3574 716 3666 789 ad
3696 736 3861 788 con·

1061 842 1294 914 cilium
1328 844 1916 936 congregandum.
1950 845 2310 917 Infremuit
2341 865 2508 939 ergo
2539 844 2782 940 spiritu
2817 843 2927 914 leo
2952 841 3233 933 rugiens
3253 840 3621 936 coepitque
3649 840 3864 912 devo·

1061 986 1243 1055 rare,
1279 965 1732 1060 suspendere,
1774 968 2092 1039 mutilare
2117 988 2296 1059 quos
2327 987 2576 1063 capere
2604 965 2828 1063 potuit
2857 965 2947 1038 de
2979 963 3138 1036 filiis
3168 973 3241 1035 et
3277 963 3538 1035 nuntiis
3565 961 3867 1035 Ecclesie

1061 1108 1144 1160 ac
1175 1098 1443 1159 ceteros
1476 1089 1676 1160 solito
1707 1090 1935 1161 acrius
1973 1090 2362 1162 devastare.
2400 1091 2709 1183 Cumque
2742 1086 3217 1163 Antiochenus
3244 1084 3632 1181 patriarcha
3665 1084 3862 1159 sche-

1062 1222 1249 1284 mata
1294 1213 1485 1307 pacis
1528 1212 1758 1284 ferens
1800 1214 1893 1286 ad
1936 1215 2332 1286 exterminii
2381 1214 2762 1310 principem
2815 1211 3212 1284 advenisset
3246 1220 3321 1283 et
3364 1211 3541 1281 alter
3581 1208 3864 1302 Aquile-

1054 1337 1271 1427 Jensis
1331 1335 1423 1407 ad
1481 1336 1707 1430 ipsum
1764 1338 1854 1409 ab
1903 1338 2423 1431 aquilonaribus
2485 1337 2768 1410 sedibus
2824 1344 3220 1408 occurreret
3271 1334 3572 1427 quedam
3632 1332 3867 1405 federa

1062 1460 1593 1532 matrimonialia
1636 1461 2110 1554 procurando,
2157 1470 2235 1532 ut
2285 1463 2641 1533 roboraret
2677 1459 3060 1555 principem
3103 1459 3176 1529 in
3216 1457 3582 1529 Germania
3630 1465 3866 1528 contra

1064 1592 1356 1655 matrem
1389 1581 1527 1679 (l),
1566 1583 1640 1653 in
1676 1584 1905 1655 cordis
1940 1584 2288 1676 magnifici
2328 1585 2723 1680 superbiam
2756 1593 2864 1656 est
2902 1584 3126 1655 elatus
3165 1593 3237 1653 et
3275 1582 3345 1652 in
3380 1582 3670 1674 gloriam
3709 1578 3864 1651 alti·

1066 1706 1326 1779 tudinis
1362 1707 1724 1779 oculorum
1761 1707 2121 1779 sublimius
2162 1729 2239 1780 se
2280 1709 2607 1780 attollens
2647 1708 2968 1779 efferatus
3013 1716 3117 1778 est
3158 1705 3399 1778 durius
3437 1706 3509 1775 in
3541 1704 3865 1777 vassallos

1063 1830 1396 1918 Ecclesie,
1427 1840 1677 1901 cuncta
1705 1830 2034 1924 perdone,
2070 1831 2398 1904 obsidens
2425 1842 2495 1903 et
2520 1853 2869 1926 occupans
2899 1830 3237 1924 quasdam
3272 1838 3514 1901 terras.
3550 1829 3674 1901 Illa
3703 1846 3865 1900 vero

1064 1974 1226 2049 pars
1256 1953 1650 2026 Patrimonii
1683 1975 1820 2045 que
1852 1954 2075 2025 fuerat
2110 1964 2293 2027 terra
2320 1955 2696 2050 voluptatis
2722 1954 3075 2051 primitus,
3107 1973 3343 2026 coram
3374 1953 3524 2048 ipso
3555 1952 3737 2024 facta
3765 1961 3867 2023 est

1064 2076 1580 2170 quodammodo
1621 2077 1959 2166 solitudo,
1994 2078 2160 2149 dum
2199 2089 2361 2151 ante
2403 2079 2617 2173 ipsius
2657 2079 2900 2150 faciem
2947 2077 3353 2173 precederet
3399 2076 3576 2167 ignis
3618 2095 3867 2147 vorans

1065 2210 1136 2272 et
1179 2209 1590 2294 sequeretur
1621 2202 2066 2294 postmodum
2102 2202 2381 2274 flamma
2415 2224 2650 2274 urens.
2684 2202 2950 2297 Nempe
2985 2200 3419 2296 depopulatis
3458 2198 3867 2293 quibusdam

1024 2324 1370 2420 oppidis,
1421 2323 1768 2416 aliquibus
1821 2324 2084 2395 necatis
2133 2322 2494 2415 fidelibus,
2554 2324 2721 2396 dum
2775 2325 3067 2418 stipatus
3118 2323 3410 2417 geminis
3470 2320 3867 2417 patriarchis

1062 2447 1406 2517 Veronam
1437 2444 1754 2516 tenderet
1785 2456 1862 2516 ut
1888 2445 2192 2536 dicebat,
2229 2447 2533 2518 substitit
2557 2445 2982 2540 aliquamdiu
3008 2446 3192 2517 circa
3225 2445 3435 2517 madii
3461 2443 3866 2540 principium

1064 2577 1138 2639 et
1182 2578 1450 2639 vastato
1488 2569 1863 2639 Montealto
1906 2577 1978 2639 et
2020 2568 2442 2661 quibusdam
2482 2570 2634 2642 aliis
2677 2570 2878 2641 terris
2910 2569 3254 2659 Ecclesie,
3294 2567 3677 2639 viterbium
3709 2566 3868 2638 fecit

1067 2690 1398 2780 obsideri,
1439 2700 1509 2763 et
1552 2744 1889 2764 .....
1925 2713 2053 2787 pro
2093 2714 2295 2786 posse
2326 2702 2614 2781 cuncta,
2664 2704 2742 2765 ut
2774 2703 2972 2764 erant
3009 2693 3081 2763 in
3123 2692 3394 2782 herbis,
3433 2691 3539 2763 sui
3581 2687 3867 2761 malefici

1066 2835 1226 2888 cum
1259 2815 1400 2888 suis
1430 2815 1756 2909 gregibus
1784 2826 2264 2908 vastaverunt,
2302 2816 2524 2890 vineis
2552 2816 2806 2890 evulsis
2838 2816 3192 2907 radicitus,
3228 2816 3302 2887 in
3328 2814 3459 2887 bac
3492 2813 3723 2886 hostili
3748 2812 3866 2885 de-

1008 3039 1013 3044 *
1069 2939 1402 3012 solatione
1433 2942 1629 3013 velut
1662 2940 1920 3011 mensis
1953 2941 2317 3013 dimidium
2345 2940 2865 3031 commorando,
2903 2948 2975 3012 et
3000 2939 3469 3028 demolieudO,
3498 2936 3869 3032 proditorie

1068 3062 1434 3133 securitate
1477 3063 1721 3134 incolis
1769 3064 1959 3158 prius
2002 3064 2205 3154 data,
2246 3077 2546 3138 castrum
2584 3064 2891 3138 Ecclesie
2933 3065 3345 3157 Petroguani
3388 3061 3521 3160 (2).
3563 3064 3735 3135 Dein
3783 3062 3868 3133 ab

1069 3183 1412 3274 indigenis
1457 3185 1661 3255 castri
1700 3186 2267 3280 Aquependentis
2313 3189 2641 3261 invitatus
2682 3188 3059 3261 honorifice
3104 3209 3190 3261 ac
3233 3199 3588 3281 receptae,
3637 3187 3707 3257 in
3748 3206 3869 3257 suo

1069 3328 1351 3412 egressu
1399 3307 1757 3380 mandavit
1799 3310 2219 3382 valentiores
2258 3312 2463 3383 castri
2495 3312 2813 3384 homines
2847 3312 3116 3383 vinctos
3160 3331 3395 3384 coram
3433 3310 3757 3381 omnibus
3801 3309 3868 3379 in

1071 3452 1364 3523 regnum
1392 3431 1643 3503 abduci
1681 3443 2067 3524 cunctaque
2106 3434 2388 3506 mobilia
2425 3434 2630 3530 diripi
2665 3445 3103 3528 castrumque
3143 3434 3505 3523 succendi,
3547 3432 3712 3525 quia
3742 3432 3869 3504 du-

1070 3554 1242 3627 dum
1272 3575 1346 3625 se
1378 3555 1560 3626 velle
1591 3554 1818 3626 redire
1845 3556 1937 3628 ad
1969 3566 2259 3627 matrem
2295 3558 2712 3649 quibusdam
2738 3559 3007 3630 indiciis
3032 3558 3428 3630 innuerant.
3470 3558 3612 3629 Hec
3641 3566 3869 3627 autem

1067 3679 1311 3751 Petrus
1337 3678 1426 3751 de
1452 3678 1669 3750 Vinea
1702 3688 1772 3750 et
1797 3679 2036 3749 Vitalis
2064 3679 2151 3750 de
2177 3680 2476 3773 Aversa,
2510 3681 2651 3754 duo
2681 3703 2848 3754 vasa
2879 3682 3258 3775 iniquitatis
3282 3679 3677 3769 bullientia,
3713 3679 3870 3750 data

1067 3801 1438 3874 securitate
1486 3802 1728 3872 incolis
1772 3801 2143 3895 proditorie
2188 3805 2501 3897 protinus
2542 3806 3027 3899 impleverunt.
3068 3807 3243 3878 Nam
3286 3806 3511 3897 ligatis
3547 3805 3616 3876 in
3662 3803 3869 3874 collo·

1066 3925 1234 4018 quio
1272 3925 1362 3997 de
1390 3924 1788 3997 melioribus
1818 3927 1976 4019 plus
2003 3947 2214 4018 quam
2243 3939 2521 3999 centum
2542 3981 2562 4018 ,
2600 3938 2683 4001 ut
2716 3950 2842 4023 pro
2876 3928 3076 4001 firmo
3105 3928 3457 4017 asseritur,
3499 3936 3571 3999 et
3605 3926 3869 4018 fugien-
3929 3923 3956 3940 ’“

1070 4052 1253 4123 tibus
1286 4052 1443 4146 plus
1491 4071 1703 4145 quam
1743 4051 1967 4141 mille,
2015 4063 2498 4125 remanserunt
2537 4054 2609 4164 iu
2648 4056 3183 4128 Sarracenorum
3210 4054 3520 4150 potentia
3553 4052 3872 4124 mulieres

1074 4505 1110 4562 b
1144 4407 1221 4480 (⁴)
1257 4409 1440 4466 Mense
1471 4412 1658 4470 martio
1693 4415 1832 4470 ⁴255
1864 4414 1951 4472 isti
1984 4415 2089 4474 duo
2117 4417 2479 4491 patriarchae,
2514 4424 2576 4475 ut
2604 4418 2869 4491 vidimus,
2902 4431 3030 4475 cum
3068 4418 3394 4491 imperatore
3428 4413 3657 4488 Foggiae
3698 4424 3869 4468 mora·

1114 4509 1294 4561 antur.

1148 4602 1223 4675 (2)
1259 4600 1505 4659 Castrum
1539 4610 1657 4660 erat
1692 4606 1823 4663 citra
1859 4614 2032 4666 metas
2059 4610 2364 4668 Patrimonii
2383 4654 2398 4683 ,
2438 4627 2547 4670 non
2581 4611 2737 4685 louge
2770 4611 2842 4669 ab
2880 4613 3076 4687 oppido
3112 4608 3419 4669 Radicol'ani
3461 4607 3634 4678 dicto,
3676 4609 3739 4661 ut
3779 4617 3876 4659 nos

1072 4704 1260 4758 monet
1284 4697 1489 4754 Radulfi
1512 4700 1766 4759 Senensis
1788 4703 2162 4764 inventarium.
