4364 5738
550 518 751 578 Iunior.
782 515 873 592 2.]
1447 515 1843 577 HISTORIA
1894 517 2492 604 DIPLOMATICA.
3271 525 3377 585 18}

550 652 846 724 dilectus
877 649 1233 721 familiaris
1274 657 1345 720 et
1369 647 1603 748 „fidelis
1643 661 1906 743 noster,
1942 653 2168 726 eidem
2207 652 2532 748 hospitali
2567 653 2656 725 de
2683 653 3056 749 Altopassu
3090 679 3217 750 per
3242 659 3384 752 pri-

547 774 877 867 vilegium
908 796 1112 845 suum
1144 774 1522 863 concessit;
1556 773 1652 845 ita
1684 784 1914 847 tamen
1950 777 2141 870 quod
2168 778 2424 872 leprosi
2454 778 2764 870 quisunt
2801 778 2871 848 in
2902 778 3147 850 eadem
3177 779 3388 852 domo

549 899 639 971 de
668 900 930 971 Rosara
964 898 1055 969 ab
1091 897 1340 969 eodem
1384 896 1711 994 hospitali
1761 901 2289 973 substententur
2333 911 2405 972 et
2451 901 2755 974 habeant
2792 902 3181 975 necessaria
3224 905 3378 974 uni-

547 1044 774 1112 versa,
810 1022 989 1094 sicut
1014 1022 1352 1093 hactenus
1381 1022 1450 1092 in
1483 1022 1732 1094 eodem
1762 1025 1917 1096 loco
1949 1025 2275 1096 habuisse
2301 1036 2707 1097 noscuntur.
2743 1027 3122 1098 Statuimus
3148 1028 3382 1120 itaque

549 1157 621 1218 et
638 1146 979 1242 imperiali
1007 1145 1236 1218 edicto
1264 1146 1611 1218 sancimus
1633 1156 1713 1218 ut
1739 1149 1973 1220 nullus
2004 1149 2569 1243 archiepiscopus
2592 1150 2701 1220 vel
2727 1150 3120 1245 episcopm,
3148 1151 3382 1222 nullus

550 1270 727 1360 dux,
759 1269 1092 1360 marchio,
1122 1291 1382 1360 comes,
1414 1270 1828 1364 vicecomes,
1859 1273 2093 1344 nullus
2117 1272 2405 1343 nuntius
2428 1274 2540 1342 vel
2571 1273 2840 1364 legatus
2865 1283 3127 1362 noster,
3151 1275 3378 1344 nulla·-

548 1418 684 1490 que
721 1404 1026 1491 potestas
1069 1395 1185 1464 vel
1232 1394 1508 1488 civitas,
1559 1396 1831 1466 nullum
1876 1418 2283 1486 commune,
2331 1395 2524 1466 nulla
2564 1396 3012 1487 universitas,
3050 1397 3381 1491 nullaque

549 1521 831 1591 omnino
867 1539 1167 1614 persona
1197 1520 1336 1590 alta
1370 1520 1484 1590 vel
1516 1518 1832 1610 humilis,
1875 1520 2338 1593 ecclesiastica
2366 1521 2476 1592 vel
2517 1520 2880 1609 secularis,
2919 1530 3159 1592 contra
3200 1519 3381 1592 hanc

545 1645 926 1735 majestatis
968 1653 1202 1716 nostre
1245 1641 1839 1716 confirmationem
1889 1656 1958 1717 et
2021 1644 2539 1717 concessionem
2600 1646 2834 1738 aliquo
2876 1644 3085 1716 modo
3138 1647 3378 1717 venire

545 1767 800 1839 audeat
831 1768 943 1838 vel
988 1766 1298 1862 predicto
1346 1767 1668 1862 hospitali
1711 1778 1780 1839 et
1816 1769 2144 1840 fratribus
2190 1779 2260 1840 et
2299 1768 2639 1840 universis
2687 1767 3084 1839 hominibus
3137 1790 3378 1840 eorum

544 1891 848 1984 aliquam
882 1892 1146 1982 datam,
1179 1890 1563 1981 angariam,
1598 1893 2106 1986 perangariam,
2140 1893 2530 1982 collectam,
2566 1892 2924 1962 servitium
2953 1894 3066 1963 vel
3098 1893 3381 1986 aliquod

543 2037 721 2089 onus
763 2015 1040 2109 publice
1073 2014 1445 2085 functionis
1486 2015 1843 2109 imponere
1899 2037 2023 2087 scu
2071 2016 2258 2109 ipsos
2298 2017 2370 2086 in
2417 2017 2723 2104 civitate,
2769 2026 3022 2105 castr0,
3060 2018 3373 2106 caste110,

543 2138 805 2235 oppido
843 2159 968 2209 seu
1012 2138 1236 2229 burgo
1271 2137 1383 2209 vel
1417 2137 1553 2208 alio
1586 2159 2026 2231 quocumque
2064 2134 2273 2235 [loco]
2303 2147 2540 2210 vetare
2574 2148 2695 2209 aut
2723 2137 3091 2231 prohibere
3129 2161 3374 2233 presu-

544 2272 691 2335 mat
721 2283 864 2356 quo
894 2262 1122 2333 minus
1160 2261 1486 2333 victualia
1519 2283 1643 2332 seu
1674 2262 1811 2332 alia
1844 2283 2282 2354 quecumque
2322 2262 2709 2333 necessaria
2740 2261 2830 2332 ad
2859 2282 3036 2355 opus
3069 2263 3374 2356 ipsorum

544 2396 614 2458 et
660 2408 1044 2481 pauperum
1087 2383 1330 2457 Christi
1376 2396 1645 2475 emant,
1685 2384 2073 2456 distrahant
2118 2396 2189 2456 et
2222 2385 2438 2456 libere
2475 2387 2904 2480 absportent.
2942 2385 3374 2479 Quicumque

542 2533 708 2583 vero
741 2520 983 2582 contra
1008 2508 1143 2581 hec
1188 2531 1326 2603 que
1361 2508 1694 2602 premissa
1735 2519 1897 2580 sunt
1936 2529 2145 2602 agere
2176 2509 2675 2605 presumpserit
2716 2510 2826 2581 vel
2871 2509 3097 2603 ipsum
3134 2509 3370 2605 hospi-

546 2637 707 2724 tale,
732 2636 980 2705 fratres
1007 2646 1077 2705 et
1103 2632 1469 2706 universos
1498 2632 1816 2704 homines
1846 2655 2085 2705 eorum
2116 2634 2188 2704 in
2212 2634 2446 2728 aliquo
2474 2656 2764 2726 gravare
2792 2633 2904 2705 vel
2931 2654 3370 2726 quocumque

544 2758 751 2831 modo
791 2758 1126 2853 impedire
1160 2779 1283 2829 seu
1321 2758 1767 2854 perturbare,
1810 2767 2092 2828 centum
2133 2757 2345 2829 libras
2389 2756 2540 2829 auri
2581 2757 2737 2853 puri
2782 2777 2907 2851 pro
2955 2779 3137 2849 pena
3180 2779 3368 2829 com-

541 2892 779 2978 ponat,
817 2883 1182 2956 dimidium
1212 2904 1486 2954 camere
1518 2893 1753 2954 nostre
1788 2891 1859 2954 et
1887 2882 2235 2975 reliquum
2266 2882 2586 2974 injuriam
2617 2882 2860 2976 passis·
2895 2882 3005 2953 Ad
3038 2882 3237 2973 cujus
3270 2884 3370 2953 rei

543 3017 803 3079 certam
841 3007 913 3076 in
956 3015 1367 3102 perpetuum
1403 3006 1855 3096 evidentiam,
1889 3028 2177 3101 presens
2205 3005 2643 3101 privilegium
2670 3003 2819 3076 fieri
2845 3017 2915 3077 et
2940 3007 3129 3077 bulla
3158 3027 3368 3077 aurea

545 3129 793 3226 tipario
820 3140 1053 3201 nostre
1089 3129 1468 3220 majestatis
1509 3129 1845 3224 impressa
1875 3130 2210 3221 jussimus
2245 3127 2683 3200 communiri.

639 3253 861 3346 Hujus
894 3253 992 3324 rei
1027 3262 1238 3324 testes
1267 3263 1478 3324 sunt:
1513 3253 1927 3344 Fridericus,
1964 3253 2248 3325 illustris
2284 3252 2467 3345 regis
2507 3252 2797 3324 Castelle
2825 3248 3036 3341 filius,
3073 3238 3429 3324 dilectus?

541 3400 761 3473 nepos
813 3389 1078 3467 noster,
1139 3375 1542 3449 Manfredus
1597 3376 1903 3449 marchio
1952 3378 2245 3467 Lancia,
2300 3375 2647 3449 Tehaldus
2694 3375 3129 3465 Franciscus,
3186 3375 3365 3446 Pan-

541 3504 775 3577 dulsus
816 3504 906 3575 de
947 3502 1322 3575 Fasanellis
1358 3503 1532 3573 sacri
1574 3502 1846 3597 imperii
1877 3501 1949 3572 in
1986 3504 2233 3574 Tuscia
2277 3501 2574 3575 vicarius
2614 3500 2991 3593 generalis,
3038 3502 3367 3594 magister

540 3628 782 3700 Petrus
829 3626 920 3699 de
976 3627 1196 3700 Vinea
1254 3637 1324 3698 et
1384 3626 1711 3719 magister
1760 3625 2080 3698 Taddeus
2123 3626 2213 3698 de
2269 3628 2517 3699 Suessa
2572 3645 2819 3715 magne
2880 3624 3069 3695 curie
3131 3635 3364 3696 nostre

533 3751 838 3844 judiceS,
888 3751 1135 3824 Petrus
1183 3750 1272 3822 de
1338 3749 1651 3824 Calabria
1712 3749 2102 3822 marestalle
2148 3761 2384 3822 nostre
2442 3748 2792 3840 magister,
2848 3757 2917 3818 et
2965 3747 3082 3817 alii
3117 3769 3364 3841 quam-

540 3878 799 3972 plures.

634 4000 924 4094 Signum
948 3996 1214 4073 domini
1238 3997 1457 4072 nostri
1487 3997 1845 4090 Friderici,
1868 3997 1990 4072 Dei
2019 3999 2242 4090 gratia
2270 3997 2699 4071 invictissimi
2727 3997 3195 4069 Romanorum
3229 3994 3358 4065 im-

539 4123 877 4217 peratoris
904 4143 1180 4219 semper
1204 4122 1505 4217 augusti,
1537 4104 1918 4196 Jerusalem
1955 4132 2025 4194 et
2052 4121 2282 4194 Sicilie
2320 4121 2529 4213 regis.

637 4247 810 4320 Acta
859 4255 1024 4318 sunt
1073 4245 1207 4319 hec
1268 4267 1456 4318 anno
1508 4245 1853 4320 dominice
1914 4244 2408 4318 incarnationis
2468 4243 2832 4316 millesimo
2887 4243 3359 4316 ducentesimo

541 4370 1072 4465 quadragesimo
1134 4379 1417 4465 quarto,
1469 4390 1710 4442 mense
1777 4370 2054 4464 apriliS,
2117 4366 2423 4440 secunde
2494 4367 2918 4457 indictioniS,
2977 4368 3359 4462 imperante

542 4493 825 4566 domino
854 4502 1093 4567 nostro
1122 4493 1498 4585 FridericO,
1531 4493 1661 4565 Dei
1691 4492 1914 4586 gratia
1959 4490 2409 4563 invictissimo
2440 4493 2907 4564 Romanorum
2944 4491 3358 4588 imperatore

540 4639 816 4714 semper
858 4625 1190 4709 augustO,
1232 4616 1612 4690 Jerusalem
1658 4626 1729 4687 et
1769 4613 1998 4687 Sicilie
2033 4635 2231 4707 rege,
2269 4614 2541 4709 imperii
2587 4616 2737 4707 ejus
2783 4637 2969 4688 anno
3024 4616 3360 4709 vigesimo
