4364 5738
622 569 823 630 immor.
855 567 960 646 5⁹]
990 570 993 573 ’
1517 559 1909 628 HISTORIA
1949 562 2546 627 'DIPLOMATI'CA.
3315 560 3436 621 525

622 704 708 798 etJ
737 704 1157 777 Fridericum
1195 697 1546 799 quondam
1590 705 1838 776 ducem
1881 696 2156 776 Austri'e
2203 712 2272 775 et
2308 699 2509 774 Stirie
2559 701 2804 772 oborta
2850 698 3226 789 discordia,
3266 699 3435 770 dum

623 830 833 901 iidem
871 830 1057 901 cives
1100 851 1192 901 ex
1232 830 1504 902 fervore
1545 829 1932 901 devotionis
1972 850 2180 924 quam
2224 828 2314 899 ad
2358 825 2835 898 celsitudinem
2885 834 3191 896 nostram
3231 829 3432 916 gere-

622 954 818 1046 bant,
855 953 1365 1046 magnificentie
1399 964 1633 1026 nostre
1663 954 1984 1026 abdicato
2017 952 2329 1046 ejusdem
2367 951 2562 1023 ducis
2599 950 2905 1022 dominio
2938 959 3336 1021 constanter
3365 957 3436 1019 et

623 1077 919 1151 fideliter
947 1080 1406 1170 adheserunt,
1447 1079 1797 1151 tradentes
1829 1080 1898 1149 in
1934 1073 2254 1150 manibus
2285 1076 2534 1148 nostris
2566 1075 2912 1147 civitatem
2944 1076 3432 1147 Wiennensem

622 1224 781 1275 cum
814 1204 1022 1276 rebus
1047 1206 1189 1276 suis
1219 1205 1474 1299 pariter
1501 1214 1571 1275 et
1597 1205 1936 1299 personiS,
1970 1205 2274 1298 quodam
2306 1202 2663 1298 privilegio
2692 1212 2926 1274 nostro
2952 1200 3136 1294 ipsos
3167 1209 3238 1270 et
3263 1199 3433 1270 civi-

624 1338 836 1400 tatem
863 1330 1231 1402 Wiennam
1273 1330 1603 1402 duximus
1648 1330 2130 1419 muniendam,
2170 1329 2494 1422 idemque
2530 1327 2962 1422 privilegium
3014 1348 3140 1421 per
3183 1326 3432 1398 ducem

621 1465 1111 1545 memoratum,
1155 1465 1521 1548 postquam
1557 1454 1779 1546 gratie
1812 1465 2045 1526 nostre
2087 1455 2499 1525 reformatus
2542 1452 2889 1523 civitatem
2931 1452 3294 1523 Wiennam
3344 1450 3433 1522 de

623 1600 964 1652 consensu
993 1590 1062 1651 et
1088 1581 1445 1652 voluntate
1467 1590 1700 1652 nostra
1730 1579 2191 1673 recuperavit,
2216 1579 2483 1649 sublata
2516 1578 2587 1647 in
2627 1599 2709 1650 eo
2741 1599 2951 1652 aurea
2978 1579 3168 1649 bulla
3200 1587 3432 1650 nostra

622 1727 759 1799 qua
791 1706 1192 1798 insignitum
1226 1705 1475 1795 extitit,
1520 1707 1809 1776 fractum
1844 1704 2077 1794 fuerit,
2114 1704 2339 1798 ipsum
2374 1703 2473 1774 eis
2504 1702 2940 1797 privilegium
2978 1702 3254 1775 civitate
3286 1704 3434 1798 ipsa

621 1838 777 1924 post
801 1831 1066 1902 obitum
1095 1829 1407 1921 ejusdem
1442 1829 1636 1901 ducis
1662 1826 1766 1926 (⁴)
1797 1829 1887 1900 ad
1915 1838 2227 1901 nostrum
2257 1837 2325 1900 et
2352 1828 2622 1922 imperii
2654 1827 3034 1900 dominium
3071 1829 3285 1899 libere
3318 1829 3436 1901 de-

620 1956 896 2046 voluta,
941 1956 1273 2028 innovare
1324 1956 1414 2027 de
1459 1963 1695 2027 nostra
1742 1955 1962 2047 gratia
2017 1955 2494 2048 dignaremur3
2548 1954 2745 2046 cujus
2795 1963 2994 2025 tenor
3036 1975 3163 2048 per
3201 1955 3447 2050 omnia,

622 2079 778 2151 talis
806 2090 912 2153 est
947 2106 965 2151 z

716 2205 1139 2296 FridericuS,
1177 2215 1311 2277 etc.
1344 2206 1731 2278 Romanum
1773 2204 2174 2300 imperium,
2231 2213 2366 2276 etc.
2406 2201 2759 2300 (Sequitur
2803 2204 2882 2275 de
2918 2203 3112 2275 verbo
3156 2203 3246 2275 ad
3280 2225 3431 2276 ver-

624 2330 777 2401 bum
811 2330 1291 2423 privileqium,
1331 2331 1570 2402 datum
1602 2330 1934 2422 Wienne,
1971 2352 2155 2402 anno
2192 2325 2410 2421 ⁴237,
2448 2351 2685 2402 mense
2727 2330 2971 2426 aprili,
3016 2330 3191 2424 quod
3225 2354 3434 2426 supra

624 2463 676 2526 t.
713 2455 800 2546 V,
838 2479 906 2551 p.
954 2458 1073 2548 55,
1109 2458 1443 2550 inteqrum
1474 2455 1959 2553 eoehibuimus.)

717 2583 859 2654 Nos
914 2582 1124 2676 igitur
1162 2584 1284 2677 qui
1327 2583 1633 2657 fidelium
1684 2593 2075 2657 nostrorum
2121 2583 2367 2655 merita
2414 2583 2915 2656 irremunerata
2962 2582 3251 2656 transire
3289 2606 3431 2657 non

621 2707 950 2802 patimur,
1012 2762 1520 2781 .......
1576 2711 2119 2804 suprascriptum
2152 2707 2586 2803 privilegium
2626 2717 2937 2779 nostrum
2973 2708 3060 2780 de
3090 2709 3309 2781 verbo
3340 2708 3431 2780 ad

620 2834 914 2906 verbum
978 2835 1316 2909 insertum
1379 2834 1468 2908 de
1531 2833 1901 2929 imperialis
1963 2832 2461 2930 preeminentie
2519 2841 2752 2905 nostre
2813 2833 3035 2925 gratia
3102 2834 3431 2907 duximus

621 2959 1096 3033 innovandum
1145 3011 3421 3035 .............................

716 3084 891 3157 Acta
918 3096 1080 3157 sunt
1109 3086 1239 3157 hec
1270 3086 1615 3159 dominice
1641 3086 2131 3159 incarnationis
2155 3106 2341 3157 anno
2372 3084 2736 3157 millesimo
2765 3078 3237 3160 ducentesimo
3263 3108 3433 3181 qua-

623 3207 1011 3301 dragesimo
1039 3210 1360 3305 septimo,
1398 3233 1637 3283 mense
1666 3212 1893 3307 aprili,
1924 3212 2164 3307 quinte
2196 3210 2590 3284 indictionis
2598 3262 3422 3288 ...........

731 3766 1193 3874 FridericuS,
1241 3767 1757 3850 Romanorum
1802 3767 2243 3877 imperator,
2282 3766 2587 3850 cuidam
2625 3767 2955 3851 Alsatiae
3009 3767 3286 3852 civitati
3333 3771 3431 3854 ab

625 3899 1172 4009 Argentinense
1234 3901 1586 4011 episcopo
1633 3901 2015 4010 proditore
2082 3925 2222 3984 suo
2278 3900 2628 3984 obsessae
2701 3901 3125 3985 subsidium
3184 3902 3428 4011 polli—

626 4044 864 4141 cetur,
906 4061 1225 4118 monens
1262 4038 1472 4145 quod
1514 4062 1559 4117 a
1599 4036 1969 4119 Cremona
2002 4062 2265 4120 versus
2312 4035 2841 4119 Alemanniam
2892 4036 3033 4119 iter
3072 4061 3298 4119 suum
3351 4037 3431 4119 in

626 4167 936 4252 instanti
972 4169 1295 4279 dirigere
1330 4170 1706 4279 proponit.

791 4383 1035 4466 (Inedit.
1065 4403 1141 4448 ex
1168 4389 1299 4480 cod.
1329 4386 1484 4451 Bibl.
1517 4387 1714 4451 Cesar.
1746 4386 2002 4452 vindob.
2033 4383 2364 4469 Philoloqm
2386 4387 2566 4463 dicto,
2596 4396 2661 4449 ιν)
2690 4397 2830 4464 305,
2856 4388 2904 4451 f.
2931 4398 3040 4452 133
3073 4390 3282 4472 recto.)

701 4622 772 4696 (Ι)
808 4623 923 4679 Dux
946 4623 1046 4681 iste
1074 4624 1130 4681 in
1162 4625 1360 4698 praelio
1386 4634 1569 4685 contra
1593 4628 1873 4700 Hungaros
1898 4626 2074 4686 fuerat
2097 4625 2407 4685 interfectus
2435 4639 2577 4684 anno
2597 4629 2759 4697 ⁴2⁴6,
2782 4629 2850 4683 ⁴5
2873 4627 3030 4701 junii3
3061 4628 3132 4688 ad
3158 4628 3312 4702 cujus
3339 4642 3429 4685 re-

626 4717 806 4791 gimen
833 4721 1058 4780 ducatus
1080 4722 1370 4798 imperator
1389 4725 1641 4783 comitem
1667 4725 2038 4784 meinhardum
2059 4724 2127 4783 de
2148 4722 2293 4782 Tirol
2318 4722 2643 4799 praesectum
2672 4723 2917 4783 instituit.

3523 3782 3668 3837 [Crem
3753 3795 3777 3825 e

3670 3794 3752 3825 ona
3787 3813 3803 3836 ,

3577 3836 3748 3892 aprum
