4364 5738
614 579 813 638 lamet.
854 578 979 654 l5.]
1503 574 1900 635 HISTORIA
1950 571 2544 634 DIPLOMA'I'ICA.
3366 572 3440 631 15

776 760 1123 840 (Memorat.
1157 777 1254 837 ap.
1286 761 1628 836 Rarosxrr,
1658 757 1825 820 Delta
1851 761 2030 819 Zacca
2057 758 2119 819 di
2154 757 2401 832 Gubbio,
2434 765 2481 819 t.
2511 758 2574 831 Ι,
2610 775 2668 835 p.
2707 758 2872 837 395.)

711 950 960 1021 Datum
973 1000 1185 1019 .......
1200 1001 1220 1038 ,
1253 968 1439 1019 anno
1469 947 1813 1019 dominice
1839 947 2333 1018 incarnationis
2365 946 2726 1017 millesimo
2761 945 3233 1018 ducentesimo
3269 967 3442 1039 qua·

617 1072 1007 1163 dragesimo
1045 1072 1302 1166 primo,
1339 1092 1577 1142 mense
1612 1070 2039 1159 decembris,
2069 1069 2581 1162 quintodecime
2615 1069 3032 1141 indictionis.

719 1637 1182 1746 FridericuS,
1247 1641 1766 1723 Romanorum
1822 1638 2261 1746 imperator,
2322 1638 2580 1720 scribit
2633 1639 3026 1746 capitaneo
3076 1642 3289 1750 regni
3335 1645 3431 1725 de

618 1779 857 1853 morte
920 1772 1416 1879 imperatricis
1438 1833 1460 1878 ‚
1531 1781 1615 1854 ut
1675 1770 1839 1880 ejus
1911 1770 2268 1879 exequias
2340 1796 2474 1878 per
2533 1769 3138 1880 jurisdictionem
3213 1800 3473 1857 suamv

616 1900 841 1987 faciat
874 1903 1264 1986 celebrari.

774 2113 966 2192 (Edit.
996 2132 1094 2193 ap.
1125 2115 1289 2177 retr.
1321 2113 1391 2174 de
1429 2115 1554 2175 Vin.
1589 2113 1920 2194 epist.‚11b.
1954 2080 2232 2193 111;eap.
2265 2112 2370 2193 11.)

709 2303 1014 2374 Latentis
1057 2302 1276 2374 hostis
1320 2300 1603 2373 insidias
1644 2322 1786 2372 non
1830 2301 2180 2396 potuimus
2227 2299 2565 2391 effugere,
2621 2301 2787 2395 quin
2835 2311 2992 2396 post
3033 2302 3431 2376 innumeras

616 2427 932 2518 regiones
959 2427 1091 2498 sub
1117 2427 1313 2518 virga
1336 2425 1712 2517 majestatis
1747 2433 1982 2496 nostre
2013 2425 2386 2512 deductas,
2421 2424 2928 2496 serenissimam
2951 2436 3314 2519 augustam
3342 2451 3435 2501 ex

617 2550 825 2640 regali
877 2549 1209 2644 progenie
1262 2558 1524 2638 ortam,
1567 2548 1768 2620 nobis
1817 2568 1988 2642 pace
2039 2547 2464 2642 potientibus
2511 2556 2582 2619 et
2624 2547 2893 2641 quiete,
2937 2549 3147 2643 impie
3192 2552 3432 2623 mortis

616 2671 886 2764 ignavia
922 2673 1312 2767 subriperet
1339 2673 1682 2744 violenter
1712 2670 1771 2766 (⁴
1790 2671 1840 2767 ).
1883 2672 2037 2743 Non
2078 2671 2288 2763 igitur
2328 2671 2745 2743 hilaritatem
2773 2673 3020 2755 *vultus
3064 2695 3431 2768 possumus

614 2796 976 2886 exhibere,
1018 2818 1176 2867 cum
1221 2805 1455 2868 nostre
1489 2796 1830 2868 consortis
1859 2795 2089 2867 obitus
2119 2796 2324 2867 nobis
2357 2795 2836 2866 amaritudinis
2866 2797 3187 2893 propinet
3212 2820 3427 2893 pocu-

617 2921 792 3011 lum,
829 2942 1096 3015 nosque
1128 2923 1451 2993 molestet
1474 2920 1736 3013 jugiter
1771 2929 1843 2992 et
1874 2920 2259 3015 impugnet.
2297 2921 2791 2991 Verumtamen
2827 2922 3148 2993 nolumus
3176 2922 3434 2995 doloris

612 3045 1070 3116 amaritudine
1113 3045 1213 3115 sic
1244 3046 1674 3136 majestatem
1711 3053 2021 3116 nostram
2051 3043 2362 3134 afficere,
2399 3044 2590 3136 quod
2631 3045 2961 3117 creatoris
3005 3045 3434 3120 offendamus

615 3170 828 3241 nostri
854 3170 1318 3260 clementiam,
1348 3179 1417 3241 et
1445 3170 1703 3241 doloris
1725 3169 2151 3241 immensitas
2184 3169 2255 3238 in
2288 3169 2491 3240 nobis
2518 3169 2876 3265 impediat,
2914 3170 3105 3262 quod
3136 3170 3434 3244 honores

613 3292 926 3364 conferre
953 3302 1186 3365 nostre
1220 3294 1521 3366 consorti
1551 3294 1923 3386 dignanter
1948 3291 2281 3386 expediat
2309 3302 2379 3363 et
2405 3293 2651 3365 deceat
2680 3271 3077 3365 reverenter
3113 3321 3130 3364 ε
3165 3318 3433 3390 preser-

618 3418 736 3489 tim
788 3418 952 3511 quia
993 3420 1314 3491 volumus
1353 3429 1435 3490 ut
1473 3428 1662 3490 tante
1702 3428 1937 3491 nostre
1981 3417 2337 3513 participis
2382 3419 2713 3490 memoria
2761 3418 2848 3489 sit
2884 3419 3175 3490 celebris
3224 3442 3435 3516 super

614 3552 867 3614 terram
889 3595 909 3632 ,
948 3542 1070 3613 tibi
1104 3542 1412 3614 districte
1445 3542 1864 3637 precipimus
1900 3551 2248 3634 quatenus
2279 3542 2427 3632 ejus
2465 3542 2800 3635 exequias
2831 3564 2958 3636 per
2986 3552 3197 3615 totam
3225 3545 3434 3637 juris·

616 3665 990 3739 dictionem
1033 3677 1222 3738 tuam
1260 3668 1352 3739 ab
1390 3667 1704 3760 undique
1751 3670 2062 3739 locorum
2110 3667 2558 3760 degentibuS‚
2605 3668 2933 3762 precipue
2980 3690 3022 3739 a
3067 3668 3334 3740 clericis
3366 3678 3436 3739 et

612 3792 885 3886 populis
911 3791 1269 3864 civitatum
1284 3846 1304 3883 ,
1332 3792 1687 3886 campanis
1707 3812 1847 3884 quo
1871 3790 2071 3863 decet
2097 3791 2361 3863 honore
2385 3792 2698 3886 pulsatis,
2721 3792 3203 3864 universaliter
3229 3791 3439 3862 facias

613 3915 982 4003 celebrari,
1016 3925 1096 3988 ut
1122 3916 1415 4010 quilibet
1463 3915 1534 3987 in
1576 3915 1882 3987 ecclesiis
1920 3916 2319 4008 congregati
2356 3926 2648 4008 auguste
2681 3916 2981 3987 animam
3004 3968 3023 4004 ,
3060 3914 3181 4006 qui
3208 3914 3433 3986 aufert

534 4009 545 4026 ⁶
612 4038 928 4132 spiritum
954 4040 1099 4111 Deo
1120 4040 1283 4111 vivo
1311 4039 1702 4135 specialiter
1722 4039 2294 4112 recommendent
2322 4070 2338 4112 ε
2373 4061 2629 4112 cavens
2657 4060 2746 4109 ne
2778 4038 2941 4110 inde
2968 4037 3159 4110 aliud
3186 4035 3426 4131 facias,

614 4161 787 4233 sicut
821 4171 1058 4234 nostre
1092 4151 1586 4254 indignationis
1620 4164 1938 4235 aculeum
1971 4186 2112 4237 non
2141 4163 2491 4237 incurrere
2521 4160 2930 4258 concupisti.

686 4469 757 4541 (⁴)
794 4469 982 4526 Menae
1011 4467 1315 4525 decembris
1349 4468 1664 4543 imperatrix
1699 4469 1845 4543 apud
1881 4469 2101 4544 Fogiam
2128 4468 2263 4526 obiit
2293 4475 2349 4526 et
2388 4470 2531 4543 apud
2568 4469 2827 4527 Andriam
2864 4468 3145 4545 sepelitur.
3184 4470 3333 4526 nico.
3373 4468 3442 4525 de

616 4562 678 4621 S.
709 4566 887 4624 Germ.
921 4565 1174 4626 euronio.
1205 4567 1276 4625 ad
1304 4582 1458 4638 anu„
1492 4582 1583 4641 ap.
1609 4568 1929 4638 Mum-roa„
1956 4568 2254 4641 Scriptor„
2284 4572 2324 4622 t.
2355 4567 2468 4638 vn,
2498 4584 2554 4641 p.
2585 4567 2748 4623 ⁴0⁴8.

3541 1644 3558 1694 1
3568 1642 3794 1686 Decembri

3556 1700 3776 1747 mantea
