4364 5738
976 619 1050 679 lo
1963 624 2389 685 FRIDERICI
2440 622 2784 683 SECUNDI
3393 622 3557 700 [Ass.
3595 620 3775 681 1241.

2955 896 3349 906 ——.

575 1095 619 1137 1·
640 1093 905 1139 decembris.

1077 1149 1377 1232 Scabini
1423 1161 1498 1234 et
1552 1149 2000 1233 universitas
2058 1149 2378 1233 civitatis
2417 1149 2792 1258 Aquensis
2837 1174 3014 1231 cum
3067 1147 3456 1231 Willelmo
3508 1144 3784 1229 comite

967 1281 1367 1365 Juliacensi
1425 1284 1882 1367 conveniunt
1940 1283 2149 1392 quod
2197 1282 2398 1365 idem
2465 1309 2719 1365 comes
2782 1281 2966 1390 ipsis
3029 1282 3216 1364 feret
3279 1280 3647 1363 auxilium
3705 1288 3779 1361 et

966 1414 1109 1522 ipsi
1147 1442 1188 1497 e
1222 1442 1585 1498 converso
1621 1416 1867 1498 eidem
1902 1442 2078 1497 cum
2116 1416 2325 1499 omni
2361 1416 2695 1524 potentia
2731 1441 2902 1519 sua,
2933 1415 3014 1494 in
3063 1414 3452 1497 servitium
3503 1412 3780 1493 Fride-

963 1545 1098 1627 rici
1136 1546 1653 1630 Romanorum
1689 1548 2165 1656 imperatoris
2204 1562 2276 1630 et
2316 1548 2641 1631 Conradi
2677 1547 2813 1628 filii
2851 1546 3043 1657 ejus,

1126 1758 1328 1839 (mid.
1361 1761 1744 1841 LAcomsz,
1783 1757 2152 1823 Urkundenb.
2175 1760 2295 1841 fiir
2320 1760 2411 1822 die
2446 1759 2641 1823 Gesclz.
2681 1758 2777 1821 des
2803 1758 3132 1834 madert-12„
3162 1779 3276 1821 zw.
3308 1761 3496 1832 band,
3539 1777 3596 1837 p.
3638 1766 3772 1833 13⁴,

1202 1877 1267 1927 η’
1302 1867 1469 1946 260.)
2573 1860 2604 1881 ‘⁶'

1056 2056 1405 2127 Universis
1432 2057 1677 2128 Christi
1707 2066 1778 2128 et
1805 2055 2074 2151 imperii
2091 2054 2411 2128 fidelibus
2445 2056 2577 2127 hoc
2609 2055 2940 2150 scriptum
2976 2054 3404 2125 intuentibus
3434 2052 3779 2125 Iohannes

958 2180 1323 2271 scultetus,
1362 2180 1747 2252 Willelmus
1775 2180 2190 2271 advocatuS,
2229 2178 2491 2251 scabini
2527 2188 2597 2250 et
2632 2178 3044 2250 universitas
3076 2177 3370 2249 civitatis
3407 2175 3771 2269 Aquensis,

954 2303 1205 2374 Notum
1239 2324 1390 2375 esse
1422 2305 1739 2399 cupimus
1775 2304 1967 2396 quod
2006 2325 2167 2375 cum
2213 2303 2498 2375 domino
2531 2302 2877 2373 Willelmo
2913 2302 3163 2373 comite
3201 2300 3569 2373 Juliacensi
3601 2320 3777 2371 una-

954 2426 1121 2496 nimi
1167 2448 1510 2498 consensu
1565 2428 2017 2500 convenimus
2062 2427 2194 2497 sub
2241 2426 2361 2497 tali
2405 2425 2863 2496 conventione
2905 2424 3096 2518 quod
3140 2424 3286 2519 ipse
3338 2444 3571 2495 comes
3620 2445 3778 2494 cum

955 2549 1146 2619 omni
1178 2571 1302 2619 sua
1333 2552 1642 2643 potentia
1668 2550 1951 2621 domino
1981 2560 2219 2620 nostro
2251 2548 2599 2620 Friderico
2632 2548 3122 2641 gloriosissimo
3147 2550 3613 2620 Romanorum
3645 2547 3775 2618 im·

953 2672 1256 2765 peratori
1281 2671 1561 2765 filioque
1595 2675 1746 2765 ejus
1774 2673 2056 2745 domino
2082 2673 2394 2745 Conrado
2416 2674 2883 2745 Romanorum
2921 2673 2990 2743 in
3018 2695 3253 2766 regem
3283 2674 3504 2743 electo
3535 2681 3774 2743 contra

953 2795 1333 2887 quemlibet
1359 2797 1710 2869 hominem
1737 2796 1995 2868 serviet
2022 2807 2090 2867 et
2121 2796 2322 2868 nobis
2355 2798 2529 2868 feret
2555 2797 2892 2867 auxilium
2921 2796 3013 2868 ad
3040 2796 3379 2867 honorem
3410 2795 3679 2889 imperii
3708 2803 3777 2865 et

954 2916 1250 2990 civitatis
1279 2918 1655 3012 AquensiS,
1693 2941 1853 2991 cum
1897 2940 1940 2991 a
1985 2919 2185 2989 nobis
2226 2920 2433 2990 fuerit
2472 2919 2878 3014 requisitus3
2919 2940 3047 2990 nos
3085 2928 3317 2990 autem
3356 2941 3395 2990 e
3433 2918 3775 2991 contrario

953 3040 1046 3114 ad
1072 3040 1260 3113 idem
1290 3043 1422 3136 ipsi
1448 3064 1607 3114 cum
1635 3044 1824 3115 omni
1855 3053 2087 3115 nostra
2117 3042 2430 3136 potentia
2456 3043 2757 3114 feremus
2784 3042 3151 3132 auxilium,
3170 3065 3330 3114 cum
3355 3042 3610 3136 abipso
3631 3043 3775 3113 fue-

954 3164 1169 3237 rimus
1181 3166 1516 3258 requisiti.
1537 3168 1622 3239 Et
1643 3168 1714 3238 in
1738 3168 2061 3239 omnibus
2093 3166 2222 3237 hiis
2250 3167 2343 3238 ita
2371 3188 2531 3238 cum
2558 3168 2710 3261 ipso
2740 3167 3090 3258 conjuncti
3121 3190 3359 3239 sumus
3381 3177 3452 3238 et
3477 3166 3775 3238 invicem

953 3287 1379 3360 confederati
1408 3290 1597 3381 quod
1624 3298 1775 3362 tam
1809 3291 1956 3385 ipse
1988 3312 2030 3362 a
2062 3290 2265 3361 nobis
2295 3312 2504 3382 quam
2536 3312 2666 3361 nos
2697 3291 2787 3361 ab
2820 3291 2970 3386 ipso
3004 3291 3397 3362 nullatenus
3438 3291 3774 3362 dissolve-

955 3432 1147 3503 mur,
1173 3411 1298 3484 sed
1324 3413 1513 3506 quod
1541 3414 1615 3485 in
1647 3414 1780 3486 hoc
1813 3414 2110 3496 intendit
2134 3414 2449 3506 negotiO,
2484 3424 2719 3486 nostro
2747 3414 2953 3485 faciet
2977 3415 3263 3485 consilio
3289 3423 3359 3486 et
3385 3435 3512 3485 nos
3542 3435 3580 3484 e
3603 3435 3771 3486 con·

953 3555 1157 3607 verso
1198 3557 1355 3606 cum
1399 3537 1547 3631 ipso
1590 3547 1661 3610 et
1704 3560 1831 3610 suo
1874 3538 2186 3610 consilio.
2224 3536 2512 3630 Propter
2549 3536 2737 3609 hunc
2781 3547 3012 3609 autem
3061 3536 3410 3609 fidelitatis
3454 3536 3774 3608 affectum

953 3659 1217 3754 recepit
1246 3659 1337 3732 ab
1369 3660 1659 3755 imperio
1690 3661 1783 3734 ad
1814 3660 2450 3754 augmentationem
2489 3661 2595 3730 sui
2628 3661 2813 3733 feodi
2845 3661 3257 3754 quingentas
3283 3681 3553 3732 marcas
3582 3660 3775 3732 Colo·

948 3782 1289 3855 niensium
1323 3784 1793 3878 denariorum,
1832 3807 2006 3879 quas
2033 3808 2192 3857 cum
2226 3784 2597 3878 requisitus
2638 3786 2846 3857 fuerit
2888 3784 3415 3857 demonstrabit.
3448 3785 3525 3855 In
3572 3784 3769 3875 cujus

950 3905 1053 3977 rei
1098 3906 1608 3980 firmamentum
1651 3930 1938 4004 presens
1984 3908 2315 4003 scriptum
2356 3917 2496 3979 tam
2539 3908 2763 4000 sigillo
2803 3908 3100 3980 civitatis
3139 3929 3350 4002 quam
3389 3904 3660 3978 sculteti
3702 3914 3773 3976 et

950 4029 1271 4102 advocati
1287 4031 1634 4125 Aquensis
1661 4033 1793 4127 ipsi
1811 4032 2157 4121 dedimuS,
2178 4041 2250 4102 et
2275 4031 2422 4126 ipse
2456 4031 2768 4103 similiter
2797 4031 2995 4104 nobis
3027 4053 3188 4104 suas
3218 4032 3477 4103 litteras
3506 4029 3774 4120 sigilla-

958 4162 1061 4224 tas
1093 4175 1303 4247 super
1330 4155 1577 4229 eodem
1607 4157 1891 4230 tradidit
1919 4154 2398 4227 reservandas.

1048 4277 1222 4350 Acta
1252 4299 1418 4351 vero
1450 4289 1615 4353 sunt
1648 4281 1779 4354 hec
1810 4282 1883 4352 in
1915 4278 2215 4352 crastino
2249 4277 2529 4351 Andree
2558 4280 2881 4375 apostoli,
2912 4300 3097 4356 anno
3125 4278 3398 4351 Domini
3429 4275 3762 4350 MCCXLI.
