4364 5738
611 515 814 573 lamet.
845 508 938 586 3.]
1520 502 1912 598 HISTORIA
1966 504 2562 569 mPLOMA'rch.
3323 517 3445 600 255

611 656 686 719 et
711 647 979 717 sincere
998 638 1384 714 dilectionis
1405 638 1754 710 affectum.
1781 639 1938 711 Vox
1965 640 2036 710 in
2065 641 2327 715 Rhama
2350 644 2587 716 audita
2618 653 2748 736 est,
2772 647 3082 740 ploratus
3118 658 3188 721 et
3213 654 3442 726 ulula-

612 778 725 840 tus
754 767 1039 857 multus,
1065 785 1212 837 vox
1232 763 1348 835 illa
1379 784 1590 857 quam
1623 774 1857 834 nostre
1886 785 2179 858 presaga
2216 767 2482 839 tristitie
2513 769 2695 839 fama
2723 772 3127 865 pretulerat,
3152 796 3298 847 vox
3325 778 3443 849 illa

610 914 823 985 quam
853 911 1079 986 nuper
1104 888 1397 962 adverse
1430 888 1705 958 fortune
1739 888 2123 981 proprietas
2160 911 2299 982 que
2330 912 2691 984 nunquam
2731 893 2923 963 venit
2957 896 3105 966 sola
3138 901 3443 971 mortali-

606 1017 775 1106 bus,
811 1014 1066 1087 nostris
1101 1011 1452 1085 auditibus
1484 1011 1899 1103 repromisit.
1941 1014 2248 1085 Fuerunt
2278 1036 2532 1108 nempe
2570 1018 2981 1110 quamplura
3014 1025 3439 1114 tempestatis

608 1140 838 1214 future
861 1138 1196 1226 tonitrua;
1217 1136 1289 1205 in
1313 1134 1604 1212 circuitu
1624 1133 2051 1206 Hierusalem
2074 1146 2176 1208 tot
2198 1136 2443 1209 Christi
2470 1136 2781 1209 fidelium
2805 1152 3091 1212 cruenta
3110 1144 3432 1236 perditio,

607 1262 821 1358 ipsius
851 1259 1202 1356 sepulchri
1232 1257 1558 1330 dominIci
1584 1259 1898 1330 luctuosa
1922 1258 2285 1353 dispersi0,
2314 1262 2663 1354 postremo
2691 1262 2944 1334 nostris
2969 1265 3436 1340 abominanda

610 1385 1035 1481 temporibus
1068 1391 1306 1453 sancte
1338 1381 1714 1453 destructio
1743 1382 2039 1454 civitatis
2068 1385 2578 1456 coruscationes
2607 1384 3003 1477 hujusmodi
3042 1409 3183 1460 non
3214 1391 3286 1460 in
3319 1413 3433 1463 ro-

605 1530 751 1580 rem
783 1518 855 1580 et
874 1509 1170 1579 imbrem
1191 1515 1498 1593 tenuem,
1521 1505 1646 1576 sed
1670 1505 1740 1575 in
1766 1507 2177 1580 calamitatis
2201 1518 2434 1579 nostre
2459 1509 2797 1580 diluvium
2821 1510 2950 1581 celi
2976 1512 3278 1585 nubibus
3307 1536 3434 1586 ex-

602 1633 858 1726 posuit.
895 1633 1074 1702 Dum
1102 1630 1288 1701 enim
1317 1629 1410 1700 ad
1437 1628 1934 1722 vindicandum
1969 1641 2161 1702 tante
2196 1633 2620 1704 confusionis
2656 1634 2977 1726 injuriam
3008 1635 3432 1719 christicolas

603 1757 694 1828 de
730 1754 1299 1827 Choerminorum
1327 1752 1526 1824 clade
1554 1753 1870 1824 residuos
1912 1776 2109 1827 amor
2138 1764 2211 1826 et
2240 1756 2551 1827 debitum
2587 1756 2750 1829 fidei
2783 1771 3265 1852 provocarent,
3302 1765 3431 1835 etsi

600 1877 946 1974 reparatio
974 1877 1143 1947 tanti
1171 1875 1435 1948 dissidii
1465 1875 1642 1946 sicut
1658 1877 2001 1966 majorum
2024 1878 2338 1967 consilia,
2364 1882 2461 1951 sic
2485 1881 2856 1952 remotiora
2883 1884 3201 1976 suffragia
3231 1886 3426 1978 flagi-

601 2010 805 2091 taret,
847 2001 918 2070 in
952 2008 1221 2071 tantum
1260 2009 1490 2069 tamen
1518 1997 1910 2092 patriarcha
1936 1999 2627 2094 HierosolymitanuS,
2652 2002 2821 2073 dum
2852 2004 2942 2075 ad
2972 2018 3244 2099 sperate
3276 2009 3423 2079 vic·

601 2125 775 2199 torie
801 2123 1090 2215 gloriam
1120 2129 1559 2215 exspectaret
1584 2131 1655 2193 et
1675 2121 2011 2213 collegam
2031 2131 2155 2192 aut
2179 2122 2562 2218 principem
2589 2125 2802 2195 alium
2827 2126 3111 2196 forsitan
3140 2139 3421 2222 reputa·

598 2256 705 2319 ret
726 2247 1115 2338 indignum,
1154 2247 1376 2316 factus
1403 2244 1628 2315 crucis
1656 2243 2003 2315 dominice
2030 2244 2450 2337 predicator,
2472 2246 2904 2317 audientium
2931 2270 3132 2320 sevos
3154 2252 3422 2325 animos

596 2372 846 2443 extulit
885 2381 956 2442 et
989 2372 1216 2441 zelum
1249 2368 1636 2462 improvide
1679 2367 2070 2439 devotionis
2109 2369 2433 2440 accendit
2473 2381 2553 2440 ut
2587 2371 2779 2441 nulla
2822 2373 3183 2466 temporis,
3230 2376 3420 2469 quod

595 2495 897 2567 maxime
944 2493 1196 2564 bellica
1241 2493 1401 2583 jura
1453 2491 1891 2579 desiderant,
1947 2492 2462 2585 opportunitate
2516 2502 2826 2586 captata,
2883 2496 3188 2567 secunda
3246 2499 3418 2572 feria

593 2629 754 2690 ante
786 2620 1038 2690 festum
1071 2615 1292 2687 sancti
1322 2616 1504 2686 Luce
1529 2615 1954 2706 evangeliste
1976 2612 2080 2710 (t)
2107 2613 2522 2685 christianus
2554 2616 2929 2705 exercitus,
2958 2619 3164 2689 totius
3193 2623 3415 2693 ultra-

594 2743 934 2814 marinum
954 2740 1196 2811 militie
1220 2738 1458 2828 robur,
1472 2737 1544 2807 in
1561 2736 2009 2809 Choerminos
2031 2737 2337 2829 prefatos
2350 2737 2545 2807 velut
2562 2736 2661 2807 rei
2680 2739 2983 2831 prescios
3003 2740 3095 2811 ad
3114 2744 3408 2835 prelium

547 2924 550 2925 ν
591 2875 994 2962 preparatos
1028 2864 1128 2936 sic
1165 2861 1432 2935 infestis
1467 2859 1790 2956 auspiciis
1830 2859 2142 2931 irruisset
2187 2858 2377 2952 quod
2410 2859 2535 2930 vix
2572 2859 2662 2931 de
2698 2863 3168 2954 pugnantibus
3199 2867 3413 2961 aliqui

590 2990 830 3062 mortis
855 2998 978 3060 aut
1004 2987 1298 3058 carceris
1326 2985 1616 3057 exitium
1648 2994 2045 3058 evaserunt.
2079 2982 2428 3054 Liberavit
2454 2994 2931 3055 verumtamen
2959 2987 3254 3081 aliquos,
3286 2992 3411 3063 sed

587 3112 793 3185 valde
812 3128 1196 3204 perpaucos
1215 3109 1376 3200 fuge
1401 3107 1813 3197 subsidium,
1845 3127 2023 3200 quos
2048 3107 2281 3177 forsan
2301 3105 2392 3177 ad
2412 3106 2678 3178 medios
2705 3130 2926 3202 usque
2950 3114 3408 3203 pugnantium

586 3234 916 3329 strepitus
952 3241 1023 3304 et
1057 3230 1573 3323 confligentium
1614 3230 1791 3300 ictus
1826 3228 2117 3299 audacia
2149 3250 2292 3300 non
2330 3230 2685 3323 perduxit.
2732 3232 2840 3302 Ex
2872 3236 3193 3307 omnibus
3228 3247 3406 3311 terre

584 3359 963 3431 baronibus
987 3366 1059 3428 et
1079 3355 1276 3447 regni
1295 3353 1896 3447 Hierosolymitani
1915 3353 2276 3443 militibus,
2305 3363 2447 3426 toto
2470 3364 2817 3426 conventu
2841 3358 3080 3430 militie
3108 3362 3399 3456 Templi,

585 3481 911 3556 trecentis
933 3480 1261 3553 videlicet
1281 3477 1704 3548 fratribus'et
1719 3476 2037 3547 ducentis
2054 3477 2529 3571 Hospitalariis
2547 3478 2779 3548 Sancti
2793 3479 3125 3552 Iohannis
3147 3504 3229 3554 ac
3259 3495 3403 3557 toto

583 3629 784 3702 posse
810 3607 1061 3678 Sancte
1091 3602 1304 3675 Maria
1333 3598 1914 3672 Teutbonicorum
1933 3651 1952 3688 ,
1987 3620 2196 3670 nemo
2233 3599 2367 3671 nisi
2399 3599 2788 3696 patriarcha
2820 3603 3129 3711 prefatus
3163 3617 3235 3677 et
3272 3608 3400 3679 do-

581 3732 811 3804 minus
846 3730 936 3803 de
977 3725 1374 3800 Monteforti
1401 3724 1522 3817 qui
1561 3723 1757 3815 regni
1783 3722 2127 3794 vexillifer
2162 3725 2389 3795 fuerat
2427 3734 2497 3796 et
2532 3725 3057 3817 antesignanus,
3101 3740 3401 3820 quatuor

579 3854 832 3925 milites
877 3860 950 3923 et
996 3847 1392 3945 paucissimi
1436 3845 1817 3919 servientes
1867 3844 2273 3941 Templarii,
2328 3845 2765 3941 Hospitalarii
2814 3869 2979 3918 vero
3034 3849 3275 3921 decem
3329 3864 3400 3925 et

578 3998 832 4050 novem
868 3984 941 4046 et
984 3974 1074 4047 de
1119 3972 1446 4045 fratribus
1494 3968 2073 4041 Teuthonicorum
2109 3977 2248 4040 tres
2298 3970 2775 4041 tantummodo
2825 3971 3203 4044 servientes
3255 3975 3409 4058 for<

580 4112 744 4172 tune
792 4100 908 4173 vel
954 4099 1116 4190 fuge
1165 4094 1511 4185 subsidio,
1561 4092 1734 4189 proh
1780 4089 2018 4166 dolori
2082 4093 2475 4181 redierunt3
2526 4093 2691 4165 viris
2739 4094 3021 4165 famosis
3069 4096 3395 4195 episcopo

647 4423 716 4498 (t)
754 4422 963 4480 Scilicet
993 4425 1059 4477 48
1090 4421 1325 4480 octobris
1362 4421 1522 4479 4244.
1551 4419 1628 4475 De
1655 4418 1759 4474 ista
1788 4415 2200 4474 christianorum
2229 4413 2405 4485 clade,
2435 4414 2511 4471 cf.
2540 4414 2819 4488 epistolam
2851 4416 3120 4475 Guillelmi
3147 4418 3216 4478 de
3243 4421 3388 4481 Cas-

575 4528 830 4591 tronovo,
861 4518 1102 4592 magistri
1140 4518 1415 4592 hospitalis
1449 4514 1775 4584 Jerusalem,
1808 4528 1907 4569 nec
1939 4528 2048 4569 non
2085 4511 2289 4569 litteras
2324 4512 2688 4584 praelatorum
2724 4510 2923 4570 Terrae
2957 4515 3194 4575 Sanctae
3230 4517 3390 4578 datas

572 4620 718 4693 apud
743 4618 915 4690 Aaou,
941 4619 1012 4674 25
1035 4616 1358 4687 novembris,
1386 4630 1480 4688 ap.
1509 4615 1689 4672 lla-rr.
1715 4613 1930 4683 Panis„
1955 4610 2105 4666 Hist.
2129 4609 2266 4682 mnj.
2298 4609 2540 4683 Anqlor„
2576 4627 2629 4684 p.
2664 4611 2767 4670 420
2796 4618 2854 4669 et
2885 4613 3008 4668 427.
