4364 5738
575 586 781 648 lamet.
809 586 907 663 4.]
1475 580 1876 643 HISTORIA
1925 579 2517 644 nlpnoumlca,
3286 592 3409 654 ⁴05

576 742 863 817 quoque
896 718 1296 793 reddituum
1315 773 1334 811 ,
1367 718 1460 791 de
1494 718 1749 810 quibus
1779 716 2216 812 proditorum
2250 725 2645 788 nostrorum
2679 718 3012 812 iniquitas
3040 743 3161 796 eos
3196 747 3407 822 prop-

576 852 688 918 ter
716 845 1051 917 offensam
1097 851 1344 938 sponte
1375 841 1725 930 destituit,
1769 851 1842 912 et
1880 840 2136 933 quibus
2179 839 2464 912 eosdem
2509 840 2887 914 liberalitas
2924 855 3161 934 nostra
3200 850 3408 943 longe

577 970 858 1060 lateque
892 968 1272 1056 ditaverat,
1307 964 1810 1038 obventionum
1845 973 2245 1036 nostrarum
2277 963 2615 1035 adauctus
2647 974 2756 1036 est
2793 969 3147 1060 cumulus,
3179 993 3405 1064 quan·

578 1113 793 1186 qnam
831 1088 1019 1162 istud
1065 1089 1395 1162 acciderit
1434 1089 1635 1161 nobis
1681 1088 2143 1160 renitentibus
2182 1096 2257 1158 et
2288 1088 2548 1159 invitis.
2585 1089 2695 1160 Ex
2734 1111 2878 1182 quo
2913 1101 3142 1185 potest
3182 1096 3406 1167 mani-

577 1214 944 1287 festissime
996 1212 1496 1308 comprehendi
1538 1212 1730 1306 quod
1779 1233 2034 1304 magna
2079 1210 2601 1304 querendorum
2650 1222 2720 1285 et
2761 1215 2953 1306 larga
3003 1217 3399 1311 promissio,

576 1360 707 1434 per
742 1338 1099 1433 publicum
1139 1335 1618 1409 adversarium
1661 1345 1977 1407 nostrum
2020 1335 2203 1406 facta
2243 1333 2714 1429 proditoribus
2762 1337 3128 1410 antedictis
3145 1392 3167 1430 ,
3216 1341 3407 1435 ipsos

577 1460 670 1532 ad
706 1461 1119 1538 dimittenda
1169 1460 1439 1553 quesita
1459 1512 1478 1550 ,
1532 1459 1697 1530 licet
1735 1458 2068 1547 inaniter,
2116 1458 2548 1553 provocavit.
2593 1459 2803 1550 Cujus
2846 1461 3226 1534 adversarii
3275 1487 3405 1538 no·

576 1604 740 1655 men
782 1594 855 1655 et
892 1585 1170 1655 titulum
1206 1582 1660 1655 libentissime
1706 1591 2134 1672 taceremus,
2189 1581 2324 1654 nisi
2379 1582 2567 1674 quod
2615 1605 2764 1655 vox
2808 1584 3087 1679 publica
3142 1586 3406 1681 detegit

577 1715 650 1777 et
698 1706 1046 1778 evidentia
1096 1707 1432 1778 factorum
1481 1715 1761 1778 accusat
1807 1726 2018 1798 quem
2067 1725 2200 1775 nos
2251 1705 2718 1777 taciturnitate
2775 1716 3010 1779 nostra
3065 1701 3420 1783 vellemus

575 1829 905 1922 obtegere
954 1851 1079 1901 seu
1123 1831 1500 1903 verborum
1551 1828 1929 1901 involucris
1984 1849 2348 1919 excusare.
2409 1829 2663 1901 Prefati
2716 1851 3020 1925 namque
3079 1832 3404 1907 facinoris

575 1962 997 2048 patratores,
1031 1961 1174 2025 tam
1205 1952 1477 2044 fugitivi
1511 1951 1841 2023 videlicet
1878 1972 2091 2044 quam
2130 1951 2392 2023 obsessi
2410 2004 2430 2040 ,
2472 1952 2760 2023 fratrum
2793 1953 3135 2026 Minorum
3167 1956 3402 2051 stipati

574 2076 959 2166 consortio,
1014 2074 1238 2147 crucis
1284 2075 1376 2145 ab
1412 2074 1514 2145 eis
1553 2083 1797 2146 contra
1833 2095 1962 2145 nos
2004 2074 2203 2165 signo
2241 2085 2523 2169 recepto
2539 2126 2558 2164 ,
2611 2074 3102 2148 authoritatem
3148 2080 3400 2151 summi

573 2198 917 2294 pontificis
948 2220 1077 2294 per
1103 2197 1538 2293 Apostolicas
1566 2197 1802 2268 literas
1834 2197 2358 2292 pretendentes,
2392 2198 2759 2290 negocium
2789 2209 3028 2292 aperte
3052 2221 3128 2271 se
3155 2222 3399 2293 gerere

573 2333 1011 2395 sacrosancte
1068 2324 1376 2397 Romane
1435 2321 1676 2394 matris
1730 2321 2040 2393 Ecclesie
2093 2320 2459 2416 predicant
2522 2331 2595 2392 et
2660 2322 2971 2416 predicte
3025 2325 3269 2396 mortis
3329 2337 3402 2398 et

572 2444 1187 2518 exhereditationis
1232 2454 1472 2518 nostre
1521 2466 1870 2516 summum
1926 2442 2327 2539 pontificem
2375 2454 2698 2516 asserunt
2739 2445 3192 2518 incentorem.
3252 2448 3399 2521 Hoc

571 2567 800 2662 ips'um
830 2568 1087 2664 captivi
1134 2569 1417 2663 prefati,
1454 2589 1640 2661 quos
1670 2567 1741 2639 in
1780 2568 2302 2663 expugnatione
2348 2569 2556 2640 castri
2599 2570 2797 2640 Scale
2835 2581 3232 2641 nostrorum
3270 2570 3395 2643 de·

570 2692 760 2764 votio
795 2703 1113 2787 prompta
1140 2690 1451 2764 fidelium
1479 2693 1740 2763 carceri
1766 2691 2219 2787 mancipavit,
2248 2691 2322 2762 in
2356 2702 2738 2786 spontanea
2775 2701 2846 2764 et
2874 2701 3186 2764 extrema
3222 2714 3394 2767 con-

570 2813 868 2887 fessione
898 2837 1051 2906 sua,
1075 2838 1293 2910 quum
1321 2816 1599 2888 mentiri
1630 2815 1968 2888 nefarium
2002 2815 2326 2888 estimant
2350 2816 2750 2908 morienteS,
2779 2836 3013 2888 coram
3041 2817 3389 2910 omnibus,

571 2937 746 3030 proh
786 2938 1041 3032 pudor,
1078 2950 1245 3011 sunt
1281 2939 1605 3011 confessi.
1641 2939 2170 3027 Bambergensis
2211 2938 2420 3010 etiam
2465 2939 2832 3034 episcopus
2867 2938 2999 3035 (a),
3040 2961 3201 3011 cum
3237 2950 3396 3034 post

568 3062 890 3131 venalem
926 3062 1515 3134 consecrationem
1557 3083 1753 3134 suam
1772 3116 1792 3152 ,
1824 3073 2158 3135 cornutus
2188 3084 2228 3132 a
2263 3063 2454 3134 curia
2484 3063 2796 3134 Romana
2835 3062 3127 3153 rediret,
3163 3063 3390 3158 prius·

570 3203 783 3275 quam
811 3204 853 3254 a
884 3184 1138 3255 nostris
1173 3182 1494 3256 fidelibus
1539 3185 1611 3257 in
1653 3186 1985 3258 Teutonia
2017 3188 2115 3281 (b)
2154 3196 2547 3281 caperetur,
2596 3187 2905 3258 futurum
2945 3185 3393 3260 infallibiliter

571 3305 850 3401 publice
885 3306 1274 3401 predicavit
1312 3308 1503 3400 quod
1549 3329 1677 3380 nos
1724 3309 1902 3380 infra
1954 3310 2166 3381 breve
2215 3321 2490 3404 tempus
2532 3332 2658 3404 per
2700 3311 3074 3383 familiares
3119 3319 3393 3385 nostros

571 3438 783 3523 atque
829 3429 1246 3503 domesticos
1291 3431 1517 3503 occidi
1576 3442 1803 3504 morte
1856 3431 2253 3527 turpissima
2299 3431 2742 3503 deberemus.
2800 3434 2946 3504 Hoc
2989 3453 3119 3504 nos
3137 3486 3157 3522 ,
3214 3440 3389 3506 teste

570 3573 898 3648 supremo
930 3554 1204 3645 judice,
1248 3576 1409 3627 cum
1450 3556 1874 3628 verecundia
1921 3546 2296 3647 loquimur,
2336 3556 2535 3626 velut
2575 3555 2697 3648 qui
2741 3575 3102 3645 nunquam
3139 3552 3389 3627 diebus

567 3678 822 3749 nostris
847 3679 1074 3749 scelus
1107 3677 1507 3770 hujusmodi
1531 3678 1772 3750 videre
1800 3678 2222 3750 credidimus
2247 3698 2380 3749 nec
2404 3676 2681 3766 audire,
2712 3676 2902 3768 quod
2940 3697 3114 3767 gens
3152 3685 3388 3747 nostra

567 3807 642 3870 et
692 3798 1055 3894 pontifices
1095 3800 1315 3872 nostri
1363 3808 1506 3872 tam
1554 3800 1818 3872 crudeli
1865 3801 2072 3873 morti
2111 3800 2387 3871 tradere
2433 3821 2565 3871 nos
2607 3798 2930 3892 nequiter
2972 3797 3379 3870 voluissent.

568 3920 808 3996 Abfuit
829 3925 1017 3995 enim
1044 3945 1086 3996 a
1109 3923 1312 3995 nobis
1340 3945 1616 4019 semper
1637 3923 1776 3995 huc
1804 3919 2053 4017 u'sque,
2085 3924 2284 3996 novit
2302 3922 2719 4012 Altissimns,
2751 3919 3172 3993 abominatio
3200 3919 3384 4010 talis,

568 4046 760 4139 quod
798 4048 1006 4119 etiam
1046 4057 1210 4141 post
1244 4047 1716 4119 voluntarium
1755 4058 1827 4119 et
1873 4047 2191 4141 iniquum
2234 4046 2433 4118 istius
2474 4067 2656 4141 pape
2693 4064 3096 4139 processum
3144 4050 3385 4115 contra

654 4255 737 4334 (a)
781 4257 855 4317 In
882 4259 1169 4335 impresso
1194 4256 1469 4343 Barerm‘s
1493 4255 1977 4339 archiepiscopus,
2009 4264 2070 4320 et
2093 4260 2158 4319 in
2194 4257 2327 4319 cod.
2373 4266 2488 4319 202
2525 4255 2817 4317 Sar-emis.
2859 4255 3197 4316 Lectionem
3234 4270 3386 4334 quae

569 4360 728 4437 apud
752 4361 925 4422 Matt.
952 4362 1142 4424 Paris.
1172 4365 1471 4423 invenitur
1496 4365 1712 4438 secuti,
1742 4367 1827 4423 ita
1853 4365 2217 4424 correximus
2245 4379 2385 4422 cum
2416 4362 2513 4422 hic
2540 4365 2638 4442 agi
2663 4362 2932 4423 videatur
2957 4361 3032 4422 de
3071 4363 3186 4422 isto
3210 4361 3382 4424 Hen-

568 4465 688 4525 rlco
726 4465 992 4542 partibus
1024 4468 1393 4544 imperatoris
1419 4470 1679 4544 primum
1705 4467 2129 4542 addictissimo,
2160 4466 2299 4528 Sodi
2327 4483 2467 4528 vero
2501 4466 2869 4544 Apostollcae
2900 4473 3035 4544 post
3072 4467 3384 4527 concillum

575 4562 972 4648 Lugdunenses
998 4572 1393 4633 reconciliato.
1425 4572 1512 4634 Cf.
1542 4589 1742 4649 supra,
1770 4590 1833 4650 p.
1872 4581 2011 4648 337,
2045 4578 2171 4633 not.
2216 4581 2268 4631 1.

648 4673 733 4755 (b)
774 4675 891 4755 Ap.
918 4677 1083 4739 Patr.
1111 4677 1191 4739 de
1210 4677 1357 4740 Vin.
1386 4684 1448 4739 et
1472 4680 1537 4739 in
1569 4677 1818 4740 codicib.
1855 4676 2132 4753 nascio,
2164 4680 2364 4740 minus
2390 4684 2567 4739 recte.
