4364 5738
545 586 750 644 tunm.
779 583 875 660 4.]
1443 551 1868 647 ΗιετοιιιΑ
1893 582 2487 648 υιΡιοΜΑτιεΑ.
3251 586 3365 648 421
3397 623 3400 626 ι

542 717 801 790 civium
826 718 1124 810 Mutule,
1156 719 1434 791 testium
1453 721 2027 817 subscriptorum,
2053 721 2245 815 quod
2266 742 2309 793 a
2327 721 2678 793 nobilibus
2696 719 2863 792 viris
2886 720 3188 800 dominis
3214 721 3367 793 Mu-

542 842 688 914 rico
721 841 812 914 de
840 842 1132 937 Siponto
1163 853 1239 915 et
1271 843 1640 917 Lamberto
1672 845 2047 918 Curniento
2084 845 2173 917 de
2205 845 2492 936 Barulo,
2527 844 2874 937 magistris
2902 845 3369 940 procuratori·

539 964 676 1037 bus
705 965 898 1037 curie
935 965 1011 1037 in
1033 965 1322 1062 Apulia,
1369 967 1637 1041 litteras
1665 989 1827 1041 cum
1860 971 2081 1041 forma
2124 968 2501 1064 imperialis
2529 967 2840 1039 mandati
2868 967 3256 1063 recepimus
3296 969 3371 1038 in
3410 1064 3417 1072 ,

540 1089 677 1163 hac
701 1092 924 1163 forma
956 1116 977 1162 ε

638 1215 969 1287 Prudenti
1000 1215 1155 1288 viro
1186 1215 1474 1289 domino
1508 1219 1717 1290 Leoni
1744 1219 1919 1289 Belli
1953 1219 2044 1291 de
2072 1219 2287 1309 Baro,
2325 1227 2495 1305 etc„
2531 1216 2836 1290 Muricus
2863 1215 2952 1287 de
2981 1216 3273 1310 Siponto
3299 1227 3373 1288 et

540 1336 950 1410 Lambertus
974 1339 1392 1412 Curnientus
1426 1340 1517 1413 de
1560 1342 1845 1432 Barolo,
1879 1353 2014 1414 etc.
2051 1342 2244 1413 Inter
2272 1341 2410 1412 alia
2450 1341 2752 1435 capitula
2788 1360 2924 1433 que
2972 1339 3371 1411 transmisse

541 1461 743 1533 nobis
768 1483 997 1557 nuper
1012 1466 1449 1560 responsales
1479 1465 1875 1561 imperiales
1908 1466 2132 1538 littere
2167 1463 2552 1554 continent,
2577 1485 2788 1559 super
2804 1464 3039 1536 Casale
3061 1464 3368 1560 Ruptum

542 1585 734 1680 quod
764 1584 1083 1658 Andreas
1112 1587 1201 1658 de
1238 1585 1418 1661 Cicla
1444 1586 1547 1686 (a)
1580 1589 1804 1660 tenuit
1828 1610 1871 1661 a
1909 1589 2331 1661 monasterio
2359 1589 2649 1661 Cavensi
2681 1588 3071 1683 recepimus
3099 1589 3368 1684 capitu-

542 1710 688 1780 lum
716 1709 791 1780 in
818 1706 954 1780 bac
981 1710 1202 1782 forma
1234 1731 1255 1778 t

637 1831 840 1918 Quod
867 1832 927 1903 si
961 1843 1350 1906 conventus
1385 1835 1714 1907 Cavensis
1740 1836 2036 1931 predicti
2068 1835 2400 1909 cavensis
2435 1835 2876 1925 monasterii,
2906 1855 3036 1930 pro
3062 1855 3146 1907 eo
3174 1833 3364 1930 quod

540 1955 760 2028 abbas
787 1957 989 2028 abest
1027 1958 1289 2040 servitii
1327 1960 1544 2030 nostri
1576 1979 1814 2048 causa,
1850 1969 2219 2032 contentus
2251 1959 2459 2029 fuerit
2489 1980 2705 2029 censu
2740 1980 2950 2052 quem
2994 1959 3182 2030 idem
3219 1957 3365 2030 An·

540 2079 747 2153 dreas
769 2082 860 2154 de
886 2081 1126 2154 Casale
1155 2084 1385 2177 Rupto
1417 2081 1731 2177 predicto
1762 2082 1991 2156 eidem
2024 2082 2445 2154 monasterio
2475 2081 2834 2152 annuatim
2862 2082 3136 2154 solvere
3179 2093 3368 2155 tene-

542 2206 774 2297 batur,
811 2206 942 2280 sibi
987 2208 1345 2280 annuatim
1375 2226 1504 2302 per
1543 2217 1851 2279 nostram
1888 2207 2154 2279 curiam
2199 2206 2699 2302 persolvendO,
2736 2207 2961 2277 casale
3003 2207 3229 2301 ipsum
3270 2208 3363 2279 ad

540 2349 717 2427 opus
737 2340 973 2403 nostre
994 2330 1185 2403 curie
1212 2331 1530 2423 teneatis,
1559 2328 1888 2409 facientes
1907 2331 2134 2427 ipsum
2155 2330 2248 2402 ad
2270 2351 2450 2425 opus
2473 2338 2710 2402 nostre
2735 2330 2928 2400 curie
2955 2350 3355 2425 procurare,

540 2454 863 2527 ordinato
894 2455 1085 2547 quod
1115 2455 1407 2551 predicti
1439 2476 1688 2526 census
1714 2456 2067 2548 quantitas
2093 2454 2451 2526 annuatim
2485 2452 2713 2525 eidem
2746 2455 3165 2527 monasterio
3201 2476 3360 2551 per·

541 2580 876 2652 solvatur.
913 2579 1280 2673 Alioquin,
1327 2576 1491 2672 quia
1528 2579 1716 2653 bona
1748 2580 2212 2652 ecclesiastica
2243 2579 2570 2651 nolumus
2605 2578 2840 2650 invitis
2889 2579 3199 2651 ecclesiis
3235 2603 3362 2674 per

543 2714 850 2776 nostram
907 2705 1173 2777 curiam
1224 2703 1522 2776 detineri
1543 2758 1564 2796 ‚
1614 2705 2029 2776 mandamus
2068 2704 2398 2797 quatinus
2439 2703 2666 2774 casale
2703 2703 3093 2798 predictum
3134 2704 3359 2777 eidem

541 2829 961 2901 monasterio
1006 2828 1370 2901 restituere
1415 2828 1764 2918 debeatis3
1809 2827 1899 2901 de
1951 2828 2331 2901 tenimento
2373 2827 2606 2900 Sancti
2638 2826 2896 2900 Mathei
2940 2828 3131 2921 quod
3173 2829 3359 2902 idem

540 2952 857 3025 Andreas
888 2954 1110 3025 tenuit
1142 2955 1235 3025 ab
1276 2953 1523 3025 eodem
1555 2953 1973 3026 monasterio
2015 2953 2086 3023 in
2121 2953 2500 3024 tenimento
2530 2952 2969 3024 Castellaneti
3000 2952 3191 3025 idem
3234 2974 3362 3051 per

539 3077 771 3148 omnia
800 3078 1165 3168 servaturi,
1187 3070 1583 3171 rescripturi
1612 3076 1941 3170 quicquid
1971 3077 2060 3148 de
2089 3075 2225 3148 hoc
2252 3097 2412 3147 cum
2435 3075 2746 3170 predicto
2770 3086 3117 3147 conventu
3140 3076 3362 3150 duxe-

539 3200 692 3271 ritis
721 3199 1142 3290 faciendum,
1179 3200 1561 3295 prescripta
1593 3202 1813 3272 forma
1846 3200 2152 3272 mandati
2179 3199 2398 3271 nostri
2430 3220 2557 3294 per
2581 3198 2811 3270 omnia
2841 3199 3206 3271 observata
3223 3197 3284 3295 (l
3299 3198 3356 3297 ).

563 3358 569 3365 ·
638 3323 746 3395 Ad
806 3325 1004 3415 cujus
1055 3323 1538 3394 executionem
1596 3323 1905 3395 mandati
1950 3322 2320 3418 prudentie
2358 3331 2587 3393 vestre
2639 3343 2731 3392 ex
2781 3322 3120 3416 imperiali
3163 3335 3362 3417 parte

542 3447 959 3519 mandamus
996 3447 1325 3539 quatinus
1368 3446 1747 3542 prescripta
1788 3446 2163 3541 imperialis
2211 3445 2522 3516 mandati
2573 3445 2791 3517 forma
2835 3445 3206 3536 diligenter
3251 3448 3359 3517 in·

544 3580 779 3667 specta
799 3572 1004 3662 juxta
1029 3571 1244 3666 ipsius
1268 3570 1767 3642 continentiam
1789 3623 1808 3660 ,
1842 3570 1901 3640 si
1938 3579 2326 3642 conventus
2358 3567 2651 3662 predicti
2678 3567 3077 3638 monasterii
3103 3569 3363 3640 Caven-

543 3695 637 3767 sis
663 3716 790 3790 pro
821 3715 908 3767 eo
940 3694 1129 3788 quod
1161 3694 1380 3766 abbas
1410 3694 1610 3765 abest
1642 3693 1914 3764 servicii
1941 3692 2318 3786 imperialis
2348 3711 2557 3763 causa
2588 3688 2724 3787 (2),
2757 3700 3125 3762 contentus
3156 3692 3364 3763 fuerit

562 3852 563 3855 Ἴ
629 3869 711 3951 (a)
752 3870 1006 3933 Inferius
1034 3887 1174 3932 vero
1196 3865 1465 3931 Andreas
1498 3865 1569 3929 de
1602 3863 1841 3945 Cicala;
1867 3868 2026 3947 quod
2052 3886 2255 3929 veram
2282 3885 2406 3928 esse
2434 3867 2737 3927 lectionem
2764 3865 3140 3925 arbitramur.
3251 3906 3254 3909 -

616 4190 690 4263 (⁴)
723 4192 856 4247 Cum
875 4195 1034 4247 notae
1048 4187 1454 4262 chronologicae
1473 4188 1689 4247 omnino
1716 4187 1912 4257 desint,
1931 4185 2177 4244 arbitrari
2207 4184 2335 4240 licet
2359 4182 2613 4241 officiales
2627 4225 2641 4251 ,
2661 4182 2793 4239 dum
2816 4196 2851 4239 e
2876 4182 3129 4240 mandato
3151 4183 3364 4257 integro

545 4287 841 4360 capitulum
864 4287 1133 4361 quoddam
1155 4289 1227 4343 ad
1260 4302 1372 4343 rem
1396 4285 1679 4360 specialem
1708 4285 1984 4356 pertinens
2009 4281 2341 4341 detrahendo
2369 4280 2808 4349 transcriberent,
2837 4279 2909 4337 ad
2934 4280 3364 4339 &anser-ibamus

546 4399 760 4457 quoque
789 4389 943 4445 notas
967 4383 1367 4456 chronologicas
1394 4382 1629 4439 mandati
1652 4381 1821 4455 ipsius
1848 4395 1957 4437 non
1987 4378 2175 4435 teneri.
2207 4377 2416 4433 Adsunt
2441 4382 2620 4432 tamen
2646 4381 2803 4433 notae
2822 4377 3126 4449 hujusmodi
3149 4377 3361 4434 cuidam

547 4478 783 4554 capitulo
801 4480 1023 4538 alterius
1051 4480 1285 4538 mandati
1307 4462 1590 4553 adjunctae
1618 4479 1673 4535 in
1701 4478 2022 4535 documento
2050 4475 2175 4532 anni
2207 4475 2376 4545 ⁴250,
2406 4472 2547 4547 quod
2574 4471 2734 4532 infra.

617 4577 692 4650 (2)
724 4577 878 4635 Tum
903 4578 1043 4634 enim
1070 4577 1270 4637 missus
1294 4576 1469 4635 luerat
1494 4576 1813 4650 Lugdunum
1836 4572 1904 4631 ad
1935 4573 2138 4631 curiam
2164 4571 2460 4630 Romanam
2476 4613 2492 4643 ,
2521 4570 2664 4628 sient
2687 4572 2744 4628 in
2771 4572 3018 4646 sequenti
3042 4572 3364 4631 documento

548 4675 728 4733 videre
753 4681 857 4746 est,
883 4690 943 4749 p.
973 4676 1101 4731 4¹16.
