4364 5738
1035 606 1161 667 224
2037 597 2462 665 ruinarum
2511 600 2859 666 suenum
3475 607 3643 686 [An.
3677 609 3855 673 isa.

1041 750 1284 816 cantes
1315 734 1667 809 humiliter
1692 741 1767 806 et
1793 731 2049 805 devote
2082 742 2165 806 ut
2194 734 2296 807 eis
2325 735 2501 810 illud
2528 737 2862 810 innovare
2888 745 2963 811 et
2986 736 3223 813 omnia
3251 762 3390 833 que
3416 745 3859 818 eontinentur

1043 866 1115 936 in
1162 883 1248 936 eo
1287 857 1696 934 confirmare
1743 855 1833 929 de
1882 864 2123 929 nostra
2169 858 2392 950 gratia
2438 859 2922 952 dignaremur;
2964 861 3167 954 cujus
3211 872 3414 938 tenor
3453 887 3581 963 per
3622 867 3857 941 omnia

1041 987 1199 1060 talis
1230 994 1339 1058 est
1368 1011 1386 1056 ε

1139 1112 1212 1182 In
1251 1107 1532 1180 nomine
1564 1113 1804 1177 sancte
1835 1113 1909 1175 et
1937 1102 2301 1178 individue
2325 1105 2706 1198 Trinitatis,
2736 1127 2970 1180 amen.
3008 1109 3154 1182 Nos
3191 1108 3581 1184 Fridericus
3623 1111 3860 1186 divina

1041 1237 1318 1307 favente
1372 1228 1741 1304 clementia
1783 1228 2256 1300 Romanorum
2309 1228 2686 1325 imperator
2725 1241 2798 1304 et
2833 1253 3114 1328 semper
3150 1242 3513 1325 augustus.
3564 1235 3673 1307 Ex
3721 1255 3861 1329 quo

1040 1359 1359 1456 primitus
1393 1354 1630 1428 divina
1670 1352 2037 1426 ordinante
2071 1354 2440 1427 clementia
2471 1355 2743 1452 imperii
2770 1356 3065 1430 Romani
3093 1357 3365 1451 fastigia
3405 1359 3863 1451 gubernanda

1042 1480 1509 1575 suscepimus,
1557 1475 1938 1549 voluntatis
1973 1486 2209 1549 nostre
2250 1487 2462 1573 atque
2508 1480 2845 1575 propositi
2884 1502 3232 1553 summum
3274 1480 3698 1555 desiderium
3733 1484 3862 1556 fuit

1043 1616 1124 1677 ut
1162 1605 1363 1677 divos
1402 1623 1602 1694 reges
1648 1609 1720 1671 et
1756 1598 2207 1694 imperatores
2241 1602 2363 1695 qui
2393 1623 2522 1675 nos
2551 1612 3064 1698 precesserunt,
3104 1604 3430 1700 precipue
3482 1608 3859 1680 maximnm

1045 1738 1115 1800 et
1148 1727 1527 1821 gloriosum
1560 1724 2048 1819 imperatorem
2084 1723 2431 1814 Carolum,
2464 1726 2664 1819 quasi
2707 1727 2926 1799 forma
2972 1727 3252 1800 vivendi
3296 1736 3506 1822 atque
3548 1728 3860 1802 subditos

1045 1851 1334 1946 regendi
1361 1869 1816 1942 ‘sequeremur
1842 1856 1913 1917 et
1945 1847 2305 1939 sequendo
2333 1870 2458 1943 pre
2494 1849 2713 1921 oculis
2744 1871 3020 1946 semper
3048 1849 3502 1941 haberemus;
3538 1852 3632 1924 ad
3664 1854 3861 1946 cujus

1044 1976 1497 2048 imitationem
1522 1973 1639 2064 jus
1667 1971 2151 2062 ecclesiarum,
2180 1981 2435 2043 statum
2467 1972 2843 2068 reipublice
2872 1974 3289 2046 incolumem
3318 1984 3389 2046 et
3418 1974 3652 2068 legum
3684 1975 3862 2048 inte·

1043 2101 1363 2196 gritatem
1399 2120 1525 2193 per
1556 2105 1773 2169 totum
1807 2104 2120 2167 nostrum
2157 2095 2524 2191 imperium
2556 2117 3019 2168 servaremus.
3057 2096 3214 2191 lpse
3241 2096 3427 2169 enim
3461 2106 3605 2170 tota
3636 2098 3862 2170 cordis

1044 2224 1429 2295 intentione
1460 2219 1554 2292 ad
1589 2229 1831 2292 eterne
1858 2217 1999 2290 vite
2037 2218 2304 2314 premia
2336 2216 2696 2309 anhelans,
2732 2220 2825 2292 ad
2856 2219 3286 2293 dilatandam
3314 2221 3610 2313 gloriam
3644 2219 3861 2294 chris-

1049 2348 1214 2420 tiani
1246 2345 1551 2419 nominis
1595 2353 1665 2416 et
1704 2345 1968 2415 cultum
2007 2341 2243 2415 divine
2277 2341 2629 2436 religionis
2660 2343 3189 2439 propagandum
3223 2353 3397 2438 quot
3425 2343 3865 2440 episcopatus

1049 2471 1454 2559 instituerit,
1491 2480 1665 2562 quot
1690 2467 2040 2556 abbatias,
2075 2475 2249 2559 quot
2281 2466 2607 2538 ecclesias
2638 2487 2680 2537 a
2714 2468 3183 2541 fundamentis
3215 2467 3549 2559 erexerit,
3586 2470 3865 2563 quantis

1048 2595 1306 2691 prediis
1356 2614 1439 2664 ac
1486 2589 1842 2663 beneficiis
1886 2591 2038 2661 illas
2079 2589 2442 2678 ditaverit,
2490 2600 2906 2682 quantarum
2953 2592 3269 2684 largitate
3309 2593 3864 2690 elemosynarum

1046 2741 1189 2791 non
1211 2719 1434 2790 solum
1459 2716 1529 2786 in
1559 2713 1940 2788 cismarinis
1968 2711 2094 2786 sed
2117 2723 2189 2785 et
2220 2712 2288 2784 in
2318 2714 2792 2786 transmarinis
2819 2714 3133 2811 partibus
3158 2715 3695 2809 resplenduerit,
3717 2717 3865 2811 ipsa

1049 2845 1202 2938 ejus
1237 2862 1451 2937 opera
1486 2849 1557 2912 et
1591 2848 1945 2932 gestorum
1979 2836 2337 2910 volumina
2372 2859 2511 2932 que
2553 2837 2852 2933 plurima
2886 2848 3050 2911 sunt
3082 2848 3155 2912 et
3182 2838 3489 2912 maxima
3519 2838 3659 2912 fide
3694 2861 3862 2913 ocu-

1048 2970 1189 3040 lata
1223 2966 1496 3061 plenius
1529 2964 1909 3036 declarant.
1947 2962 2025 3031 In
2055 2959 2192 3033 fide
2226 2983 2507 3055 quoque
2538 2961 2786 3034 Christi
2818 2961 3176 3035 dilatanda
3207 2972 3279 3034 et
3308 2963 3379 3034 in
3412 2963 3863 3036 conversione

1049 3091 1276 3183 gentis
1322 3088 1681 3161 barbarice
1729 3085 1924 3157 fortis
1971 3086 2234 3156 athleta
2277 3085 2407 3156 fuit
2451 3095 2522 3157 et
2572 3107 2782 3158 verus
2823 3088 3215 3182 apostolus,
3250 3086 3432 3159 sicut
3460 3088 3765 3160 Saxonia
3796 3100 3865 3160 et

1050 3212 1375 3287 Fresonia
1401 3223 1611 3303 atque
1637 3208 2090 3303 Westphalia,
2119 3209 2406 3304 Hispani
2437 3231 2721 3304 quoque
2751 3220 3093 3284 testantur
3114 3221 3188 3283 et
3215 3211 3539 3284 Wandali
3568 3233 3745 3307 quos
3775 3211 3865 3284 ad

1051 3335 1261 3409 fidem
1291 3334 1702 3408 catholicam
1734 3334 1953 3405 verbo
1980 3334 2324 3406 convertit
2351 3344 2422 3405 et
2445 3335 2706 3427 gladio,
2736 3347 2808 3408 et
2829 3336 2993 3408 licet
3018 3336 3236 3431 ipsius
3259 3334 3563 3408 animam
3592 3336 3866 3429 gladius

1050 3481 1193 3533 non
1230 3458 1743 3556 pertransierit,
1786 3457 2219 3529 diversarum
2263 3467 2495 3529 tamen
2532 3458 2934 3552 passionum
2972 3458 3325 3531 tribulatio
3366 3468 3440 3531 et
3475 3457 3866 3553 periculosa

1048 3585 1428 3659 certamina
1476 3604 1561 3655 ac
1609 3583 1935 3655 voluntas
1981 3581 2322 3653 moriendi
2367 3582 2772 3676 quotidiana
2818 3605 2947 3678 pro
2997 3582 3488 3657 convertendis
3537 3582 3863 3655 incredu-

1048 3710 1133 3782 lis
1166 3731 1328 3782 eum
1355 3717 1731 3801 martyrem
1758 3705 1947 3776 fecit.
1986 3704 2187 3776 Nunc
2212 3724 2385 3777 vero
2410 3705 2710 3777 electum
2746 3715 2819 3778 et
2856 3706 3365 3779 sanctissimum
3397 3706 3865 3778 confessorem

1045 3856 1209 3906 eum
1257 3828 1671 3904 confitemur
1706 3839 1778 3901 et
1819 3847 2237 3899 veneramur
2285 3828 2357 3898 in
2408 3827 2612 3901 terris
2660 3850 2873 3922 quem
2921 3830 2995 3901 in
3051 3838 3290 3901 sancta
3337 3829 3864 3903 conversatione

1042 3958 1329 4046 vixisse,
1356 3976 1448 4026 ex
1479 3975 1653 4049 pura
1681 3951 2112 4025 consessione
2139 3961 2212 4023 et
2245 3973 2411 4023 vera
2440 3952 2820 4047 penitentia
2845 3953 2939 4025 ad
2965 3955 3189 4026 Deum
3223 3953 3555 4047 migrasse
3583 3963 3657 4024 et
3685 3952 3867 4025 inter

1045 4091 1322 4153 sanctos
1355 4081 1788 4153 confessores
1831 4075 2181 4149 credimus
2215 4086 2627 4149 coronatum
2660 4077 2731 4148 in
2764 4078 2957 4150 celis.
2993 4078 3164 4150 Inde
3195 4077 3526 4171 estquod
3554 4098 3686 4149 nos
3711 4077 3865 4169 glo·

1045 4205 1245 4275 riosis
1296 4204 1494 4276 factis
1557 4213 1629 4274 et
1684 4200 1949 4285 meritis
2006 4209 2149 4272 tam
2203 4199 2621 4271 sanctissimi
2676 4201 3110 4296 imperatoris
3162 4200 3386 4274 Caroli
3438 4198 3867 4275 confidenter

1046 4327 1332 4398 animati
1367 4336 1440 4396 et
1472 4325 1717 4398 sedula
1755 4324 2089 4420 petitione
2120 4322 2507 4395 charissimi
2545 4324 2752 4397 amici
2798 4324 3020 4397 nostri
3050 4324 3325 4396 Henrici
3364 4323 3652 4395 illustris
3685 4324 3866 4417 regis

1045 4450 1296 4542 Anglie
1326 4449 1618 4539 inducti,
1643 4470 1926 4520 assensu
1960 4456 2031 4520 et
2057 4447 2464 4520 auctoritate
2495 4446 2757 4519 domini
2781 4469 2961 4543 pape
2985 4447 3334 4519 Paschalis
3359 4454 3431 4517 et
3451 4467 3546 4518 ex
3576 4446 3865 4520 consilio

1046 4572 1438 4672 principum
1462 4572 1945 4645 universorum
1983 4582 2123 4642 tam
2155 4571 2568 4643 secularium
2603 4591 2814 4664 quam
2845 4570 3500 4661 ecclesiasticorum,
3534 4562 3663 4669 p'ro
3690 4571 3868 4647 rela-

1049 4699 1263 4789 tione,
1292 4695 1714 4768 exaltatione
1737 4706 1947 4791 atque
1974 4694 2494 4768 canonizatione
2522 4693 2936 4767 sanctissimi
2967 4693 3280 4791 corporis
3302 4693 3453 4786 ejus
3480 4694 3866 4770 solemnem
