<?xml version="1.0" encoding="UTF-8"?>
<!DOCTYPE html PUBLIC "-//W3C//DTD XHTML 1.0 Transitional//EN"
    "http://www.w3.org/TR/xhtml1/DTD/xhtml1-transitional.dtd">
<html xmlns="http://www.w3.org/1999/xhtml" xml:lang="en" lang="en">
 <head>
  <title>
</title>
<meta http-equiv="Content-Type" content="text/html;charset=utf-8" />
  <meta name='ocr-system' content='tesseract 3.04.00' />
  <meta name='ocr-capabilities' content='ocr_page ocr_carea ocr_par ocr_line ocrx_word'/>
</head>
<body>
  <div class='ocr_page' id='page_1' title='image "./historiadiploma00degoog_0097.png"; bbox 0 0 4364 5738; ppageno 0'>
   <div class='ocr_carea' id='block_1_1' title="bbox 562 582 3391 668">
    <p class='ocr_par' dir='ltr' id='par_1_1' title="bbox 562 582 3391 668">
     <span class='ocr_line' id='line_1_1' title="bbox 562 582 3391 668; baseline -0.003 -16"><span class='ocrx_word' id='word_1_1' title='bbox 562 595 764 654; x_wconf 68' lang='lat' dir='ltr'>lxmcr.</span> <span class='ocrx_word' id='word_1_2' title='bbox 803 592 890 668; x_wconf 88' lang='lat' dir='ltr'>l.]</span> <span class='ocrx_word' id='word_1_3' title='bbox 1455 582 1851 645; x_wconf 81' lang='lat' dir='ltr'>HISTORIA</span> <span class='ocrx_word' id='word_1_4' title='bbox 1904 582 2497 645; x_wconf 77' lang='lat' dir='ltr'><strong>DIPLOMATICA.</strong></span> <span class='ocrx_word' id='word_1_5' title='bbox 3310 589 3391 647; x_wconf 79' lang='lat'>83</span> 
     </span>
    </p>
   </div>
   <div class='ocr_carea' id='block_1_2' title="bbox 580 1126 3741 1905">
    <p class='ocr_par' dir='ltr' id='par_1_2' title="bbox 580 1126 3741 1905">
     <span class='ocr_line' id='line_1_2' title="bbox 682 1126 3741 1240; baseline 0.006 -28"><span class='ocrx_word' id='word_1_6' title='bbox 682 1130 1147 1237; x_wconf 83' lang='lat' dir='ltr'>FridericuS‚</span> <span class='ocrx_word' id='word_1_7' title='bbox 1189 1128 1712 1211; x_wconf 91' lang='lat' dir='ltr'>Romanorum</span> <span class='ocrx_word' id='word_1_8' title='bbox 1758 1128 2201 1237; x_wconf 80' lang='lat' dir='ltr'>imperator,</span> <span class='ocrx_word' id='word_1_9' title='bbox 2243 1128 2808 1211; x_wconf 86' lang='lat' dir='ltr'>universitatem</span> <span class='ocrx_word' id='word_1_10' title='bbox 2845 1127 3168 1210; x_wconf 87' lang='lat' dir='ltr'>civitatis</span> <span class='ocrx_word' id='word_1_11' title='bbox 3213 1126 3401 1208; x_wconf 90' lang='lat' dir='ltr'>Fani</span> <span class='ocrx_word' id='word_1_12' title='bbox 3534 1133 3741 1240; x_wconf 46' lang='lat'>⁰:333?</span> 
     </span>
     <span class='ocr_line' id='line_1_3' title="bbox 580 1259 3403 1374; baseline -0.001 -30"><span class='ocrx_word' id='word_1_13' title='bbox 580 1266 656 1346; x_wconf 92' lang='lat' dir='ltr'>in</span> <span class='ocrx_word' id='word_1_14' title='bbox 697 1264 1025 1374; x_wconf 83' lang='lat' dir='ltr'><strong>gratiam</strong></span> <span class='ocrx_word' id='word_1_15' title='bbox 1076 1288 1297 1344; x_wconf 90' lang='lat' dir='ltr'>suam</span> <span class='ocrx_word' id='word_1_16' title='bbox 1341 1260 1644 1370; x_wconf 76' lang='lat' dir='ltr'>recipit,</span> <span class='ocrx_word' id='word_1_17' title='bbox 1687 1260 2184 1370; x_wconf 74' lang='lat' dir='ltr'>conceditque</span> <span class='ocrx_word' id='word_1_18' title='bbox 2221 1270 2306 1342; x_wconf 90' lang='lat' dir='ltr'>ut</span> <span class='ocrx_word' id='word_1_19' title='bbox 2341 1263 2437 1343; x_wconf 86' lang='lat' dir='ltr'>de</span> <span class='ocrx_word' id='word_1_20' title='bbox 2470 1260 2735 1369; x_wconf 90' lang='lat' dir='ltr'>poenis</span> <span class='ocrx_word' id='word_1_21' title='bbox 2773 1270 2847 1342; x_wconf 88' lang='lat' dir='ltr'>et</span> <span class='ocrx_word' id='word_1_22' title='bbox 2882 1259 3186 1342; x_wconf 87' lang='lat' dir='ltr'>offensis</span> <span class='ocrx_word' id='word_1_23' title='bbox 3223 1285 3403 1341; x_wconf 90' lang='lat' dir='ltr'>res-</span> 
     </span>
     <span class='ocr_line' id='line_1_4' title="bbox 580 1393 3409 1506; baseline -0 -31"><span class='ocrx_word' id='word_1_24' title='bbox 580 1396 914 1506; x_wconf 87' lang='lat' dir='ltr'>pondere</span> <span class='ocrx_word' id='word_1_25' title='bbox 975 1420 1130 1477; x_wconf 91' lang='lat' dir='ltr'>non</span> <span class='ocrx_word' id='word_1_26' title='bbox 1179 1403 1582 1505; x_wconf 82' lang='lat' dir='ltr'>cogantur,</span> <span class='ocrx_word' id='word_1_27' title='bbox 1644 1393 2137 1476; x_wconf 84' lang='lat' dir='ltr'>resarciendis</span> <span class='ocrx_word' id='word_1_28' title='bbox 2190 1403 2442 1475; x_wconf 90' lang='lat' dir='ltr'>tamen</span> <span class='ocrx_word' id='word_1_29' title='bbox 2509 1393 2812 1475; x_wconf 90' lang='lat' dir='ltr'>damnis</span> <span class='ocrx_word' id='word_1_30' title='bbox 2868 1393 3098 1475; x_wconf 92' lang='lat' dir='ltr'>illatis</span> <span class='ocrx_word' id='word_1_31' title='bbox 3143 1418 3409 1474; x_wconf 90' lang='lat' dir='ltr'>eorum</span> 
     </span>
     <span class='ocr_line' id='line_1_5' title="bbox 584 1525 3414 1638; baseline -0.002 -26"><span class='ocrx_word' id='word_1_32' title='bbox 584 1528 874 1612; x_wconf 85' lang='lat' dir='ltr'>civibus</span> <span class='ocrx_word' id='word_1_33' title='bbox 933 1529 1067 1637; x_wconf 92' lang='lat' dir='ltr'>qui</span> <span class='ocrx_word' id='word_1_34' title='bbox 1139 1553 1278 1638; x_wconf 95' lang='lat' dir='ltr'>pro</span> <span class='ocrx_word' id='word_1_35' title='bbox 1348 1527 1498 1609; x_wconf 88' lang='lat' dir='ltr'>fide</span> <span class='ocrx_word' id='word_1_36' title='bbox 1554 1526 1853 1636; x_wconf 89' lang='lat' dir='ltr'>imperii</span> <span class='ocrx_word' id='word_1_37' title='bbox 1913 1527 2294 1610; x_wconf 86' lang='lat' dir='ltr'>civitatem</span> <span class='ocrx_word' id='word_1_38' title='bbox 2368 1535 2443 1608; x_wconf 88' lang='lat' dir='ltr'>et</span> <span class='ocrx_word' id='word_1_39' title='bbox 2499 1525 2704 1610; x_wconf 91' lang='lat' dir='ltr'>bona</span> <span class='ocrx_word' id='word_1_40' title='bbox 2767 1526 3275 1635; x_wconf 80' lang='lat' dir='ltr'>reliquerunt,</span> <span class='ocrx_word' id='word_1_41' title='bbox 3340 1535 3414 1607; x_wconf 87' lang='lat' dir='ltr'>et</span> 
     </span>
     <span class='ocr_line' id='line_1_6' title="bbox 591 1658 3417 1773; baseline -0.002 -28"><span class='ocrx_word' id='word_1_42' title='bbox 591 1662 1040 1773; x_wconf 83' lang='lat' dir='ltr'>generaliter</span> <span class='ocrx_word' id='word_1_43' title='bbox 1075 1662 1156 1743; x_wconf 90' lang='lat' dir='ltr'>in</span> <span class='ocrx_word' id='word_1_44' title='bbox 1214 1687 1304 1744; x_wconf 86' lang='lat' dir='ltr'>eo</span> <span class='ocrx_word' id='word_1_45' title='bbox 1361 1669 1564 1744; x_wconf 89' lang='lat' dir='ltr'>statu</span> <span class='ocrx_word' id='word_1_46' title='bbox 1610 1687 1776 1743; x_wconf 86' lang='lat' dir='ltr'>esse</span> <span class='ocrx_word' id='word_1_47' title='bbox 1821 1670 1896 1743; x_wconf 88' lang='lat' dir='ltr'>et</span> <span class='ocrx_word' id='word_1_48' title='bbox 1944 1661 2065 1743; x_wconf 90' lang='lat' dir='ltr'>his</span> <span class='ocrx_word' id='word_1_49' title='bbox 2122 1660 2801 1744; x_wconf 89' lang='lat' dir='ltr'>consuetudinibus</span> <span class='ocrx_word' id='word_1_50' title='bbox 2852 1659 3003 1741; x_wconf 89' lang='lat' dir='ltr'>frui</span> <span class='ocrx_word' id='word_1_51' title='bbox 3056 1658 3417 1769; x_wconf 86' lang='lat' dir='ltr'>permittit</span> 
     </span>
     <span class='ocr_line' id='line_1_7' title="bbox 594 1793 2961 1905; baseline -0.003 -25"><span class='ocrx_word' id='word_1_52' title='bbox 594 1795 874 1905; x_wconf 88' lang='lat' dir='ltr'>quibus</span> <span class='ocrx_word' id='word_1_53' title='bbox 912 1795 1055 1878; x_wconf 90' lang='lat' dir='ltr'>sub</span> <span class='ocrx_word' id='word_1_54' title='bbox 1091 1820 1232 1878; x_wconf 86' lang='lat' dir='ltr'>avo</span> <span class='ocrx_word' id='word_1_55' title='bbox 1270 1805 1346 1877; x_wconf 90' lang='lat' dir='ltr'>et</span> <span class='ocrx_word' id='word_1_56' title='bbox 1387 1803 1602 1902; x_wconf 89' lang='lat' dir='ltr'>patre</span> <span class='ocrx_word' id='word_1_57' title='bbox 1643 1820 1784 1876; x_wconf 92' lang='lat' dir='ltr'>suo</span> <span class='ocrx_word' id='word_1_58' title='bbox 1818 1793 2404 1902; x_wconf 85' lang='lat' dir='ltr'>imperatoribus</span> <span class='ocrx_word' id='word_1_59' title='bbox 2442 1794 2554 1876; x_wconf 88' lang='lat' dir='ltr'>uti</span> <span class='ocrx_word' id='word_1_60' title='bbox 2591 1793 2961 1876; x_wconf 89' lang='lat' dir='ltr'>solebant.</span> 
     </span>
    </p>
   </div>
   <div class='ocr_carea' id='block_1_3' title="bbox 759 2031 3424 2217">
    <p class='ocr_par' dir='ltr' id='par_1_3' title="bbox 759 2031 3424 2217">
     <span class='ocr_line' id='line_1_8' title="bbox 759 2031 3424 2114; baseline -0.001 -18"><span class='ocrx_word' id='word_1_61' title='bbox 759 2035 989 2114; x_wconf 82' lang='lat' dir='ltr'>(Edidit</span> <span class='ocrx_word' id='word_1_62' title='bbox 1031 2036 1294 2111; x_wconf 74' lang='lat' dir='ltr'>Auum,</span> <span class='ocrx_word' id='word_1_63' title='bbox 1324 2034 1568 2093; x_wconf 79' lang='lat' dir='ltr'>Memor.</span> <span class='ocrx_word' id='word_1_64' title='bbox 1603 2034 1769 2094; x_wconf 73' lang='lat' dir='ltr'>istor.</span> <span class='ocrx_word' id='word_1_65' title='bbox 1814 2031 1968 2093; x_wconf 80' lang='lat' dir='ltr'>della</span> <span class='ocrx_word' id='word_1_66' title='bbox 2001 2032 2143 2095; x_wconf 75' lang='lat' dir='ltr'>citui</span> <span class='ocrx_word' id='word_1_67' title='bbox 2182 2034 2246 2093; x_wconf 75' lang='lat' dir='ltr'>di</span> <span class='ocrx_word' id='word_1_68' title='bbox 2281 2036 2475 2110; x_wconf 85' lang='lat' dir='ltr'>Fano,</span> <span class='ocrx_word' id='word_1_69' title='bbox 2516 2041 2563 2094; x_wconf 89' lang='lat' dir='ltr'>t.</span> <span class='ocrx_word' id='word_1_70' title='bbox 2593 2035 2682 2109; x_wconf 87' lang='grc' dir='ltr'>ΙΙ,</span> <span class='ocrx_word' id='word_1_71' title='bbox 2717 2051 2997 2095; x_wconf 84' lang='lat' dir='ltr'>sommar.</span> <span class='ocrx_word' id='word_1_72' title='bbox 3028 2034 3312 2110; x_wconf 87' lang='lat' dir='ltr'>XLVIII,</span> <span class='ocrx_word' id='word_1_73' title='bbox 3346 2051 3424 2094; x_wconf 81' lang='lat' dir='ltr'>cx</span> 
     </span>
     <span class='ocr_line' id='line_1_9' title="bbox 835 2139 2338 2217; baseline -0.002 -15"><span class='ocrx_word' id='word_1_74' title='bbox 835 2141 1063 2202; x_wconf 79' lang='lat' dir='ltr'>archiv·</span> <span class='ocrx_word' id='word_1_75' title='bbox 1096 2146 1306 2200; x_wconf 83' lang='lat' dir='ltr'>secret.</span> <span class='ocrx_word' id='word_1_76' title='bbox 1338 2139 1584 2200; x_wconf 78' lang='lat' dir='ltr'>cancell.</span> <span class='ocrx_word' id='word_1_77' title='bbox 1614 2142 1860 2217; x_wconf 83' lang='lat' dir='ltr'>priorat.</span> <span class='ocrx_word' id='word_1_78' title='bbox 1904 2141 2098 2213; x_wconf 89' lang='lat' dir='ltr'>(Fano</span> <span class='ocrx_word' id='word_1_79' title='bbox 2136 2150 2201 2200; x_wconf 84' lang='lat'>17</span> <span class='ocrx_word' id='word_1_80' title='bbox 2213 2139 2338 2217; x_wconf 87' lang='lat'>51.)</span> 
     </span>
    </p>
   </div>
   <div class='ocr_carea' id='block_1_4' title="bbox 607 2347 3467 4805">
    <p class='ocr_par' dir='ltr' id='par_1_4' title="bbox 607 2347 3467 4805">
     <span class='ocr_line' id='line_1_10' title="bbox 700 2347 3431 2444; baseline 0 -20"><span class='ocrx_word' id='word_1_81' title='bbox 700 2353 777 2424; x_wconf 90' lang='lat' dir='ltr'>In</span> <span class='ocrx_word' id='word_1_82' title='bbox 820 2352 1104 2424; x_wconf 88' lang='lat' dir='ltr'>nomine</span> <span class='ocrx_word' id='word_1_83' title='bbox 1155 2361 1393 2423; x_wconf 88' lang='lat' dir='ltr'>sancte</span> <span class='ocrx_word' id='word_1_84' title='bbox 1446 2361 1516 2423; x_wconf 80' lang='lat' dir='ltr'>et</span> <span class='ocrx_word' id='word_1_85' title='bbox 1569 2347 1925 2423; x_wconf 81' lang='lat' dir='ltr'>individue</span> <span class='ocrx_word' id='word_1_86' title='bbox 1972 2347 2358 2444; x_wconf 80' lang='lat' dir='ltr'>Trinitatis,</span> <span class='ocrx_word' id='word_1_87' title='bbox 2402 2353 2823 2442; x_wconf 79' lang='lat' dir='ltr'>FridericuS,</span> <span class='ocrx_word' id='word_1_88' title='bbox 2872 2353 3108 2426; x_wconf 90' lang='lat' dir='ltr'>divina</span> <span class='ocrx_word' id='word_1_89' title='bbox 3155 2355 3431 2425; x_wconf 80' lang='lat' dir='ltr'>favente</span> 
     </span>
     <span class='ocr_line' id='line_1_11' title="bbox 607 2475 3434 2570; baseline 0 -22"><span class='ocrx_word' id='word_1_90' title='bbox 607 2477 973 2549; x_wconf 90' lang='lat' dir='ltr'>clementia</span> <span class='ocrx_word' id='word_1_91' title='bbox 1001 2478 1472 2549; x_wconf 87' lang='lat' dir='ltr'>Romanorum</span> <span class='ocrx_word' id='word_1_92' title='bbox 1510 2475 1889 2570; x_wconf 91' lang='lat' dir='ltr'>imperator</span> <span class='ocrx_word' id='word_1_93' title='bbox 1928 2497 2205 2570; x_wconf 87' lang='lat' dir='ltr'>semper</span> <span class='ocrx_word' id='word_1_94' title='bbox 2240 2487 2600 2568; x_wconf 82' lang='lat' dir='ltr'>augustus,</span> <span class='ocrx_word' id='word_1_95' title='bbox 2637 2478 3067 2548; x_wconf 88' lang='lat' dir='ltr'>Hierusalem</span> <span class='ocrx_word' id='word_1_96' title='bbox 3105 2486 3174 2548; x_wconf 93' lang='lat' dir='ltr'>et</span> <span class='ocrx_word' id='word_1_97' title='bbox 3207 2475 3434 2549; x_wconf 89' lang='lat' dir='ltr'>Sicilie</span> 
     </span>
     <span class='ocr_line' id='line_1_12' title="bbox 607 2599 3438 2674; baseline 0 -3"><span class='ocrx_word' id='word_1_98' title='bbox 607 2623 761 2674; x_wconf 82' lang='lat' dir='ltr'>rex.</span> <span class='ocrx_word' id='word_1_99' title='bbox 809 2599 921 2672; x_wconf 88' lang='lat' dir='ltr'>Ad</span> <span class='ocrx_word' id='word_1_100' title='bbox 963 2599 1491 2672; x_wconf 88' lang='lat' dir='ltr'>conversionem</span> <span class='ocrx_word' id='word_1_101' title='bbox 1535 2600 1950 2671; x_wconf 86' lang='lat' dir='ltr'>benevolam</span> <span class='ocrx_word' id='word_1_102' title='bbox 1993 2599 2430 2672; x_wconf 89' lang='lat' dir='ltr'>subditorum</span> <span class='ocrx_word' id='word_1_103' title='bbox 2473 2610 2847 2672; x_wconf 88' lang='lat' dir='ltr'>occurrunt</span> <span class='ocrx_word' id='word_1_104' title='bbox 2907 2602 3184 2672; x_wconf 91' lang='lat' dir='ltr'>insimul</span> <span class='ocrx_word' id='word_1_105' title='bbox 3240 2603 3438 2674; x_wconf 80' lang='lat' dir='ltr'>favor</span> 
     </span>
     <span class='ocr_line' id='line_1_13' title="bbox 612 2724 3440 2822; baseline 0.001 -24"><span class='ocrx_word' id='word_1_106' title='bbox 612 2735 682 2798; x_wconf 84' lang='lat' dir='ltr'>et</span> <span class='ocrx_word' id='word_1_107' title='bbox 721 2725 1097 2797; x_wconf 84' lang='lat' dir='ltr'>liberalitas</span> <span class='ocrx_word' id='word_1_108' title='bbox 1139 2724 1464 2797; x_wconf 86' lang='lat' dir='ltr'>donantis</span> <span class='ocrx_word' id='word_1_109' title='bbox 1507 2734 1587 2795; x_wconf 93' lang='lat' dir='ltr'>ut</span> <span class='ocrx_word' id='word_1_110' title='bbox 1631 2725 1795 2797; x_wconf 90' lang='lat' dir='ltr'>inde</span> <span class='ocrx_word' id='word_1_111' title='bbox 1841 2726 2198 2818; x_wconf 82' lang='lat' dir='ltr'>gaudeant</span> <span class='ocrx_word' id='word_1_112' title='bbox 2251 2727 2633 2798; x_wconf 92' lang='lat' dir='ltr'>commodis</span> <span class='ocrx_word' id='word_1_113' title='bbox 2693 2727 3065 2822; x_wconf 85' lang='lat' dir='ltr'>profecisse</span> <span class='ocrx_word' id='word_1_114' title='bbox 3111 2727 3299 2799; x_wconf 90' lang='lat' dir='ltr'>unde</span> <span class='ocrx_word' id='word_1_115' title='bbox 3347 2726 3440 2800; x_wconf 89' lang='lat' dir='ltr'>ad</span> 
     </span>
     <span class='ocr_line' id='line_1_14' title="bbox 613 2846 3441 2946; baseline 0 -23"><span class='ocrx_word' id='word_1_116' title='bbox 613 2849 1079 2944; x_wconf 88' lang='lat' dir='ltr'>cognitionem</span> <span class='ocrx_word' id='word_1_117' title='bbox 1132 2867 1299 2921; x_wconf 87' lang='lat' dir='ltr'>vere</span> <span class='ocrx_word' id='word_1_118' title='bbox 1346 2846 1510 2921; x_wconf 88' lang='lat' dir='ltr'>fidei</span> <span class='ocrx_word' id='word_1_119' title='bbox 1566 2858 1637 2920; x_wconf 90' lang='lat' dir='ltr'>et</span> <span class='ocrx_word' id='word_1_120' title='bbox 1691 2848 2078 2921; x_wconf 90' lang='lat' dir='ltr'>dominium</span> <span class='ocrx_word' id='word_1_121' title='bbox 2131 2851 2450 2921; x_wconf 87' lang='lat' dir='ltr'>naturale</span> <span class='ocrx_word' id='word_1_122' title='bbox 2507 2852 2889 2946; x_wconf 82' lang='lat' dir='ltr'>postposita</span> <span class='ocrx_word' id='word_1_123' title='bbox 2952 2851 3441 2946; x_wconf 85' lang='lat' dir='ltr'>superstitione</span> 
     </span>
     <span class='ocr_line' id='line_1_15' title="bbox 616 2972 3443 3071; baseline 0.001 -28"><span class='ocrx_word' id='word_1_124' title='bbox 616 2972 927 3066; x_wconf 89' lang='lat' dir='ltr'>qualibet</span> <span class='ocrx_word' id='word_1_125' title='bbox 961 2972 1319 3043; x_wconf 89' lang='lat' dir='ltr'>redierint.</span> <span class='ocrx_word' id='word_1_126' title='bbox 1352 2974 1740 3068; x_wconf 90' lang='lat' dir='ltr'>Eapropter</span> <span class='ocrx_word' id='word_1_127' title='bbox 1769 2980 2014 3045; x_wconf 92' lang='lat' dir='ltr'>notum</span> <span class='ocrx_word' id='word_1_128' title='bbox 2047 2973 2198 3045; x_wconf 88' lang='lat' dir='ltr'>fieri</span> <span class='ocrx_word' id='word_1_129' title='bbox 2232 2975 2556 3046; x_wconf 88' lang='lat' dir='ltr'>volumus</span> <span class='ocrx_word' id='word_1_130' title='bbox 2587 2975 2929 3048; x_wconf 85' lang='lat' dir='ltr'>universis</span> <span class='ocrx_word' id='word_1_131' title='bbox 2961 2975 3231 3071; x_wconf 90' lang='lat' dir='ltr'>imperii</span> <span class='ocrx_word' id='word_1_132' title='bbox 3268 2975 3443 3047; x_wconf 88' lang='lat' dir='ltr'>fide-</span> 
     </span>
     <span class='ocr_line' id='line_1_16' title="bbox 619 3097 3448 3191; baseline 0.002 -26"><span class='ocrx_word' id='word_1_133' title='bbox 619 3097 802 3166; x_wconf 90' lang='lat' dir='ltr'>libus</span> <span class='ocrx_word' id='word_1_134' title='bbox 829 3105 978 3167; x_wconf 84' lang='lat' dir='ltr'>tam</span> <span class='ocrx_word' id='word_1_135' title='bbox 1010 3097 1448 3191; x_wconf 88' lang='lat' dir='ltr'>presentibus</span> <span class='ocrx_word' id='word_1_136' title='bbox 1482 3119 1693 3189; x_wconf 92' lang='lat' dir='ltr'>quam</span> <span class='ocrx_word' id='word_1_137' title='bbox 1736 3098 1985 3170; x_wconf 84' lang='lat' dir='ltr'>futuris</span> <span class='ocrx_word' id='word_1_138' title='bbox 2027 3098 2218 3191; x_wconf 89' lang='lat' dir='ltr'>quod</span> <span class='ocrx_word' id='word_1_139' title='bbox 2266 3120 2395 3172; x_wconf 91' lang='lat' dir='ltr'>nos</span> <span class='ocrx_word' id='word_1_140' title='bbox 2436 3121 2803 3172; x_wconf 90' lang='lat' dir='ltr'>commune</span> <span class='ocrx_word' id='word_1_141' title='bbox 2841 3102 3138 3172; x_wconf 82' lang='lat' dir='ltr'>civitatis</span> <span class='ocrx_word' id='word_1_142' title='bbox 3168 3101 3336 3171; x_wconf 89' lang='lat' dir='ltr'>Fani</span> <span class='ocrx_word' id='word_1_143' title='bbox 3377 3111 3448 3173; x_wconf 88' lang='lat' dir='ltr'>et</span> 
     </span>
     <span class='ocr_line' id='line_1_17' title="bbox 621 3217 3447 3316; baseline 0.003 -28"><span class='ocrx_word' id='word_1_144' title='bbox 621 3218 1004 3311; x_wconf 85' lang='lat' dir='ltr'>quamlibet</span> <span class='ocrx_word' id='word_1_145' title='bbox 1032 3217 1452 3310; x_wconf 83' lang='lat' dir='ltr'>singularem</span> <span class='ocrx_word' id='word_1_146' title='bbox 1488 3242 1857 3314; x_wconf 90' lang='lat' dir='ltr'>personam</span> <span class='ocrx_word' id='word_1_147' title='bbox 1894 3221 2114 3316; x_wconf 87' lang='lat' dir='ltr'>ipsius</span> <span class='ocrx_word' id='word_1_148' title='bbox 2155 3222 2247 3294; x_wconf 88' lang='lat' dir='ltr'>ad</span> <span class='ocrx_word' id='word_1_149' title='bbox 2292 3221 2502 3294; x_wconf 89' lang='lat' dir='ltr'>fidem</span> <span class='ocrx_word' id='word_1_150' title='bbox 2549 3232 2618 3295; x_wconf 90' lang='lat' dir='ltr'>et</span> <span class='ocrx_word' id='word_1_151' title='bbox 2654 3224 3094 3297; x_wconf 86' lang='lat' dir='ltr'>devotionem</span> <span class='ocrx_word' id='word_1_152' title='bbox 3138 3234 3447 3296; x_wconf 89' lang='lat' dir='ltr'>nostram</span> 
     </span>
     <span class='ocr_line' id='line_1_18' title="bbox 625 3339 3447 3440; baseline 0.002 -28"><span class='ocrx_word' id='word_1_153' title='bbox 625 3339 878 3412; x_wconf 89' lang='lat' dir='ltr'>devote</span> <span class='ocrx_word' id='word_1_154' title='bbox 945 3361 1317 3413; x_wconf 86' lang='lat' dir='ltr'>conversos</span> <span class='ocrx_word' id='word_1_155' title='bbox 1386 3343 1590 3436; x_wconf 90' lang='lat' dir='ltr'>plene</span> <span class='ocrx_word' id='word_1_156' title='bbox 1660 3342 1732 3413; x_wconf 90' lang='lat' dir='ltr'>in</span> <span class='ocrx_word' id='word_1_157' title='bbox 1795 3346 2089 3436; x_wconf 81' lang='lat' dir='ltr'>gratiam</span> <span class='ocrx_word' id='word_1_158' title='bbox 2146 3356 2454 3417; x_wconf 88' lang='lat' dir='ltr'>nostram</span> <span class='ocrx_word' id='word_1_159' title='bbox 2515 3348 2903 3440; x_wconf 88' lang='lat' dir='ltr'>recepimus</span> <span class='ocrx_word' id='word_1_160' title='bbox 2959 3359 3029 3419; x_wconf 89' lang='lat' dir='ltr'>et</span> <span class='ocrx_word' id='word_1_161' title='bbox 3095 3348 3403 3420; x_wconf 86' lang='lat' dir='ltr'>favorem</span> <span class='ocrx_word' id='word_1_162' title='bbox 3427 3401 3447 3438; x_wconf 90' lang='lat'><strong>,</strong></span> 
     </span>
     <span class='ocr_line' id='line_1_19' title="bbox 625 3466 3448 3567; baseline 0.003 -31"><span class='ocrx_word' id='word_1_163' title='bbox 625 3466 1069 3537; x_wconf 90' lang='lat' dir='ltr'>absolventes</span> <span class='ocrx_word' id='word_1_164' title='bbox 1104 3466 1290 3559; x_wconf 91' lang='lat' dir='ltr'>ipsos</span> <span class='ocrx_word' id='word_1_165' title='bbox 1322 3466 1413 3536; x_wconf 92' lang='lat' dir='ltr'>ab</span> <span class='ocrx_word' id='word_1_166' title='bbox 1445 3467 1767 3538; x_wconf 89' lang='lat' dir='ltr'>omnibus</span> <span class='ocrx_word' id='word_1_167' title='bbox 1795 3468 2094 3560; x_wconf 77' lang='lat' dir='ltr'>damniS,</span> <span class='ocrx_word' id='word_1_168' title='bbox 2141 3469 2861 3563; x_wconf 86' lang='lat' dir='ltr'>condemnationibus,</span> <span class='ocrx_word' id='word_1_169' title='bbox 2894 3473 3119 3567; x_wconf 88' lang='lat' dir='ltr'>penis,</span> <span class='ocrx_word' id='word_1_170' title='bbox 3153 3474 3448 3566; x_wconf 82' lang='lat' dir='ltr'>injuriiS,</span> 
     </span>
     <span class='ocr_line' id='line_1_20' title="bbox 629 3588 3455 3689; baseline 0.001 -28"><span class='ocrx_word' id='word_1_171' title='bbox 629 3588 943 3680; x_wconf 78' lang='lat' dir='ltr'>offensiS‚</span> <span class='ocrx_word' id='word_1_172' title='bbox 982 3589 1192 3660; x_wconf 86' lang='lat' dir='ltr'>rebus</span> <span class='ocrx_word' id='word_1_173' title='bbox 1231 3589 1478 3660; x_wconf 90' lang='lat' dir='ltr'>ablatis</span> <span class='ocrx_word' id='word_1_174' title='bbox 1512 3599 1583 3660; x_wconf 85' lang='lat' dir='ltr'>et</span> <span class='ocrx_word' id='word_1_175' title='bbox 1619 3589 1890 3662; x_wconf 90' lang='lat' dir='ltr'>damnis</span> <span class='ocrx_word' id='word_1_176' title='bbox 1919 3592 2099 3664; x_wconf 89' lang='lat' dir='ltr'>datis</span> <span class='ocrx_word' id='word_1_177' title='bbox 2139 3592 2477 3665; x_wconf 89' lang='lat' dir='ltr'>hactenus</span> <span class='ocrx_word' id='word_1_178' title='bbox 2503 3595 3055 3689; x_wconf 86' lang='lat' dir='ltr'>quibuscumque</span> <span class='ocrx_word' id='word_1_179' title='bbox 3095 3606 3165 3666; x_wconf 91' lang='lat' dir='ltr'>et</span> <span class='ocrx_word' id='word_1_180' title='bbox 3194 3597 3455 3688; x_wconf 93' lang='lat' dir='ltr'>ubique</span> 
     </span>
     <span class='ocr_line' id='line_1_21' title="bbox 628 3714 3454 3815; baseline 0.001 -29"><span class='ocrx_word' id='word_1_181' title='bbox 628 3734 672 3785; x_wconf 86' lang='lat' dir='ltr'>a</span> <span class='ocrx_word' id='word_1_182' title='bbox 702 3714 1056 3786; x_wconf 91' lang='lat' dir='ltr'>communi</span> <span class='ocrx_word' id='word_1_183' title='bbox 1085 3715 1201 3784; x_wconf 85' lang='lat' dir='ltr'>vel</span> <span class='ocrx_word' id='word_1_184' title='bbox 1229 3714 1541 3808; x_wconf 89' lang='lat' dir='ltr'>qualibet</span> <span class='ocrx_word' id='word_1_185' title='bbox 1572 3714 1904 3808; x_wconf 86' lang='lat' dir='ltr'>singulari</span> <span class='ocrx_word' id='word_1_186' title='bbox 1935 3739 2234 3811; x_wconf 91' lang='lat' dir='ltr'>persona</span> <span class='ocrx_word' id='word_1_187' title='bbox 2266 3718 2562 3791; x_wconf 86' lang='lat' dir='ltr'>civitatis</span> <span class='ocrx_word' id='word_1_188' title='bbox 2588 3721 2899 3815; x_wconf 87' lang='lat' dir='ltr'>predicte</span> <span class='ocrx_word' id='word_1_189' title='bbox 2930 3730 3011 3791; x_wconf 90' lang='lat' dir='ltr'>ut</span> <span class='ocrx_word' id='word_1_190' title='bbox 3038 3720 3125 3791; x_wconf 92' lang='lat' dir='ltr'>de</span> <span class='ocrx_word' id='word_1_191' title='bbox 3162 3718 3271 3789; x_wconf 91' lang='lat' dir='ltr'>his</span> <span class='ocrx_word' id='word_1_192' title='bbox 3307 3739 3454 3788; x_wconf 90' lang='lat' dir='ltr'>res·</span> 
     </span>
     <span class='ocr_line' id='line_1_22' title="bbox 634 3834 3460 3938; baseline 0.002 -29"><span class='ocrx_word' id='word_1_193' title='bbox 634 3838 945 3933; x_wconf 86' lang='lat' dir='ltr'>pondere</span> <span class='ocrx_word' id='word_1_194' title='bbox 981 3839 1188 3909; x_wconf 87' lang='lat' dir='ltr'>alicui</span> <span class='ocrx_word' id='word_1_195' title='bbox 1232 3834 1347 3910; x_wconf 86' lang='lat' dir='ltr'>vel</span> <span class='ocrx_word' id='word_1_196' title='bbox 1391 3838 1742 3932; x_wconf 89' lang='lat' dir='ltr'>aliquibus</span> <span class='ocrx_word' id='word_1_197' title='bbox 1779 3861 1922 3913; x_wconf 90' lang='lat' dir='ltr'>non</span> <span class='ocrx_word' id='word_1_198' title='bbox 1973 3852 2339 3934; x_wconf 84' lang='lat' dir='ltr'>cogantur,</span> <span class='ocrx_word' id='word_1_199' title='bbox 2385 3866 2469 3917; x_wconf 88' lang='lat' dir='ltr'>eo</span> <span class='ocrx_word' id='word_1_200' title='bbox 2519 3845 2885 3917; x_wconf 83' lang='lat' dir='ltr'>dumtaxat</span> <span class='ocrx_word' id='word_1_201' title='bbox 2930 3854 3226 3938; x_wconf 84' lang='lat' dir='ltr'>excepto</span> <span class='ocrx_word' id='word_1_202' title='bbox 3269 3843 3460 3936; x_wconf 86' lang='lat' dir='ltr'>quod</span> 
     </span>
     <span class='ocr_line' id='line_1_23' title="bbox 636 3958 3461 4059; baseline 0.002 -26"><span class='ocrx_word' id='word_1_203' title='bbox 636 3963 890 4033; x_wconf 86' lang='lat' dir='ltr'>damna</span> <span class='ocrx_word' id='word_1_204' title='bbox 918 3962 1082 4035; x_wconf 87' lang='lat' dir='ltr'>data</span> <span class='ocrx_word' id='word_1_205' title='bbox 1113 3958 1540 4035; x_wconf 78' lang='lat' dir='ltr'>Fane&#39;nsibus</span> <span class='ocrx_word' id='word_1_206' title='bbox 1572 3964 1692 4056; x_wconf 91' lang='lat' dir='ltr'>qui</span> <span class='ocrx_word' id='word_1_207' title='bbox 1721 3986 1848 4059; x_wconf 92' lang='lat' dir='ltr'>pro</span> <span class='ocrx_word' id='word_1_208' title='bbox 1879 3963 2015 4038; x_wconf 82' lang='lat' dir='ltr'>fide</span> <span class='ocrx_word' id='word_1_209' title='bbox 2044 3967 2263 4038; x_wconf 89' lang='lat' dir='ltr'>nostri</span> <span class='ocrx_word' id='word_1_210' title='bbox 2295 3969 2615 4040; x_wconf 90' lang='lat' dir='ltr'>culminis</span> <span class='ocrx_word' id='word_1_211' title='bbox 2644 3968 3078 4041; x_wconf 89' lang='lat' dir='ltr'>observanda</span> <span class='ocrx_word' id='word_1_212' title='bbox 3110 3967 3461 4039; x_wconf 88' lang='lat' dir='ltr'>civitatem</span> 
     </span>
     <span class='ocr_line' id='line_1_24' title="bbox 636 4086 3458 4194; baseline 0.002 -36"><span class='ocrx_word' id='word_1_213' title='bbox 636 4086 956 4159; x_wconf 81' lang='lat' dir='ltr'>eamdem</span> <span class='ocrx_word' id='word_1_214' title='bbox 993 4096 1063 4158; x_wconf 90' lang='lat' dir='ltr'>et</span> <span class='ocrx_word' id='word_1_215' title='bbox 1092 4088 1374 4183; x_wconf 88' lang='lat' dir='ltr'>propria</span> <span class='ocrx_word' id='word_1_216' title='bbox 1410 4090 1596 4161; x_wconf 93' lang='lat' dir='ltr'>bona</span> <span class='ocrx_word' id='word_1_217' title='bbox 1626 4090 2096 4183; x_wconf 88' lang='lat' dir='ltr'>reliquerunt,</span> <span class='ocrx_word' id='word_1_218' title='bbox 2136 4115 2266 4189; x_wconf 88' lang='lat' dir='ltr'>per</span> <span class='ocrx_word' id='word_1_219' title='bbox 2304 4094 2688 4185; x_wconf 83' lang='lat' dir='ltr'>singulares</span> <span class='ocrx_word' id='word_1_220' title='bbox 2715 4113 3049 4194; x_wconf 83' lang='lat' dir='ltr'>personas</span> <span class='ocrx_word' id='word_1_221' title='bbox 3091 4116 3227 4186; x_wconf 91' lang='lat' dir='ltr'>que</span> <span class='ocrx_word' id='word_1_222' title='bbox 3266 4095 3458 4189; x_wconf 90' lang='lat' dir='ltr'>prin-</span> 
     </span>
     <span class='ocr_line' id='line_1_25' title="bbox 638 4209 3457 4311; baseline 0.004 -31"><span class='ocrx_word' id='word_1_223' title='bbox 638 4209 897 4304; x_wconf 89' lang='lat' dir='ltr'>cipales</span> <span class='ocrx_word' id='word_1_224' title='bbox 941 4209 1015 4280; x_wconf 92' lang='lat' dir='ltr'>in</span> <span class='ocrx_word' id='word_1_225' title='bbox 1060 4210 1443 4283; x_wconf 85' lang='lat' dir='ltr'>inferendis</span> <span class='ocrx_word' id='word_1_226' title='bbox 1493 4212 1766 4284; x_wconf 90' lang='lat' dir='ltr'>damnis</span> <span class='ocrx_word' id='word_1_227' title='bbox 1818 4215 2031 4288; x_wconf 84' lang='lat' dir='ltr'>fuisse</span> <span class='ocrx_word' id='word_1_228' title='bbox 2082 4216 2251 4311; x_wconf 91' lang='lat' dir='ltr'>ipsis</span> <span class='ocrx_word' id='word_1_229' title='bbox 2294 4226 2677 4289; x_wconf 89' lang='lat' dir='ltr'>noscuntur</span> <span class='ocrx_word' id='word_1_230' title='bbox 2720 4218 2834 4288; x_wconf 87' lang='lat' dir='ltr'>vel</span> <span class='ocrx_word' id='word_1_231' title='bbox 2878 4238 3006 4311; x_wconf 91' lang='lat' dir='ltr'>per</span> <span class='ocrx_word' id='word_1_232' title='bbox 3049 4239 3457 4311; x_wconf 89' lang='lat' dir='ltr'>commune,</span> 
     </span>
     <span class='ocr_line' id='line_1_26' title="bbox 640 4324 3466 4435; baseline 0.004 -31"><span class='ocrx_word' id='word_1_233' title='bbox 640 4342 848 4424; x_wconf 88' lang='lat' dir='ltr'>prout</span> <span class='ocrx_word' id='word_1_234' title='bbox 877 4333 1150 4405; x_wconf 29' lang='lat' dir='ltr'>*melius</span> <span class='ocrx_word' id='word_1_235' title='bbox 1196 4336 1497 4430; x_wconf 88' lang='lat' dir='ltr'>populus</span> <span class='ocrx_word' id='word_1_236' title='bbox 1547 4346 1616 4408; x_wconf 85' lang='lat' dir='ltr'>et</span> <span class='ocrx_word' id='word_1_237' title='bbox 1665 4359 2037 4410; x_wconf 91' lang='lat' dir='ltr'>commune</span> <span class='ocrx_word' id='word_1_238' title='bbox 2092 4340 2405 4435; x_wconf 84' lang='lat' dir='ltr'>predicte</span> <span class='ocrx_word' id='word_1_239' title='bbox 2434 4324 2751 4411; x_wconf 61' lang='lat' dir='ltr'>&#39;civitatis</span> <span class='ocrx_word' id='word_1_240' title='bbox 2806 4341 3105 4434; x_wconf 86' lang='lat' dir='ltr'>eligent,</span> <span class='ocrx_word' id='word_1_241' title='bbox 3164 4343 3466 4417; x_wconf 87' lang='lat' dir='ltr'>debeant</span> 
     </span>
     <span class='ocr_line' id='line_1_27' title="bbox 643 4456 3467 4558; baseline 0.006 -36"><span class='ocrx_word' id='word_1_242' title='bbox 643 4456 996 4528; x_wconf 89' lang='lat' dir='ltr'>resarciri.·</span> <span class='ocrx_word' id='word_1_243' title='bbox 1032 4457 1488 4530; x_wconf 74' lang='lat' dir='ltr'>Concedimus</span> <span class='ocrx_word' id='word_1_244' title='bbox 1524 4460 1734 4532; x_wconf 82' lang='lat' dir='ltr'>etiam</span> <span class='ocrx_word' id='word_1_245' title='bbox 1782 4463 1882 4533; x_wconf 90' lang='lat' dir='ltr'>eis</span> <span class='ocrx_word' id='word_1_246' title='bbox 1918 4461 2108 4554; x_wconf 89' lang='lat' dir='ltr'>quod</span> <span class='ocrx_word' id='word_1_247' title='bbox 2141 4463 2334 4533; x_wconf 89' lang='lat' dir='ltr'>nulla</span> <span class='ocrx_word' id='word_1_248' title='bbox 2365 4483 2663 4558; x_wconf 87' lang='lat' dir='ltr'>persona</span> <span class='ocrx_word' id='word_1_249' title='bbox 2696 4466 3105 4538; x_wconf 82' lang='lat' dir='ltr'>extrahatur</span> <span class='ocrx_word' id='word_1_250' title='bbox 3144 4467 3234 4540; x_wconf 90' lang='lat' dir='ltr'>de</span> <span class='ocrx_word' id='word_1_251' title='bbox 3278 4468 3467 4540; x_wconf 85' lang='lat' dir='ltr'>Fano</span> 
     </span>
     <span class='ocr_line' id='line_1_28' title="bbox 648 4576 3467 4686; baseline 0.005 -38"><span class='ocrx_word' id='word_1_252' title='bbox 648 4598 775 4671; x_wconf 89' lang='lat' dir='ltr'>pro</span> <span class='ocrx_word' id='word_1_253' title='bbox 820 4579 1061 4652; x_wconf 86' lang='lat' dir='ltr'>obside</span> <span class='ocrx_word' id='word_1_254' title='bbox 1103 4583 1219 4654; x_wconf 77' lang='lat' dir='ltr'>vel</span> <span class='ocrx_word' id='word_1_255' title='bbox 1266 4593 1587 4679; x_wconf 88' lang='lat' dir='ltr'>suspecto</span> <span class='ocrx_word' id='word_1_256' title='bbox 1640 4585 1751 4658; x_wconf 88' lang='lat' dir='ltr'>vel</span> <span class='ocrx_word' id='word_1_257' title='bbox 1804 4576 2182 4657; x_wconf 82' lang='lat' dir='ltr'>soldatario</span> <span class='ocrx_word' id='word_1_258' title='bbox 2232 4607 2357 4657; x_wconf 88' lang='lat' dir='ltr'>seu</span> <span class='ocrx_word' id='word_1_259' title='bbox 2405 4586 2539 4659; x_wconf 89' lang='lat' dir='ltr'>alia</span> <span class='ocrx_word' id='word_1_260' title='bbox 2587 4602 3027 4683; x_wconf 85' lang='lat' dir='ltr'>quacumque</span> <span class='ocrx_word' id='word_1_261' title='bbox 3083 4611 3290 4662; x_wconf 87' lang='lat' dir='ltr'>causa</span> <span class='ocrx_word' id='word_1_262' title='bbox 3340 4611 3467 4686; x_wconf 87' lang='lat' dir='ltr'>pro</span> 
     </span>
     <span class='ocr_line' id='line_1_29' title="bbox 651 4700 3467 4805; baseline 0.005 -37"><span class='ocrx_word' id='word_1_263' title='bbox 651 4700 872 4796; x_wconf 87' lang='lat' dir='ltr'>culpis</span> <span class='ocrx_word' id='word_1_264' title='bbox 903 4713 973 4777; x_wconf 89' lang='lat' dir='ltr'>et</span> <span class='ocrx_word' id='word_1_265' title='bbox 1005 4704 1283 4779; x_wconf 84' lang='lat' dir='ltr'>offensis</span> <span class='ocrx_word' id='word_1_266' title='bbox 1323 4708 1704 4781; x_wconf 86' lang='lat' dir='ltr'>commissis</span> <span class='ocrx_word' id='word_1_267' title='bbox 1751 4708 2089 4781; x_wconf 87' lang='lat' dir='ltr'>hactenus</span> <span class='ocrx_word' id='word_1_268' title='bbox 2139 4732 2268 4805; x_wconf 88' lang='lat' dir='ltr'>per</span> <span class='ocrx_word' id='word_1_269' title='bbox 2312 4711 2630 4804; x_wconf 89' lang='lat' dir='ltr'>eosdem,</span> <span class='ocrx_word' id='word_1_270' title='bbox 2662 4712 3028 4786; x_wconf 90' lang='lat' dir='ltr'>affidantes</span> <span class='ocrx_word' id='word_1_271' title='bbox 3071 4712 3262 4805; x_wconf 92' lang='lat' dir='ltr'>quod</span> <span class='ocrx_word' id='word_1_272' title='bbox 3297 4713 3467 4785; x_wconf 90' lang='lat' dir='ltr'>civi-</span> 
     </span>
    </p>
   </div>
  </div>
 </body>
</html>
