4364 5738
593 594 791 651 lxmcr.
827 588 955 665 l5.]
1476 580 1871 642 HISTORIA
1922 580 2514 644 DIPLOMATICA.
3371 586 3411 643 9

1826 853 2401 864 m—-m--a—-o—

708 1123 1144 1209 Sikenulfus
1194 1122 1769 1205 Beneventanus
1809 1121 2075 1232 judex,
2116 1124 2214 1204 ad
2270 1125 2717 1205 mandatum
2780 1125 3133 1235 Roggerii
3203 1127 3418 1235 Cap-

608 1258 852 1367 paliae
887 1259 983 1341 de
1019 1256 1377 1362 Amalfia,
1418 1255 1984 1371 inquisitionem
2021 1282 2159 1362 pro
2214 1266 2427 1365 parte
2481 1257 2890 1366 imperialis
2943 1258 3204 1342 curiae
3257 1259 3421 1342 fieri

602 1390 819 1500 jubet
860 1393 955 1473 de
991 1390 1480 1499 proventibus
1524 1387 1837 1498 majoris
1874 1387 2230 1471 ecclesiae
2264 1389 2856 1474 Beneventanae.

774 1592 964 1671 (Edit.
994 1608 1091 1670 ap.
1121 1591 1424 1669 Uarrum,
1452 1587 1589 1652 nal.
1621 1607 1797 1666 sacr„
1828 1597 1974 1651 tom.
2005 1590 2175 1668 VIII,
2205 1608 2268 1668 p.
2304 1600 2413 1652 133
2443 1598 2503 1652 et
2528 1592 2724 1673 seqq.)

709 1769 787 1839 In
823 1766 1102 1839 nomine
1136 1766 1439 1854 Domini,
1461 1787 1647 1837 anno
1672 1764 2017 1838 dominice
2052 1764 2547 1838 incarnationis
2574 1767 2935 1842 millesimo
2956 1769 3432 1842 ducentesimo

617 1890 1145 1984 quadragesimo
1178 1889 1428 1984 primo,
1450 1898 1520 1960 et
1540 1889 1868 1961 vicesimo
1894 1887 2205 1961 secundo
2235 1910 2420 1962 anno
2452 1890 2720 1985 imperii
2752 1891 3014 1964 domini
3046 1894 3261 1966 nostri
3281 1894 3439 1966 Fre-

621 2015 833 2088 derici
873 2013 1301 2087 invictissimi
1339 2014 1807 2085 Romanorum
1841 2012 2276 2106 imperatoris
2308 2034 2589 2106 semper
2613 2016 2922 2105 augusti,
2955 2018 3332 2089 Jerusalem
3369 2028 3442 2090 et

623 2138 846 2211 Sicilie
884 2137 1066 2231 regis
1100 2135 1606 2230 gloriosissimi,
1643 2135 1757 2207 die
1798 2134 2069 2206 sabbati
2099 2134 2433 2226 vigesimo
2468 2136 2668 2206 tertio
2705 2136 2960 2206 mensis
3002 2139 3437 2230 novembris,

627 2261 1134 2355 quintadecima
1171 2260 1588 2350 indictione,
1621 2259 1951 2353 scriptum
1986 2257 2316 2329 memorie
2347 2279 2390 2330 a
2420 2279 2534 2329 me
2571 2258 2923 2329 Sikenulfo
2957 2260 3445 2333 Beneventano

628 2386 857 2478 judice
888 2385 1297 2475 constitut03
1338 2394 1410 2456 et
1450 2384 1584 2456 hoc
1623 2382 2007 2481 quodcum
2050 2402 2278 2475 nuper
2319 2381 2734 2476 recepissem
2764 2403 2807 2452 a
2840 2381 3122 2455 domino
3153 2385 3447 2477 Rogerio

630 2509 951 2605 Cappalia
980 2508 1069 2580 de
1099 2506 1392 2580 Amalfia
1430 2508 1694 2578 litteras
1716 2527 1843 2578 suo
1870 2506 2094 2598 sigillo
2123 2526 2326 2577 cereo
2360 2505 2690 2597 sigillatas
2720 2506 2946 2577 taliter
2971 2508 3441 2580 continentes:

640 2660 673 2697 «
708 2632 1042 2704 Prudenti
1072 2632 1224 2703 viro
1248 2631 1470 2723 judic-i
1501 2630 1854 2703 Sikenulfo
1889 2629 1978 2700 de
2013 2631 2413 2701 Benevento
2448 2629 2671 2702 amico
2704 2651 2830 2702 suo
2860 2631 3240 2725 Roggerius
3273 2634 3449 2728 Cap-

634 2757 817 2851 palia
852 2755 941 2827 de
981 2754 1279 2827 Amalfia
1310 2756 1606 2826 salutem
1648 2763 1719 2826 et
1759 2753 2107 2825 sincerum
2145 2773 2480 2825 amorem.
2518 2753 2695 2838 Quia
2736 2753 3097 2827 certificari
3134 2757 3454 2828 volumus

637 2902 762 2977 pro
791 2890 987 2976 parte
1012 2880 1390 2973 majestatis
1413 2878 1787 2973 imperialis
1813 2888 1984 2972 quot
2015 2877 2308 2972 prandia
2341 2880 2508 2950 etin
2537 2879 2789 2971 quibus
2816 2880 3301 2954 festivitatibus
3328 2881 3455 2954 ha-

638 3004 802 3076 bere
831 3012 1345 3076 consueverunt
1375 3002 1606 3074 clerici
1632 3001 1912 3094 majoris
1945 3001 2234 3072 ecclesie
2265 3003 2756 3073 Beneventane
2779 3012 2852 3075 et
2876 3014 3048 3096 quot
3077 3003 3456 3078 hebdoma-

643 3127 887 3200 darum
933 3137 1005 3199 et
1046 3147 1183 3221 que
1229 3147 1522 3221 persone
1573 3134 2086 3197 consueverunt
2126 3108 2483 3219 percipere
2530 3135 2602 3196 et
2653 3126 2909 3198 habere
2953 3127 3326 3199 vivandam
3367 3129 3459 3199 ab

645 3251 931 3323 ecclesia
994 3251 1479 3322 Beneventana
1499 3303 1520 3342 ,
1582 3258 1891 3343 tempore
1950 3248 2226 3341 Rogerii
2288 3247 2786 3345 archiepiscopi
2856 3251 3143 3323 ecclesie
3215 3273 3461 3346 supra-

647 3375 828 3448 dicte
868 3372 1008 3470 (⁴),
1047 3397 1207 3446 cum
1251 3373 1455 3446 nobis
1494 3374 1630 3446 hoc
1678 3394 1806 3469 pro
1847 3383 2041 3466 parte
2080 3371 2271 3443 curie
2279 3425 2510 3443 .....
2549 3373 2639 3444 sit
2677 3373 3051 3465 incertum,
3094 3375 3462 3470 prudentie

648 3508 875 3571 vestre
910 3520 1002 3569 ex
1033 3498 1371 3593 imperiali
1405 3508 1600 3592 parte
1633 3496 2044 3567 mandamus
2092 3505 2436 3588 quatenus
2468 3496 2647 3567 facta
2680 3496 2994 3589 diligenti
3021 3498 3464 3591 inquisitione

648 3622 737 3693 de
764 3621 1117 3719 predictiS,
1134 3621 1461 3713 redigatis
1488 3621 1560 3691 in
1583 3619 1853 3714 scriptis
1883 3619 2210 3690 facientes
2237 3618 2489 3690 exinde
2517 3618 2667 3690 fieri
2695 3619 2787 3691 ad
2815 3625 3154 3695 cautelam
3178 3624 3466 3695 ecclesie

652 3755 723 3817 et
747 3746 914 3818 dicti
941 3745 1223 3840 capituli
1251 3746 1606 3840 publicum
1631 3743 2167 3814 instrumentum
2195 3739 2318 3840 [et]
2342 3743 2433 3815 ad
2460 3766 2590 3816 nos
2616 3744 2841 3838 ipsum
2875 3768 3002 3841 pro
3031 3756 3226 3841 parte
3254 3747 3470 3818 eccle-

652 3870 751 3940 sie
791 3871 996 3964 plene
1042 3869 1607 3941 transmittentes.
1652 3895 1687 3934 »
1720 3906 1822 3920 -
1848 3866 2251 3941 Mandatum
2282 3867 2480 3958 cujus
2518 3869 2773 3961 exequi
2805 3869 3041 3940 studui
3072 3868 3464 3963 diligenter,

654 4000 724 4062 et
750 3992 849 4062 sic
874 3991 1281 4064 denuntiata
1311 3992 1532 4064 forma
1558 3990 1867 4063 mandati
1896 3990 2109 4086 ipsius
2138 3990 2420 4064 domino
2441 3992 2926 4063 Bartholomeo
2951 3992 3327 4063 venerabili
3352 4014 3466 4064 ar·

659 4115 1102 4200 chidiacono,
1144 4127 1279 4187 etc.
1642 4127 1651 4136 ’

755 4239 1080 4331 Sequitur
1108 4241 1325 4311 forma
1358 4237 1815 4331 inquisitionis
1856 4260 1949 4310 ex
1985 4240 2289 4332 quodam
2324 4242 2781 4313 instrumento
2812 4263 2997 4315 anno
3033 4244 3250 4337 4247,
3281 4247 3471 4318 vice-

663 4362 833 4433 simo
862 4361 977 4434 die
1006 4362 1307 4453 augusti,
1331 4362 1704 4435 indictione
1732 4362 1817 4452 V,
1850 4364 2456 4454 confecto,eodem
2483 4364 2832 4438 Sikenulfo
2851 4368 2881 4460 j
2890 4368 3089 4441 udice
3115 4371 3471 4442 Beneven-

668 4493 824 4556 tano
857 4494 1258 4579 praesente,
1293 4484 1385 4557 ad
1415 4486 1822 4579 petitionem
1856 4485 2150 4581 Philippi
2179 4487 2450 4557 Frisarii
2484 4488 2572 4559 de
2609 4488 3030 4563 Benevento.

742 4710 818 4783 (t)
855 4711 1115 4786 Rogerius
1140 4711 1240 4768 iste
1269 4719 1514 4769 mortuus
1540 4719 1660 4771 erat
1686 4727 1830 4770 anno
1861 4714 2016 4781 ⁴22¹,
2046 4713 2134 4769 cui
2160 4714 2419 4770 successit
2443 4714 2757 4788 Hugolinus.

826 4808 931 4869 v1.

3495 1125 3554 1168 23
3575 1117 3840 1165 novembris.
