4364 5738
1028 573 1150 634 472
2025 575 2459 639 nmmum
2504 578 2852 641 ssscmtm
3470 582 3634 664 [An.
3672 584 3847 650 1246.

1029 707 1358 784 videlicet
1402 708 1793 782 edomanda
1845 710 2260 805 protervitas
2280 764 2300 800 ,
2330 713 2452 807 qni
2500 714 2680 786 sicut
2717 735 2760 786 a
2801 714 3006 787 nobis
3048 711 3212 786 fidei
3253 715 3658 811 disparitate
3690 730 3853 791 sunt

1030 831 1365 926 impares,
1398 832 1497 904 sic
1526 831 1921 904 devotionis
1953 832 2345 926 integritate
2375 834 2630 908 diversi
2648 889 2667 926 ,
2704 836 3067 909 temerarie
3097 834 3365 909 dudum
3396 838 3622 911 Sicilie
3648 861 3848 915 mon·

1010 963 1196 1034 ,tana
1225 955 1801 1044 conscenderant,
1836 966 1909 1028 et
1937 956 2195 1032 ibidem
2224 969 2563 1053 quantum
2595 971 2943 1056 poterant,
2978 961 3140 1032 licet
3173 981 3419 1057 parum
3460 966 3841 1058 potuerint,

1031 1087 1266 1150 nostre
1298 1079 1677 1172 majestatis
1707 1079 2000 1175 imperio
2035 1081 2544 1177 repugnabant.
2582 1083 2721 1155 Sed
2758 1093 2838 1155 ut
2866 1082 3161 1155 adversa
3200 1083 3403 1156 nobis
3432 1086 3744 1180 quelibet
3774 1088 3846 1160 in

1030 1201 1292 1276 directa
1337 1203 1726 1295 dirigantur
1771 1214 1843 1275 et
1881 1225 2124 1299 aspera
2163 1204 2236 1276 in
2279 1205 2428 1277 vias
2468 1207 2737 1300 planas,
2769 1206 3151 1279 Saracenos
3180 1208 3487 1303 prefatos
3517 1219 3843 1303 tanquam

1031 1327 1278 1399 timore
1302 1337 1538 1399 nostre
1570 1328 1879 1423 potentie
1923 1328 2353 1422 perterritos,
2387 1351 2518 1401 nec
2547 1331 2822 1402 fortune
2851 1330 3138 1402 Cesaree
3167 1332 3486 1403 volentes
3511 1334 3838 1426 ulterius,

1029 1449 1200 1543 quin
1232 1451 1464 1545 potius
1487 1472 1630 1527 non
1663 1452 1977 1523 valentes
2007 1452 2371 1542 obsistere,
2402 1453 2801 1547 nuperrime
2827 1453 3105 1525 noveris
3127 1452 3596 1547 descendisse,
3629 1458 3843 1530 solam

1032 1574 1479 1667 benignitatis
1531 1585 1824 1666 auguste
1876 1575 2416 1649 misericordiam
2472 1577 2947 1672 imploranoes.
2986 1578 3094 1649 Ex
3138 1600 3281 1672 quo
3325 1589 3396 1651 te
3440 1590 3841 1674 ceterosque

1030 1698 1274 1771 fideles
1314 1710 1589 1772 nostros
1619 1722 1779 1796 spes
1818 1701 2105 1797 pulchra
2138 1702 2533 1791 confoveat,
2567 1711 2649 1773 ut
2680 1723 2842 1773 cum
2877 1701 3048 1773 nihil
3083 1702 3286 1774 nobis
3313 1713 3476 1798 post
3505 1713 3697 1797 terga
3728 1725 3839 1777 re-

1031 1835 1314 1896 maneat
1370 1825 1558 1919 quod
1613 1845 1896 1900 causam
1941 1825 2012 1895 in
2057 1836 2410 1920 posterum
2463 1825 2837 1896 dubietatis
2882 1825 3217 1917 adducat,
3257 1836 3329 1897 et
3366 1828 3677 1921 quelibet
3709 1829 3842 1902 sint

1033 1947 1524 2043 impedimenta
1561 1949 1863 2038 sublata,
1892 1970 2030 2041 que
2062 1958 2379 2021 nostrum
2404 1948 2767 2042 hucusque
2793 1950 3220 2044 propositum
3251 1950 3722 2050 retardabant,
3751 1953 3843 2025 ad

1031 2083 1428 2144 nostrorum
1473 2072 1833 2144 rebellium
1882 2071 2208 2165 reliquias
2249 2069 2552 2143 finaliter
2581 2072 3081 2163 conterendas,
3126 2081 3451 2166 tanquam
3488 2073 3842 2147 liberiores

1028 2196 1121 2268 ad
1151 2195 1474 2289 gratiam,
1505 2206 1829 2291 potenter
1854 2207 1925 2268 et
1954 2196 2245 2267 viriliter
2272 2215 2598 2268 exercere
2624 2195 2933 2287 gladium
2964 2195 3430 2268 intendamus.

657 2787 932 2884 gama
1136 2774 1559 2856 Fridericus
1578 2835 1601 2876 ‚
1655 2773 2170 2855 Romanorum
2226 2770 2666 2879 imperator,
2716 2767 2977 2852 scribit
3019 2769 3180 2880 regi
3226 2769 3588 2852 Franciae
3632 2770 3835 2880 quod

669 2893 924 2949 amm]
1029 2934 1208 2991 cum
1246 2907 1491 2990 nuntii
1529 2906 1768 3015 ipsius
1804 2906 1883 2987 in
1919 2902 2457 2991 communibus
2495 2903 2816 3013 negotiis
2850 2903 3055 3011 apud
3089 2904 3377 2985 curiam
3414 2902 3832 2987 Romanam

1030 3040 1346 3122 minime
1408 3037 1905 3147 profecerint,
1965 3034 2395 3119 communis
2464 3034 2743 3143 injuria
2807 3045 3222 3145 utrumque
3292 3036 3572 3119 arctius
3632 3062 3830 3120 con-

1025 3170 1305 3280 jungat
1342 3171 1440 3251 ad
1476 3168 1918 3277 temporalia
1945 3168 2124 3278 jura
2160 3170 2432 3253 acriter
2465 3168 3008 3251 conservanda.

1193 3397 1460 3477 (Edlder.
1499 3397 1795 3458 Mnrm
1833 3405 1892 3459 et
1918 3398 2211 3471 Dunmn,
2241 3394 2516 3477 ampliss.
2546 3392 2787 3469 collect..
2822 3404 2872 3457 t.
2908 3396 2998 3469 11,
3037 3394 3169 3455 coll.
3214 3404 3589 3467 1143-1144,
3619 3404 3685 3455 n·‘
3723 3395 3827 3456 lx.

1263 3503 1356 3567 Ibi
1383 3520 1524 3565 vero
1562 3506 1879 3565 correctius
1908 3522 1985 3565 ex
2020 3504 2155 3567 cod.
2182 3503 2337 3566 Bibl-
2373 3503 2569 3565 cesar.
2611 3503 2831 3576 Paris„
2849 3498 3039 3580 sondt
3069 3497 3826 3579 smine-Gamdn-flaiaffi

1266 3620 1334 3675 11⁰
1362 3619 1510 3687 455,
1536 3626 1674 3687 pars
1692 3609 1794 3683 1.)*

1121 3806 1530 3890 FridericuS,
1560 3815 1730 3895 etc„
1758 3804 2107 3876 carissimo
2127 3803 2318 3875 fratri
2346 3825 2472 3876 suo
2499 3800 2846 3875 Ludovico
2873 3802 3023 3894 regi
3040 3800 3326 3874 Francis
3342 3804 3662 3891 salutem,
3693 3811 3822 3873 etc.

1022 3933 1169 4005 Etsi
1198 3954 1477 4003 causam
1509 3939 1809 4001 vestram
1844 3927 2309 4023 principaliter
2331 3927 2531 4021 agitis
2555 3949 2713 3999 cum
2745 3924 3042 3997 honores
3073 3936 3143 3997 et
3164 3927 3325 4017 jura
3356 3924 3826 4020 temporalium

1025 4055 1414 4151 principum
1452 4052 1701 4151 cupitis
1733 4052 2141 4122 immutilata
2170 4051 2470 4143 servari,
2503 4051 2672 4122 dum
2710 4060 2941 4121 tamen
2972 4048 3043 4119 in
3077 4048 3525 4142 negociorum
3557 4058 3823 4120 nostro·

1022 4200 1179 4249 rum
1229 4179 1512 4277 speculo
1548 4199 1675 4251 vos
1714 4175 1845 4275 ipsi
1889 4174 2165 4267 negotia
2199 4188 2426 4246 vestra
2461 4172 2880 4269 perspicitiS,
2919 4183 3109 4244 tanto
3139 4171 3338 4243 vobis
3381 4171 3828 4265 regratiamur

1023 4303 1320 4372 alacrius
1346 4310 1609 4395 quanto
1643 4321 1770 4377 vos
1805 4298 2120 4398 ampliori
2161 4298 2311 4370 zelo
2348 4297 2634 4390 diligere
2668 4297 3017 4392 profectus
3050 4306 3323 4368 nostros
3353 4296 3821 4387 agnoscimus,

1023 4422 1196 4494 illud
1238 4423 1308 4493 in
1351 4398 1602 4493 nostris
1645 4420 1962 4494 faciendo
2001 4421 2297 4514 negotiis
2343 4420 2531 4513 quod
2578 4419 2915 4492 hactenus
2964 4421 3190 4491 facere
3232 4416 3713 4513 supersedistis
3756 4418 3823 4487 in

1021 4545 1295 4618 vestris.
1333 4545 1636 4635 Obligari
1685 4555 2165 4616 verumtamen
2207 4544 2408 4617 vobis
2448 4565 2590 4616 non
2632 4565 2997 4638 possumus
3044 4542 3300 4613 arctius
3338 4543 3531 4613 velut
3575 4542 3696 4633 qui
3736 4561 3823 4612 ex

1020 4668 1306 4762 antiquo
1361 4667 1838 4740 familiaritatis
1877 4668 2035 4759 jure
2086 4678 2155 4739 et
2198 4666 2551 4739 affinitatis
2600 4686 2787 4738 nove
2830 4666 3150 4738 funiculo·
3174 4664 3383 4738 vobis
3431 4665 3615 4737 adeo
3668 4663 3820 4736 facti
