4364 5738
1025 574 1148 636 276
2023 576 2449 638 nmmum
2497 576 2847 638 ssscunni
3457 577 3623 655 [Anu.
3660 579 3834 641 1245.

1028 732 1241 790 cessa
1275 707 1561 791 eisdem
1597 706 1937 817 plenaria
1972 717 2337 815 potestate
2373 718 2459 790 ut
2493 707 2592 790 ab
2627 707 2892 816 iniquo
2920 730 3276 814 processu
3313 733 3544 816 quem
3578 719 3843 792 eontra

1032 864 1113 920 se
1185 864 1534 922 summus
1604 838 1943 948 pontifex
2005 865 2347 922 exercere
2424 839 2767 947 molitur,
2832 839 2930 920 ad
2992 837 3236 921 Deum
3251 901 3275 946 ,
3344 840 3444 921 ad
3502 839 3842 922 futurum

1032 994 1419 1053 summum
1465 971 1896 1080 pontificem
1914 1032 1937 1078 ,
1998 973 2096 1054 ad
2133 972 2562 1081 generalem
2620 973 3038 1082 synodum,
3080 972 3178 1053 ad
3224 971 3599 1080 principes
3647 972 3874 1085 Ale-A

1030 1104 1384 1184 manniae
1434 1113 1508 1186 et
1562 1105 1659 1186 ad
1711 1104 2103 1187 universos
2157 1130 2374 1213 reges
2437 1115 2513 1187 et
2561 1104 2939 1221 principes
2988 1103 3196 1186 orbis
3258 1103 3494 1187 libere
3545 1103 3841 1187 valeant

1031 1235 1438 1344 appellare.

1197 1449 1400 1527 (Nunc
1447 1449 1677 1511 edimus
1716 1467 1750 1510 e
1783 1450 1913 1510 cod.
1954 1450 2227 1511 biblioth.
2257 1451 2453 1512 Cesar.
2486 1451 2703 1528 Paris„
2738 1460 2804 1510 n⁰
2832 1458 3012 1526 8567,
3043 1450 3147 1511 fol.
3190 1459 3266 1510 74
3311 1466 3511 1530 verso,
3543 1459 3619 1510 75
3660 1457 3836 1512 recto.

1267 1587 1348 1598 —
1375 1555 1574 1614 Edidit
1601 1572 1836 1632 quoque
1874 1557 2108 1630 Pnarz,
2139 1556 2399 1617 Menum.
2440 1558 2628 1615 Germ.
2668 1554 2832 1627 hist„
2867 1563 2911 1616 t.
2946 1556 3055 1629 IV,
3085 1574 3145 1634 p.
3182 1565 3333 1629 853,
3371 1574 3404 1616 e
3432 1556 3559 1617 cod.
3607 1557 3841 1617 Wiihe-

1270 1662 1450 1738 ring„
1482 1662 1679 1721 minus
1703 1668 1900 1720 tamen
1928 1668 2083 1721 recte
2107 1667 2166 1721 et
2197 1663 2442 1739 integre.
2473 1663 2657 1722 Adest
2681 1665 2858 1722 etiam
2886 1664 2947 1721 in
2981 1663 3114 1721 cod.
3146 1661 3294 1722 bibi.
3331 1661 3591 1722 Vindob.
3621 1658 3834 1722 Philet.

1167 1764 1173 1771 ’
1274 1775 1413 1843 805,
1442 1766 1545 1826 foi.
1580 1775 1656 1826 98
1686 1783 1881 1838 verso,
1907 1783 2114 1843 parum
2143 1785 2180 1827 a
2208 1767 2404 1828 codiee
2442 1769 2698 1829 Wilher.
2737 1768 3102 1844 discrepan83
3134 1771 3196 1827 in
3232 1767 3325 1826 his
3360 1766 3593 1828 duobus
3632 1767 3840 1845 legitur

1269 1869 1620 1942 rada-im,
1650 1873 1715 1935 in
1743 1878 1945 1932 nostro
1971 1880 2170 1933 autem
2199 1874 2352 1934 male
2382 1871 2698 1934 Gom-adm.
2731 1873 2821 1935 Cf.
2843 1873 3104 1946 Baua,
3130 1870 3398 1945 M'uceII„
3424 1880 3475 1934 t.
3505 1875 3557 1949 1,
3587 1890 3648 1947 p.
3679 1871 3840 1963 19⁴.)

1127 2056 1557 2147 FredericuS,
1584 2066 1750 2147 etc.,
1778 2057 2293 2128 venerabilibus
2323 2058 2394 2129 in
2427 2058 2693 2131 Christo
2726 2058 3038 2154 patribus
3071 2067 3505 2130 sacrosancte
3538 2060 3839 2130 Romane

1028 2180 1332 2252 Ecclesie
1373 2179 1872 2271 cardinalibuS,
1920 2191 2053 2252 etc.
2103 2181 2607 2253 Conscientiam
2656 2192 2996 2272 vestram,
3043 2182 3101 2252 si
3147 2183 3341 2254 salvo
3388 2181 3656 2276 pudore
3692 2183 3842 2274 jus·

1033 2304 1178 2374 titie
1212 2304 1580 2396 diligenter
1616 2284 2033 2397 exquiritur,
2072 2305 2289 2376 latere
2327 2327 2470 2378 non
2502 2304 2849 2377 credimus
2888 2305 3186 2397 qualiter
3214 2305 3549 2377 hactenus
3587 2304 3674 2376 ad
3714 2303 3841 2376 ho·

1031 2448 1273 2499 norem
1331 2426 1456 2498 Dei
1495 2436 1566 2498 et
1614 2440 2049 2499 sacrosancte
2092 2429 2401 2499 Romane
2456 2427 2760 2500 Ecclesia
2820 2429 3059 2499 matris
3102 2439 3364 2517 nostre,
3401 2428 3600 2519 cujus
3655 2427 3845 2498 velut

1032 2549 1400 2622 christiane
1427 2549 1601 2641 legis
1628 2558 1699 2620 et
1730 2548 2116 2622 orthodoxe
2147 2548 2311 2622 fidei
2348 2551 2684 2623 zelatores
2740 2551 3069 2623 devotum
3110 2552 3407 2622 fatemur
3453 2571 3581 2621 nos
3627 2547 3840 2621 filium

1033 2682 1104 2745 et
1134 2673 1505 2768 specialem
1540 2673 2094 2765 recognoscimus
2133 2673 2605 2765 defensorem,
2653 2677 2853 2768 cujus
2889 2676 3096 2747 etiam
3133 2695 3327 2746 sacra
3364 2674 3687 2769 mysteria
3726 2694 3839 2745 ca-

1035 2796 1285 2869 tholice
1318 2796 1609 2869 colimus
1643 2806 1713 2868 et
1751 2806 1894 2868 tota
1926 2796 2155 2869 cordis
2197 2807 2269 2871 et
2300 2799 2609 2895 corporis
2652 2799 3041 2872 reverentia
3080 2819 3521 2889 veneramur,
3565 2796 3842 2892 grandis

1032 2919 1433 2992 humilitatis
1460 2932 1530 2992 et
1556 2922 1762 3014 plene
1792 2921 2238 3012 subjectionis
2271 2921 2467 3013 signa
2495 2923 3055 3024 monstravimus,
3078 2932 3156 2993 ut
3178 2922 3378 2993 istam
3407 2922 3587 2993 inter
3616 2943 3740 2993 nos
3771 2931 3841 2991 et

1032 3065 1381 3114 summum
1441 3042 1838 3137 pontificem
1889 3045 2396 3115 sanctissimum
2458 3054 2725 3139 patrem
2788 3056 3100 3118 nostrum
3165 3045 3604 3117 dissentionis
3665 3045 3840 3116 hor-

1033 3164 1249 3235 rende
1290 3166 1691 3255 materiam,
1737 3187 1946 3259 quam
1989 3189 2128 3237 non
2169 3168 2318 3238 sine
2360 3168 2703 3240 dedecore
2746 3171 3044 3263 partium
3083 3179 3153 3240 et
3182 3168 3557 3240 universali
3600 3167 3838 3239 discri-

1033 3287 1219 3358 mine
1274 3288 1688 3382 populorum
1750 3289 2001 3381 vulgus
2044 3290 2221 3383 proh
2268 3288 2525 3384 pudorl
2583 3291 2959 3364 ludibriose
3006 3292 3151 3383 jam
3221 3291 3550 3385 loquitur,
3600 3291 3840 3362 sedare

1032 3431 1425 3506 possemus3
1479 3432 1609 3482 nec
1642 3410 1871 3482 adhuc
1922 3433 2154 3483 coram
2191 3414 2389 3484 vobis
2437 3413 2556 3506 qui
2594 3414 2797 3509 positi
2846 3425 3175 3507 tanquam
3230 3414 3592 3485 luminaria
3635 3434 3843 3507 super

1034 3546 1343 3608 montem
1389 3536 1635 3608 lucetis
1689 3537 1759 3606 in
1818 3538 2139 3629 gentibus
2180 3549 2253 3609 et
2289 3540 2483 3609 velut
2525 3537 2688 3611 fidei
2730 3540 3047 3612 cardines
3083 3540 3316 3632 regitis
3353 3541 3637 3613 domum
3672 3539 3835 3627 Dei,

1036 3662 1294 3732 referre
1343 3682 1472 3733 nos
1523 3660 1773 3732 devote
1826 3660 2304 3732 satisfactionis
2348 3661 2567 3757 pudet
2611 3663 2941 3756 insignia,
2990 3686 3127 3758 que
3179 3663 3386 3735 salvis
3426 3662 3836 3751 honoribuS,

1026 3785 1299 3877 juribus
1359 3793 1430 3855 et
1482 3783 1932 3876 dignitatibus
1980 3785 2234 3856 nostris
2291 3795 2826 3879 nostrorumque
2877 3785 3185 3859 fidelium
3231 3796 3372 3857 tam
3430 3787 3502 3858 in
3557 3785 3840 3881 imperio

1036 3932 1245 4004 quam
1276 3909 1349 3979 in
1382 3908 1613 4000 regnis
1646 3909 1931 3998 nostris,
1976 3909 2232 3979 fuimus
2265 3910 2491 3981 eidem
2526 3909 2810 3983 domino
2847 3910 3027 4005 patri
3057 3920 3297 3983 nostro
3333 3920 3404 3982 et
3442 3932 3678 3982 sumus
3712 3908 3840 3979 hu-

1036 4034 1289 4106 militer
1326 4031 1574 4106 offerre
1609 4031 1869 4127 parati,
1918 4033 1974 4103 si
2020 4043 2250 4103 tamen
2294 4032 2440 4126 ipse
2478 4054 2606 4105 nos
2651 4031 2872 4104 filium
2922 4034 3225 4105 caritatis
3278 4043 3564 4129 paterne
3614 4032 3841 4106 debita

1037 4157 1369 4229 relatione
1413 4164 1809 4248 cognoscat.
1850 4154 2263 4226 Dubitantes
2297 4164 2780 4227 verumtamen
2820 4178 2910 4227 ne
2956 4157 3069 4228 vel
3115 4178 3227 4228 res
3264 4156 3447 4227 inter
3486 4156 3656 4228 alios
3691 4163 3842 4225 acta

1040 4288 1281 4351 contra
1303 4281 1420 4368 jus
1444 4279 1777 4374 scriptum
1799 4279 1941 4369 juri
1969 4290 2206 4351 nostro
2240 4278 2627 4374 prejudicet
2653 4281 2767 4351 vel
2810 4279 2897 4351 de
2940 4280 3286 4375 preteritis
3321 4289 3655 4374 concepta
3694 4300 3842 4349 sus·

1039 4399 1220 4495 picio
1263 4420 1541 4471 eausam
1591 4413 1959 4495 exasperet
2003 4424 2444 4474 successuum
2486 4403 2917 4492 futurorum,
2964 4404 3282 4475 timentes
3322 4402 3841 4490 nichilominuS,

1039 4533 1120 4593 ut
1154 4522 1520 4614 loquamur
1569 4522 1659 4594 ad
1705 4524 2041 4614 litteram,
2080 4547 2171 4595 ne
2223 4524 2473 4596 sedens
2518 4526 2589 4596 in
2627 4526 2798 4598 solio
2831 4527 3077 4598 Christi
3108 4527 3407 4598 vicarius
3436 4525 3849 4598 venerabilis

1041 4657 1239 4743 pater
1257 4655 1490 4717 noster
1512 4644 1801 4740 (utinam
1816 4649 2045 4739 justus
2060 4649 2287 4741 judex
2301 4646 2382 4746 l),
2407 4649 2519 4722 cui
2541 4652 2843 4743 legatum
2868 4650 3060 4747 pacis
3080 4650 3475 4723 hominibus
3503 4649 3848 4743 erogande
