4364 5738
575 501 778 560 luntur.
813 499 903 576 2.]
1478 498 1874 559 ms'roma
1926 496 2512 559 DIPLOMATICA.
3288 505 3402 564 143

576 634 944 729 imperium
999 644 1314 706 nostrum
1364 644 1761 729 perpetrata
1816 641 2320 720 commoverat,
2382 640 2661 726 praeter
2714 633 3024 704 omnium
3077 657 3272 730 spem
3333 649 3402 710 et

576 780 816 832 eorum
860 758 1222 849 meritum,
1266 781 1358 830 ne
1400 759 1493 830 ad
1532 757 1909 830 vindictam
1957 756 2210 829 nobilis
2261 757 2363 826 ira
2406 757 2855 850 procederet,
2901 757 3264 850 deliniret,
3317 783 3401 834 ac

575 882 758 954 inter
807 903 1049 953 omnes
1102 882 1412 953 Ecclesie
1461 883 1772 954 Romane
1821 879 2210 952 cardinales
2272 879 2643 974 precipuus
2702 881 2965 952 amicus
3027 893 3261 954 noster
3309 885 3401 957 ad

578 1006 740 1077 talia
772 1005 1187 1093 mitteretur,
1236 1006 1420 1079 Otho
1460 1007 1823 1094 videlicet,
1867 1004 2099 1077 Sancti
2143 1003 2408 1075 Nicolai
2454 1003 2525 1073 in
2573 1025 2849 1075 carcere
2888 1006 3202 1078 Tulliano
3242 1008 3401 1079 dia-

576 1150 794 1201 conus
836 1129 1245 1220 cardinalis,
1295 1130 1415 1221 qui
1466 1152 1591 1202 sue
1631 1129 1794 1201 fidei
1827 1130 2125 1224 puritate
2161 1127 2619 1200 diffidentiam
2656 1139 3000 1220 nostram,
3043 1153 3138 1202 ex
3169 1142 3400 1226 prete·

574 1251 721 1323 ritis
764 1273 904 1324 non
939 1253 1193 1345 injuste
1238 1263 1681 1348 conceptam,
1728 1255 1819 1324 ab
1859 1253 2102 1324 intimo
2140 1251 2358 1324 nostri
2404 1251 2632 1323 cordis
2674 1253 3016 1344 evellenS,
3066 1255 3399 1327 intercesss

573 1376 784 1447 sionis
841 1376 1064 1449 amice
1128 1377 1499 1450 dulcedine
1563 1390 1800 1452 nostre
1868 1377 2118 1449 mentis
2190 1375 2525 1448 duriciem
2591 1376 2955 1448 emolliret.
3022 1379 3144 1450 Cui
3205 1381 3399 1453 nullo

573 1497 781 1571 modo
826 1521 921 1570 ex
967 1498 1106 1571 fide
1158 1522 1518 1594 possemus
1566 1501 1902 1596 promissa
1954 1499 2333 1573 decredere
2354 1552 2375 1589 ,
2432 1520 2564 1571 nec
2599 1520 2693 1570 ex
2734 1499 3099 1572 affectione
3156 1524 3400 1596 preces

571 1634 1188 1716 quantumcunque
1254 1625 1695 1717 gravissimas
1762 1623 2123 1696 obaudire;
2182 1622 2612 1718 Supplicavit
2670 1623 2904 1716 itaque
2961 1624 3092 1695 iste
3150 1626 3399 1698 charus

573 1746 834 1818 amicus
879 1758 1143 1836 noster,
1190 1748 1399 1821 homo
1431 1750 1658 1821 bonus
1693 1758 1764 1819 et
1794 1771 2047 1842 puruS,
2086 1768 2178 1818 ex
2227 1755 2423 1841 parte
2476 1745 2691 1840 patris
2731 1754 2802 1817 et
2832 1747 3157 1839 fratrum,
3195 1760 3271 1821 ut
3308 1750 3400 1821 ah

572 1869 935 1943 obsidione
976 1871 1275 1943 civitatis
1304 1871 1592 1944 Viterbii
1628 1871 2073 1957 recedenteS,
2108 1869 2669 1964 impugnationes
2709 1870 3008 1941 civitatis
3053 1872 3392 1963 ejusdem,

571 1995 856 2066 remotis
884 1993 1253 2065 insultibus
1291 1995 1545 2066 nostris
1586 2003 1657 2065 et
1690 1995 1936 2066 dirutis
1966 1992 2307 2063 machinis
2351 1994 2780 2080 laxaremus3
2821 2015 3033 2085 quam
3075 1997 3401 2087 magister

569 2117 956 2211 Raynerius
1001 2117 1089 2188 de
1134 2116 1479 2208 Viterbio,
1528 2116 1897 2189 cardinalis
1942 2116 2059 2187 ille
2099 2116 2430 2207 inquam,
2477 2115 2782 2186 famosus
2827 2116 3090 2187 amicus
3132 2129 3394 2209 noster,

568 2239 1038 2333 stipendiariis
1072 2239 1382 2332 undique
1417 2249 1487 2310 et
1516 2239 1886 2310 balistariis
1927 2236 2362 2329 congregatis
2402 2234 2508 2330 (ut
2546 2237 2813 2309 facilius
2846 2237 3201 2310 hominum
3238 2261 3399 2310 san-

568 2363 852 2453 guinem
889 2372 960 2433 et
991 2363 1209 2434 vitam
1257 2361 1711 2458 effunderet),
1747 2363 2070 2433 obsessus
2101 2361 2395 2432 interius
2432 2360 2887 2452 defendebat3
2935 2361 3262 2434 adhibitis
3306 2366 3400 2437 ad

571 2486 1024 2557 ministerium
1076 2486 1520 2558 defensorum
1569 2485 1999 2578 obsequiosis
2052 2484 2465 2579 manipuliS,
2522 2484 2851 2555 fratribus
2902 2485 3285 2558 minoribus
3330 2500 3402 2559 et

571 2601 1121 2704 predicatoribus
1177 2610 1438 2682 scilicet
1492 2611 1613 2703 qui
1663 2611 1752 2682 de
1803 2609 2122 2680 manibus
2174 2607 2472 2703 propriis
2527 2618 2858 2699 tanquam
2914 2630 3005 2678 ex
3059 2610 3399 2702 pharetris

571 2732 857 2823 sagittas
909 2733 1300 2805 mortiferas
1368 2734 1785 2823 educenteS,
1842 2733 2343 2822 ,iaculatoribus
2398 2731 2873 2801 remissionem
2933 2735 3401 2825 quorumlibet

571 2866 1050 2950 peccatorum,
1092 2857 1588 2950 quosecurius
1634 2867 1844 2952 atque
1891 2854 2219 2927 libentius
2260 2863 2537 2926 nostros
2577 2853 3011 2945 occiderent,
3054 2857 3399 2930 ministra-

569 2979 764 3052 bant.
822 2981 964 3051 Nos
1016 2991 1250 3052 autem
1295 2981 1601 3054 Ecclesie
1651 2981 1891 3053 matris
1939 2990 2173 3052 nostre
2206 3000 2465 3073 preces
2519 2988 2850 3050 consueta
2904 2981 3050 3071 jam
3107 2982 3400 3053 exandi·

571 3102 760 3173 tione
820 3102 1073 3174 devote
1135 3105 1600 3198 suscepimus,
1652 3126 1828 3197 quas
1881 3110 2114 3176 tantus
2158 3114 2358 3198 pater
2415 3112 2486 3174 et
2532 3113 2672 3173 tam
2735 3103 3087 3175 familiaris
3138 3106 3401 3178 amicus

571 3232 836 3314 noster,
873 3235 953 3295 ut
986 3224 1318 3313 diximuS,
1359 3228 1921 3303 affectuosissime
1954 3227 2384 3322 porrigebat,
2422 3226 2634 3296 miras
2675 3236 2745 3297 et
2776 3226 3156 3299 ineffabiles
3202 3231 3401 3301 nobis

569 3369 697 3441 pro
733 3356 931 3441 parte
973 3347 1225 3418 summi
1259 3347 1599 3442 pontificis
1632 3359 1703 3421 et
1734 3350 2188 3422 cardinalium
2222 3349 2538 3421 ‘omnium
2573 3350 2990 3442 generaliter
3026 3362 3099 3423 et
3133 3354 3397 3447 specia-

570 3470 727 3541 liter
763 3492 859 3541 ex
895 3471 1493 3543 consummatione
1525 3473 1715 3566 pacis
1753 3473 1932 3545 inter
1962 3495 2090 3546 nos
2131 3483 2203 3545 et
2235 3473 2617 3544 Ecclesiam
2649 3473 2905 3564 gratias
2944 3475 3392 3568 promittens3

570 3595 953 3689 expressim
993 3596 1329 3688 adjiciens
1362 3605 1432 3667 et
1468 3618 1562 3668 ex
1598 3597 2039 3696 stipulatione
2075 3597 2437 3669 nobiscum
2477 3605 2828 3669 contracta
2867 3597 3244 3669 solenniter
3283 3621 3396 3669 re·

570 3718 979 3811 promittens
1025 3719 1218 3814 quod
1258 3720 1610 3792 Simonem
1661 3720 1984 3792 comitem
2026 3719 2434 3792 Theatinum
2480 3729 2551 3791 et
2603 3720 2777 3792 alios
2822 3721 3075 3791 milites
3128 3731 3400 3792 nostros

570 3841 1068 3934 Theutonicos,
1127 3866 1403 3917 necnon
1460 3854 1530 3917 et
1578 3843 1891 3934 Latinos,
1935 3843 2075 3916 imo
2123 3854 2196 3915 et
2246 3843 2718 3917 viterbienses
2763 3865 3042 3930 omnes,
3098 3864 3273 3936 quos
3326 3845 3396 3915 in

571 3975 794 4040 castro
825 3967 1112 4040 Viterbii
1144 3990 1273 4063 pro
1309 3968 1448 4041 fide
1501 3978 1737 4040 nostra
1783 3976 2208 4065 pugnanteS,
2256 3968 2575 4060 religiosa
2628 3964 2917 4062 perfidia
2963 3966 3241 4037 tenebat
3288 3967 3396 4038 in-

571 4091 834 4182 clusos,
887 4113 1046 4163 cum
1100 4094 1291 4164 omni
1335 4094 1557 4165 salute
1602 4115 1974 4189 corporum
2020 4104 2092 4165 et
2136 4093 2588 4165 indemnitate
2648 4112 2883 4163 rerum
2940 4091 3140 4162 nobis
3194 4092 3398 4163 resti-

573 4218 769 4284 tuere
818 4214 1109 4287 deberet
1143 4243 1161 4287 :
1210 4227 1282 4288 et
1319 4218 1512 4309 quod
1549 4217 2096 4290 viterbiensibus
2141 4215 2468 4311 predictis
2519 4215 2592 4285 in
2642 4213 2921 4286 civitate
2966 4216 3398 4288 morantibus

572 4344 644 4407 et
674 4336 767 4408 ad
793 4358 921 4409 nos
954 4340 1150 4413 exire
1177 4342 1578 4433 'volentibus
1611 4364 1740 4414 seu
1781 4341 1989 4413 etiam
2043 4340 2196 4412 aliis
2236 4339 2502 4411 civibus
2540 4338 2836 4410 civitatis
2884 4339 3234 4431 ejusdem,
3275 4342 3397 4432 qui

570 4466 961 4533 ceterorum
1025 4484 1309 4537 suorum
1366 4465 1621 4537 civium
1685 4463 2197 4537 communicare
2267 4460 2555 4557 perfidie
2614 4474 3011 4536 recusantes
3034 4517 3053 4554 ,
3119 4465 3213 4536 ad
3268 4486 3397 4535 nos

571 4581 841 4676 pridem
892 4584 1291 4679 exiverant,
1341 4590 1534 4660 nulla
1578 4610 1863 4684 prorsus
1894 4587 1964 4659 in
1998 4585 2312 4681 personis
2361 4596 2482 4657 aut
2529 4587 2738 4659 rebus
2782 4587 3035 4679 injuria
3075 4609 3198 4659 seu
3241 4608 3392 4657 mo-
