4364 5738
587 540 791 622 hemer.
824 539 918 617 5.]
1484 535 1880 599 ms'fflmn
1921 533 2522 599 fflPLOM'ATch.
3300 538 3422 604 498

591 680 696 744 est
743 671 1047 762 dictum,
1100 680 1403 744 castrum
1451 671 1680 767 ipsum
1729 693 1892 743 cum
1948 671 2169 762 viliis,
2238 671 2557 743 districtu
2610 678 2681 742 e't
2726 672 3176 766 pertinenciis
3230 675 3414 765 suis,

589 796 807 889 silvis„
841 797 1154 891 pascuis,
1188 796 1438 891 pratis,
1471 796 1901 887 nemoribus,
1931 797 2135 891 aquis
2167 813 2649 890 aquarumque
2683 796 3128 888 decursibus,
3162 799 3417 872 fodinis

586 920 856 992 metalli
874 921 1374 1014 cujuscumque
1401 920 1676 1011 generis
1707 929 1779 992 et
1807 921 2066 1016 speciei
2092 920 2267 1011 sint,
2302 920 2812 1015 pertinentibus
2848 921 2943 992 ad
2976 922 3302 1013 eosdem,
3340 933 3418 996 et

587 1066 746 1117 cum
774 1044 963 1117 omni
992 1044 1257 1116 honore
1293 1053 1364 1115 et
1385 1044 1871 1136 'jurisdictione
1899 1045 2105 1117 castri
2132 1044 2464 1140 predicti,
2498 1065 2691 1115 mero
2722 1054 2795 1115 et
2827 1044 3048 1116 mixte
3077 1045 3408 1140 imperio,

587 1189 726 1262 que
758 1167 1096 1240 hactenus
1130 1168 1392 1240 domini
1419 1168 1800 1262 supradicti
1821 1169 1950 1239 vel
1983 1189 2226 1240 eorum
2253 1171 2389 1260 maj
2399 1189 2555 1240 ores
2582 1168 2657 1238 in
2684 1178 2913 1240 castro
2940 1168 3159 1258 dicto,
3184 1169 3412 1242 homi·

583 1292 789 1364 nibus
825 1303 899 1364 et
937 1292 1254 1364 districtu
1286 1292 1613 1364 habuisse
1651 1301 2068 1380 noscuntur-3
2107 1303 2189 1364 ut
2218 1291 2530 1387 predicta
2564 1293 2796 1364 omnia
2829 1292 2995 1365 dicti
3022 1294 3293 1365 nobiies
3320 1296 3412 1367 de

583 1417 854 1487 Lanceo
882 1425 1223 1487 eteorum
1251 1416 1572 1506 heredeS,
1599 1427 1679 1488 ut
1703 1416 1968 1488 dictum
1998 1426 2130 1507 est,
2163 1417 2234 1487 in
2264 1417 2550 1489 feudum
2585 1417 2676 1488 ab
2702 1416 2994 1512 imperio
3029 1428 3312 1490 teneant
3332 1428 3413 1490 et

583 1538 791 1610 etiam
815 1549 1320 1632 recognoscant
1354 1549 1426 1611 et
1457 1539 1693 1612 debita
1723 1541 2006 1612 servitia
2032 1541 2329 1635 proinde
2360 1542 2585 1612 facere
2616 1551 3008 1613 teneantur.
3030 1542 3413 1615 Statuimus

582 1662 793 1735 etiam
822 1673 891 1734 et
916 1664 1221 1758 presenti
1248 1663 1660 1736 mandamus
1688 1665 1916 1736 edicto
1931 1664 2134 1758 quod
2161 1664 2504 1737 universis
2539 1663 2864 1737 fidelibus
2890 1666 2993 1736 ire
3012 1665 3412 1738 volentibus

582 1808 743 1858 cum
780 1786 1241 1859 mercimoniis
1274 1788 1415 1859 suis
1445 1788 1538 1859 ad
1569 1798 1871 1859 castrum
1898 1788 2292 1881 predictum
2322 1798 2465 1859 tam
2493 1789 2609 1862 die
2638 1789 2770 1861 fori
2801 1789 3059 1861 ibidem
3088 1790 3268 1861 soliti
3295 1811 3405 1861 ce·

580 1910 833 1983 lebrari
864 1932 1075 2003 quam
1112 1910 1289 2001 aliis,
1330 1910 1546 1982 libere
1588 1933 1907 1983 accessus
1954 1921 2186 2004 pateat
2218 1922 2289 1983 et
2323 1934 2680 2005 regressus
2724 1913 2877 1984 sine
2918 1914 3236 1986 molestia
3278 1914 3404 1985 ali-

578 2056 877 2128 quorum
907 2044 979 2106 et
1006 2035 1372 2106 exactione
1405 2035 1697 2128 alicujus
1727 2035 1893 2107 novi
1931 2035 2234 2130 pedagii,
2274 2036 2463 2128 quod
2495 2057 2620 2131 pro
2652 2036 2892 2129 aliquo
2922 2038 3108 2108 ultra
3140 2058 3404 2112 morem

578 2158 857 2232 solitum
877 2159 1073 2252 exigi
1097 2160 1425 2232 nolumus
1455 2160 1569 2230 vel
1598 2158 1900 2253 imponi;
1935 2159 2282 2231 addentes
2310 2158 2593 2252 iusuper
2623 2158 2815 2251 quod
2849 2158 3074 2231 donec
3101 2143 3405 2231 castrum

578 2283 968 2379 predictum
1015 2283 1447 2355 ‚custodietur
1481 2304 1615 2377 pro
1657 2283 1849 2354 curia
1871 2337 1890 2372 ,
1925 2261 2223 2378 predicti
2260 2282 2531 2355 nobiles
2565 2283 2654 2353 de
2686 2285 2959 2354 Lanceo
2991 2285 3401 2358 auctoritate

576 2405 807 2499 aliqua
829 2406 1175 2501 imperiali
1204 2408 1317 2478 vel
1350 2407 1569 2478 nostri
1597 2407 1908 2502 rescripti
1938 2407 2085 2477 sive
2124 2406 2416 2499 alicujus
2446 2406 2730 2478 alterius
2766 2407 2975 2499 legati
3015 2409 3128 2479 vel
3161 2409 3403 2480 vicarii

576 2551 703 2626 pro
731 2540 1044 2625 tempore
1075 2529 1403 2622 regioniS‚
1427 2531 1788 2602 occasione
1817 2532 2317 2624 cujuscumque
2351 2531 2823 2626 promissionis
2855 2532 2968 2603 vel
3004 2543 3401 2605 contractus

576 2676 810 2726 coram
840 2656 1074 2749 aliquo
1112 2656 1349 2746 judice
1390 2676 1531 2726 non
1574 2655 1839 2750 possint
1870 2677 2001 2726 nec
2030 2655 2332 2726 debeant
2369 2655 2460 2726 ad
2485 2655 2822 2746 judicium
2856 2655 3064 2746 trahi3
3098 2656 3222 2727 sed
3273 2657 3397 2730 de·

575 2779 788 2851 beant
819 2779 1257 2853 solummodo
1289 2777 1644 2852 conveniri
1677 2788 1747 2851 et
1774 2779 2198 2876 respondere
2227 2777 2317 2849 de
2341 2779 2499 2868 jure
2533 2778 2928 2874 petentibus
2969 2801 3203 2851 coram
3242 2802 3397 2852 cas-

575 2905 833 2979 tellano
875 2906 948 2975 in
996 2905 1182 2978 dicto
1228 2916 1454 2978 castro
1497 2926 1624 3000 pro
1671 2904 1865 2975 curia
1910 2903 2304 2976 statuendo.
2359 2903 2625 2987 Quibus
2668 2903 3022 2975 nobilibus
3068 2925 3397 2999 expresse

572 3029 1014 3124 promisimus
1042 3028 1233 3123 quod
1266 3039 1569 3102 castrum
1598 3029 1826 3123 ipsum
1856 3029 2185 3101 custodiri
2214 3028 2546 3100 faciemus
2592 3028 2742 3099 sine
2789 3029 3115 3122 expensis
3154 3050 3396 3101 eorum

572 3174 702 3246 per
731 3152 1182 3222 castellanum
1233 3163 1303 3224 et
1338 3153 1720 3225 servientes
1751 3176 1990 3226 eorum
2035 3177 2159 3249 per
2194 3154 2455 3226 curiam
2491 3154 2579 3226 de
2612 3155 2890 3226 civitate
2925 3155 3203 3226 Taurini
3234 3166 3393 3227 tan·

575 3274 934 3348 tummodo
967 3285 1036 3347 et
1067 3297 1208 3347 nou
1242 3276 1331 3345 de
1363 3277 1562 3347 terris
1601 3277 1753 3349 aliis
1791 3279 2222 3350 statuendos.
2256 3281 2348 3351 Et
2380 3257 2542 3373 post
2569 3279 3012 3352 concordiam
3049 3280 3232 3352 iuter
3264 3281 3392 3355 do·

572 3401 838 3471 minum
871 3399 1356 3493 imperatorem
1398 3421 1488 3470 ex
1518 3420 1662 3470 una
1694 3386 1924 3492 parte,
1967 3420 2221 3494 papam
2268 3409 2339 3471 et
2369 3401 2542 3472 alios
2576 3403 2874 3474 rebelles
2905 3403 3177 3497 imperii
3206 3405 3393 3477 cele·-

570 3525 869 3614 bratam,
896 3532 1198 3595 castrum
1228 3523 1455 3617 ipsum
1485 3544 1644 3593 cum
1673 3523 1862 3595 omni
1891 3522 2157 3594 honore
2188 3532 2258 3593 et
2282 3522 2678 3614 integritate
2713 3546 2838 3595 sua
2867 3524 3071 3596 dictis
3098 3526 3396 3599 dominis

573 3647 661 3719 de
707 3648 981 3719 Lanceo
1027 3647 1182 3719 sine
1238 3645 1660 3718 difficultatis
1719 3645 2077 3718 obstaculo
2138 3646 2409 3743 restitui
2480 3647 2814 3718 faciemus
2837 3701 2857 3738 ‚
2926 3657 2999 3719 et
3046 3649 3137 3720 ab
3203 3651 3393 3721 omni

571 3773 885 3844 molestia
922 3792 1133 3865 quam
1160 3771 1522 3842 occasione
1551 3770 1892 3865 presentis
1922 3770 2406 3864 assignationis
2431 3772 2635 3843 castri
2665 3769 2929 3843 eisdem
2962 3772 3200 3844 inferri
3232 3795 3396 3846 con-

574 3895 873 3988 tingeret
916 3916 1047 3990 per
1088 3894 1489 3990 episcopum
1533 3893 2057 3986 Tam-inensem,
2094 3894 2365 3968 nobiles
2406 3895 2594 3990 ipsos
2632 3895 3027 3968 conservari
3055 3897 3393 3969 faciemus

569 4019 1004 4117 indempneS.
1040 4021 1479 4114 Quapropter
1510 4019 1875 4089 statuimus
1905 4016 2196 4090 firmiter
2227 4029 2299 4091 et
2328 4020 2740 4091 mandamus
2764 4029 3113 4112 quatenus
3158 4022 3393 4095 nullus

570 4142 880 4216 officialis
907 4143 1124 4233 curie,
1164 4144 1400 4214 nullus
1433 4142 1768 4235 marchio,
1803 4143 2037 4215 nullus
2069 4165 2330 4233 comes,
2367 4144 2637 4214 nullum
2668 4165 2996 4235 comune,
3039 4147 3232 4216 nulla
3266 4146 3390 4218 de·

568 4268 779 4362 nique
813 4289 1112 4364 persona
1143 4266 1423 4339 humilis
1455 4267 1568 4338 vel
1607 4269 1747 4339 alta
1766 4321 1785 4356 ‚
1842 4267 2306 4339 ecclesiastica
2334 4268 2448 4338 vel
2476 4268 2805 4340 secularis
2826 4323 2845 4359 ,
2882 4269 3229 4364 predictos
3256 4269 3393 4344 do-

568 4392 794 4465 minos
821 4392 910 4463 de
936 4392 1209 4464 Lanceo
1234 4413 1446 4487 supra
1470 4391 1799 4486 predictis
1826 4391 2148 4464 omnibus
2171 4394 2247 4462 in
2278 4392 2598 4486 personis
2618 4394 2737 4465 vel
2771 4393 2979 4465 rebus
3004 4394 3386 4485 offendere,

568 4509 932 4606 impedire,
965 4513 1082 4583 vel
1119 4513 1488 4583 molestare
1526 4519 1902 4606 presumat.
1934 4511 2138 4597 Quod
2168 4512 2289 4605 qui
2324 4514 2822 4608 presumpserit
2846 4513 3392 4607 indignationem

568 4635 996 4732 imperialem
1037 4643 1107 4706 et
1151 4645 1463 4708 nostram
1505 4645 1575 4707 et
1620 4655 1874 4731 penam
1927 4635 2461 4730 quingentarum
2519 4637 2957 4712 marcharum
3002 4638 3271 4731 argenti
3316 4658 3392 4709 se
