4364 5738
1009 533 1123 594 168
2006 531 2439 594 anmucl
2491 532 2836 594 SECUNDI
3444 534 3609 610 [Asu.
3647 533 3817 595 1244.

1004 666 1162 771 nit,
1203 691 1358 775 quo
1397 665 1556 775 ipse
1592 690 1770 747 cum
1809 663 1978 746 aliis
2013 664 2484 774 principibus
2519 691 2658 774 pro
2696 663 2956 748 arduis
2993 663 3287 773 imperii
3326 665 3648 774 negotiis
3679 692 3822 750 ve-

1005 797 1169 881 nire
1206 823 1360 881 non
1396 797 1723 881 omittat.

1171 1014 1362 1093 (Edit.
1393 1030 1487 1090 ap.
1524 1013 1757 1085 Pnrz,
1788 1012 2049 1073 Menum.
2086 1010 2279 1073 Germ.
2309 1010 2476 1091 hist„
2504 1019 2553 1074 t.
2576 1011 2682 1086 IV,
2718 1030 2780 1089 p.
2812 1020 2952 1083 340,
2980 1010 3177 1071 denuo
3201 1010 3548 1071 exhibemus
3582 1027 3658 1071 ex
3693 1011 3823 1071 cod.

1247 1119 1389 1179 bibl.
1437 1119 1636 1181 Cesar.
1673 1119 2012 1180 vindobon.
2043 1116 2378 1200 Philoloque
2402 1120 2581 1193 dicto,
2611 1127 2679 1178 n⁰
2709 1127 2846 1189 305,
2878 1117 2983 1179 fol.
3020 1126 3132 1178 155
3162 1124 3350 1189 recto;
3385 1119 3573 1194 prima
3597 1122 3827 1177 tantum

1246 1234 1411 1303 parte
1425 1241 1561 1287 cum
1583 1226 1716 1286 cod.
1743 1224 1887 1285 bibl.
1908 1224 2104 1285 Cesar.
2123 1224 2342 1303 Paris„
2355 1223 2539 1304 fonds
2558 1219 3309 1302 saint-Germain-Harlay‚
3325 1233 3391 1282 n⁰
3407 1232 3549 1301 455,
3565 1222 3824 1301 collata.)

1105 1413 1552 1502 FredericuS,
1614 1420 1784 1502 etc.,
1850 1411 2340 1483 Wormatiensi
2415 1412 2741 1505 episcopo
2765 1464 2785 1502 ,
2848 1421 2984 1482 etc.
3043 1407 3477 1482 Acce'dentes
3524 1410 3615 1482 ad
3671 1431 3829 1505 pre·

1011 1537 1304 1609 sentiam
1373 1545 1684 1608 nostram
1758 1535 2179 1606 venerabilis
2242 1535 2770 1628 Bambergensis
2834 1533 3098 1606 electus
3155 1533 3450 1605 dilectus
3509 1534 3829 1629 princeps

1013 1671 1249 1734 noster
1286 1669 1355 1730 et
1386 1659 1460 1731 C.
1506 1659 1595 1731 de
1626 1657 1982 1731 Hoenloch
2019 1655 2124 1754 (a)
2169 1658 2466 1730 dilectus
2508 1658 2732 1730 fidelis
2781 1665 3018 1730 noster
3071 1667 3311 1730 nostro
3351 1657 3632 1729 culmini
3677 1658 3830 1729 inti-

1014 1793 1294 1855 marunt
1353 1793 1472 1854 tua
1523 1792 2053 1875 ceterorumque
2100 1781 2492 1878 principum
2525 1781 2617 1853 ad
2650 1781 2784 1854 hoc
2826 1780 3173 1853 desideria
3219 1781 3652 1877 potissimum
3706 1802 3829 1853 as-

1015 1909 1243 2003 pirare
1290 1917 1369 1979 ut
1415 1907 1507 1979 ad
1549 1906 1861 1979 sedanda
1911 1906 2196 1978 dissidia
2242 1926 2379 1998 que
2421 1915 2676 1977 statum
2719 1904 2990 2001 imperii
3035 1925 3175 1976 non
3217 1902 3569 1976 modicum
3614 1907 3832 1977 multo

1018 2043 1326 2126 tempore
1361 2031 1849 2121 turbaverunt,
1883 2030 2064 2100 inter
2094 2050 2225 2101 nos
2257 2040 2327 2100 et
2359 2029 2737 2101 Ecclesiam
2770 2028 3140 2100 concordia
3176 2030 3613 2102 reformetur.
3658 2031 3832 2101 Sane

1012 2177 1169 2226 cum
1198 2155 1289 2227 ad
1319 2155 1836 2249 reprimendum
1863 2154 2231 2225 violentias
2260 2152 2564 2224 Ecclesie
2597 2174 2727 2225 nos
2763 2174 2904 2225 non
2940 2153 3455 2246 moveritquod
3480 2154 3829 2246 quondam

1016 2301 1196 2374 papa
1239 2280 1610 2372 Gregorius
1650 2279 1744 2351 ad
1788 2300 2033 2374 preces
2084 2289 2155 2349 et
2209 2277 2572 2350 instantias
2612 2278 3231 2350 Mediolanensium
3282 2287 3353 2349 et
3401 2279 3834 2374 complicium

1015 2425 1297 2502 suorum
1335 2414 1729 2474 nostrorum
1768 2402 2152 2474 infidelium
2191 2401 2926 2476 excommunicationis
2970 2402 3384 2473 sententiam
3426 2411 3666 2474 contra
3710 2425 3838 2476 nos

1017 2548 1110 2597 ex
1151 2536 1345 2597 motu
1387 2526 1777 2620 improvido
1821 2525 2248 2616 fulminavit,
2305 2526 2429 2598 sed
2470 2527 2700 2620 potius
2740 2547 3022 2599 causam
3063 2525 3263 2598 nobis
3301 2525 3575 2598 dederit
3620 2537 3838 2598 terras

1019 2649 1287 2744 imperii
1326 2670 1499 2742 quas
1533 2648 1862 2740 injuriose
1909 2649 2191 2721 tenebat
2234 2650 2579 2739 Ecclesia,
2616 2650 2707 2722 ad
2737 2650 2855 2741 jus
2895 2660 2967 2721 et
2996 2648 3378 2721 dominium
3415 2649 3685 2744 imperii
3727 2672 3836 2721 re-

1021 2773 1313 2845 vocandi
1340 2772 1463 2868 (b),
1507 2773 1688 2844 idem
1724 2795 1905 2867 papa
1934 2772 2015 2843 G.
2056 2774 2145 2845 de
2178 2774 2625 2866 Montelongo
2662 2774 2890 2867 legato
2933 2796 3059 2847 suo
3092 2782 3334 2846 contra
3368 2793 3498 2844 nos
3534 2773 3604 2843 in
3637 2775 3834 2845 Lom-

1022 2898 1334 2969 bardiam
1379 2898 1469 2970 ad
1501 2898 2053 2970 Mediolanenses
2094 2898 2445 2993 predictos
2484 2909 2893 2992 ceterosque
2931 2899 3226 2970 rebelles
3263 2908 3535 2970 nostros
3576 2895 3836 2995 [misso]

1022 3044 1181 3091 cum
1217 3022 1429 3092 armis
1469 3022 1961 3116 depopulando
2005 3032 2222 3093 terras
2261 3033 2533 3095 nostras
2578 3034 2648 3096 et
2680 3044 2920 3094 earum
2961 3022 3299 3094 incendiis
3344 3021 3684 3094 hostiliter
3736 3034 3839 3094 est

1022 3166 1412 3235 aggressus.
1446 3145 1612 3216 Cum
1645 3144 1879 3237 itaque
1905 3145 2144 3216 liceret
2170 3145 2372 3217 nobis
2400 3167 2528 3242 pro
2558 3146 2960 3219 defensione
2991 3145 3081 3243 (c)
3117 3146 3459 3217 honorum
3493 3155 3563 3218 et
3579 3147 3841 3239 jurium

944 3356 948 3360 ‚
1023 3267 1295 3361 imperii
1331 3277 1470 3338 tam
1502 3277 1816 3338 recentes
1844 3268 2130 3359 injurias
2163 3278 2436 3341 nostras
2467 3292 2642 3364 quas
2672 3270 3015 3342 inserebat
3056 3269 3359 3341 Ecclesia
3390 3269 3657 3363 inJ'uriis
3683 3291 3844 3364 pro-

1026 3391 1328 3486 pulsare,
1363 3412 1491 3463 nos
1529 3392 1802 3463 sublato
1835 3392 1923 3464 de
1967 3393 2199 3465 medio
2232 3392 2420 3465 dicto
2450 3416 2632 3490 papa
2664 3395 2749 3466 G.
2785 3393 2905 3489 qui
2932 3393 3192 3490 publici
3223 3393 3489 3465 dissidii
3520 3394 3845 3467 scandala

1026 3514 1495 3605 ministrabat,
1533 3537 1776 3609 pacem
1818 3536 2094 3609 semper
2119 3515 2592 3589 affectavimus
2630 3528 2701 3590 et
2728 3518 3128 3589 affectamus
3164 3540 3322 3589 cum
3359 3528 3580 3589 matre
3613 3528 3846 3591 nostra

1024 3637 1332 3711 Ecclesia
1359 3638 1700 3728 obtinere,
1733 3640 1911 3711 sicut
1940 3661 2067 3734 per
2107 3639 2587 3712 liberationem
2624 3641 3080 3713 cardinalium
3118 3650 3188 3712 et
3216 3641 3638 3736 prelatorum
3673 3662 3845 3735 quos

1025 3762 1117 3833 ad
1150 3783 1396 3833 manus
1423 3772 1693 3833 nostras
1716 3763 1888 3854 justi
1933 3762 2097 3833 belli
2133 3784 2343 3835 causa
2371 3764 2799 3855 deduxerat,
2837 3775 2907 3836 et
2935 3765 3069 3837 alia
3102 3766 3321 3836 multa
3357 3787 3494 3859 que
3528 3766 3842 3854 fecimuS,

1028 3886 1292 3981 liquido
1323 3886 1713 3957 innotescit.
1753 3866 2159 3978 Cumquein
2193 3888 2344 3959 loco
2377 3889 2737 3984 prescripti
2769 3910 2948 3984 pape
2980 3888 3058 3959 G.
3094 3900 3332 3984 pastor
3354 3889 3668 3985 ydoneus
3696 3909 3847 3959 suc-

1029 4011 1312 4081 cesserit
1353 4032 1561 4103 quem
1612 4010 1801 4104 pacis
1848 4019 1918 4080 et
1959 4010 2226 4103 justitie
2271 4011 2618 4083 credimus
2662 4013 3075 4103 zelatorem,
3114 4034 3352 4086 secum
3391 4012 3483 4084 ad
3532 4013 3848 4084 salutaris

1030 4133 1398 4205 concordie
1437 4133 1662 4205 redire
1701 4134 2151 4229 proponimus
2179 4134 2554 4225 unitatem,
2589 4145 2660 4206 et
2701 4156 2794 4206 ex
2831 4136 3137 4229 presenti
3185 4144 3479 4208 tractatu
3513 4134 3634 4227 qui
3673 4134 3853 4205 inter

1116 4318 1201 4397 (a)
1247 4319 1316 4379 In
1340 4321 1472 4382 cod.
1503 4321 1834 4382 vindobon.
1865 4321 2082 4399 legitur
2107 4324 2305 4399 inepte
2325 4320 2716 4384 Brabentinm
2744 4322 3035 4403 episcopm
3066 4329 3126 4384 et
3156 4321 3228 4383 G.
3261 4320 3415 4385 talis.

1119 4422 1198 4502 (b)
1241 4425 1444 4486 Cetera
1479 4426 1694 4486 desunt
1726 4431 1789 4485 in
1824 4428 2024 4487 codice
2060 4428 2398 4489 Parisiensl.
2439 4430 2620 4507 Cujus
2666 4445 2775 4507 ope
2808 4428 3075 4491 destituti
3119 4431 3365 4491 mendas
3408 4427 3625 4506 quibus
3671 4432 3856 4488 scatet

1036 4530 1505 4592 vindobonensis
1527 4534 1736 4606 codex,
1766 4539 1835 4592 ut
1864 4535 2072 4594 melius
2103 4537 2297 4596 visum
2325 4544 2436 4610 est,
2468 4539 2853 4596 correximus.

1122 4635 1197 4714 (c)
1242 4636 1313 4694 In
1341 4638 1475 4698 cod.
1514 4638 1797 4711 vindob„
1817 4638 2191 4718 professione.
