<?xml version="1.0" encoding="UTF-8"?>
<!DOCTYPE html PUBLIC "-//W3C//DTD XHTML 1.0 Transitional//EN"
    "http://www.w3.org/TR/xhtml1/DTD/xhtml1-transitional.dtd">
<html xmlns="http://www.w3.org/1999/xhtml" xml:lang="en" lang="en">
 <head>
  <title>
</title>
<meta http-equiv="Content-Type" content="text/html;charset=utf-8" />
  <meta name='ocr-system' content='tesseract 3.04.00' />
  <meta name='ocr-capabilities' content='ocr_page ocr_carea ocr_par ocr_line ocrx_word'/>
</head>
<body>
  <div class='ocr_page' id='page_1' title='image "./historiadiploma00degoog_0401.png"; bbox 0 0 4364 5738; ppageno 0'>
   <div class='ocr_carea' id='block_1_1' title="bbox 534 573 3358 658">
    <p class='ocr_par' dir='ltr' id='par_1_1' title="bbox 534 573 3358 658">
     <span class='ocr_line' id='line_1_1' title="bbox 534 573 3358 658; baseline -0.001 -15"><span class='ocrx_word' id='word_1_1' title='bbox 534 583 736 643; x_wconf 63' lang='lat' dir='ltr'>lamet</span> <span class='ocrx_word' id='word_1_2' title='bbox 766 580 860 658; x_wconf 79' lang='lat'>4.]</span> <span class='ocrx_word' id='word_1_3' title='bbox 1435 574 1831 639; x_wconf 74' lang='lat' dir='ltr'>HISTORIA</span> <span class='ocrx_word' id='word_1_4' title='bbox 1876 575 2466 640; x_wconf 72' lang='lat' dir='ltr'>DIPLOMATICA.</span> <span class='ocrx_word' id='word_1_5' title='bbox 3237 573 3358 639; x_wconf 81' lang='lat'>385</span> 
     </span>
    </p>
   </div>
   <div class='ocr_carea' id='block_1_2' title="bbox 1328 1093 2566 1157">
    <p class='ocr_par' dir='ltr' id='par_1_2' title="bbox 1328 1093 2566 1157">
     <span class='ocr_line' id='line_1_2' title="bbox 1328 1093 2566 1157; baseline -0.001 -2"><span class='ocrx_word' id='word_1_6' title='bbox 1328 1093 1553 1157; x_wconf 79' lang='lat' dir='ltr'>ANNO</span> <span class='ocrx_word' id='word_1_7' title='bbox 1604 1093 1809 1156; x_wconf 77' lang='lat'>1246.</span> <span class='ocrx_word' id='word_1_8' title='bbox 1850 1128 1932 1141; x_wconf 94' lang='lat'>—-</span> <span class='ocrx_word' id='word_1_9' title='bbox 1964 1093 2456 1157; x_wconf 81' lang='lat' dir='ltr'>INDICTIONE</span> <span class='ocrx_word' id='word_1_10' title='bbox 2502 1093 2566 1156; x_wconf 75' lang='lat'>4.</span> 
     </span>
    </p>
   </div>
   <div class='ocr_carea' id='block_1_3' title="bbox 1678 1313 2192 1328">
    <p class='ocr_par' dir='ltr' id='par_1_3' title="bbox 1678 1313 2192 1328">
     <span class='ocr_line' id='line_1_3' title="bbox 1678 1313 2192 1328; baseline 0 4410"><span class='ocrx_word' id='word_1_11' title='bbox 1678 1313 2192 1328; x_wconf 95' lang='lat' dir='ltr'> </span> 
     </span>
    </p>
   </div>
   <div class='ocr_carea' id='block_1_4' title="bbox 542 1521 3355 1919">
    <p class='ocr_par' dir='ltr' id='par_1_4' title="bbox 542 1521 3355 1919">
     <span class='ocr_line' id='line_1_4' title="bbox 646 1521 3351 1653; baseline 0.001 -30"><span class='ocrx_word' id='word_1_12' title='bbox 646 1540 1072 1624; x_wconf 86' lang='lat' dir='ltr'>Fridericus</span> <span class='ocrx_word' id='word_1_13' title='bbox 1089 1603 1114 1649; x_wconf 86' lang='lat'>,</span> <span class='ocrx_word' id='word_1_14' title='bbox 1174 1542 1696 1627; x_wconf 86' lang='lat' dir='ltr'>Romanorum</span> <span class='ocrx_word' id='word_1_15' title='bbox 1730 1521 2171 1653; x_wconf 84' lang='lat' dir='ltr'>imperator,</span> <span class='ocrx_word' id='word_1_16' title='bbox 2213 1545 2313 1627; x_wconf 88' lang='lat' dir='ltr'>ad</span> <span class='ocrx_word' id='word_1_17' title='bbox 2358 1543 2986 1653; x_wconf 84' lang='lat' dir='ltr'>supplicationem</span> <span class='ocrx_word' id='word_1_18' title='bbox 3029 1541 3351 1625; x_wconf 87' lang='lat' dir='ltr'>univer-</span> 
     </span>
     <span class='ocr_line' id='line_1_5' title="bbox 542 1674 3355 1788; baseline 0 -31"><span class='ocrx_word' id='word_1_19' title='bbox 542 1675 787 1758; x_wconf 79' lang='lat' dir='ltr'><strong>sitatis</strong></span> <span class='ocrx_word' id='word_1_20' title='bbox 821 1675 1049 1758; x_wconf 83' lang='lat' dir='ltr'>castri</span> <span class='ocrx_word' id='word_1_21' title='bbox 1083 1676 1178 1758; x_wconf 90' lang='lat' dir='ltr'>de</span> <span class='ocrx_word' id='word_1_22' title='bbox 1217 1677 1462 1784; x_wconf 83' lang='lat' dir='ltr'>Colle,</span> <span class='ocrx_word' id='word_1_23' title='bbox 1502 1677 1852 1762; x_wconf 93' lang='lat' dir='ltr'>homines</span> <span class='ocrx_word' id='word_1_24' title='bbox 1886 1676 2119 1788; x_wconf 88' lang='lat' dir='ltr'>hujus</span> <span class='ocrx_word' id='word_1_25' title='bbox 2160 1677 2308 1761; x_wconf 87' lang='lat' dir='ltr'>loci</span> <span class='ocrx_word' id='word_1_26' title='bbox 2359 1685 2433 1760; x_wconf 87' lang='lat' dir='ltr'>et</span> <span class='ocrx_word' id='word_1_27' title='bbox 2474 1676 2859 1759; x_wconf 86' lang='lat' dir='ltr'>districtus</span> <span class='ocrx_word' id='word_1_28' title='bbox 2906 1701 3084 1760; x_wconf 83' lang='lat' dir='ltr'>cum</span> <span class='ocrx_word' id='word_1_29' title='bbox 3126 1674 3355 1785; x_wconf 87' lang='lat' dir='ltr'>justis</span> 
     </span>
     <span class='ocr_line' id='line_1_6' title="bbox 543 1808 3354 1919; baseline 0.001 -30"><span class='ocrx_word' id='word_1_30' title='bbox 543 1830 810 1889; x_wconf 86' lang='lat' dir='ltr'>eorum</span> <span class='ocrx_word' id='word_1_31' title='bbox 856 1808 1464 1915; x_wconf 82' lang='lat' dir='ltr'>possessionibus</span> <span class='ocrx_word' id='word_1_32' title='bbox 1509 1809 1655 1892; x_wconf 94' lang='lat' dir='ltr'>sub</span> <span class='ocrx_word' id='word_1_33' title='bbox 1699 1835 1839 1893; x_wconf 91' lang='lat' dir='ltr'>sua</span> <span class='ocrx_word' id='word_1_34' title='bbox 1886 1820 1961 1892; x_wconf 87' lang='lat' dir='ltr'>et</span> <span class='ocrx_word' id='word_1_35' title='bbox 2002 1809 2300 1919; x_wconf 89' lang='lat' dir='ltr'>imperii</span> <span class='ocrx_word' id='word_1_36' title='bbox 2344 1809 2800 1917; x_wconf 85' lang='lat' dir='ltr'>protectione</span> <span class='ocrx_word' id='word_1_37' title='bbox 2843 1809 3146 1918; x_wconf 70' lang='lat' dir='ltr'>recipit,</span> <span class='ocrx_word' id='word_1_38' title='bbox 3185 1808 3354 1893; x_wconf 89' lang='lat' dir='ltr'>eis-</span> 
     </span>
    </p>
   </div>
   <div class='ocr_carea' id='block_1_5' title="bbox 542 1940 3359 2179">
    <p class='ocr_par' dir='ltr' id='par_1_5' title="bbox 542 1940 3359 2179">
     <span class='ocr_line' id='line_1_7' title="bbox 544 1940 3359 2050; baseline 0.002 -31"><span class='ocrx_word' id='word_1_39' title='bbox 544 1964 696 2047; x_wconf 88' lang='lat' dir='ltr'>que</span> <span class='ocrx_word' id='word_1_40' title='bbox 762 1940 1161 2023; x_wconf 83' lang='lat' dir='ltr'>confirmat</span> <span class='ocrx_word' id='word_1_41' title='bbox 1230 1941 1474 2023; x_wconf 89' lang='lat' dir='ltr'>bonas</span> <span class='ocrx_word' id='word_1_42' title='bbox 1544 1942 2126 2025; x_wconf 85' lang='lat' dir='ltr'>consuetudines</span> <span class='ocrx_word' id='word_1_43' title='bbox 2197 1941 2478 2050; x_wconf 88' lang='lat' dir='ltr'>quibus</span> <span class='ocrx_word' id='word_1_44' title='bbox 2551 1940 3020 2050; x_wconf 83' lang='lat' dir='ltr'>temporibus</span> <span class='ocrx_word' id='word_1_45' title='bbox 3092 1941 3213 2024; x_wconf 85' lang='lat' dir='ltr'>avi</span> <span class='ocrx_word' id='word_1_46' title='bbox 3284 1950 3359 2024; x_wconf 88' lang='lat' dir='ltr'>et</span> 
     </span>
     <span class='ocr_line' id='line_1_8' title="bbox 542 2070 1457 2179; baseline 0.001 -26"><span class='ocrx_word' id='word_1_47' title='bbox 542 2070 782 2179; x_wconf 87' lang='lat' dir='ltr'>patris</span> <span class='ocrx_word' id='word_1_48' title='bbox 818 2077 936 2155; x_wconf 94' lang='lat' dir='ltr'>sui</span> <span class='ocrx_word' id='word_1_49' title='bbox 973 2073 1093 2156; x_wconf 92' lang='lat' dir='ltr'>usi</span> <span class='ocrx_word' id='word_1_50' title='bbox 1130 2072 1457 2156; x_wconf 86' lang='lat' dir='ltr'>fuerant.</span> 
     </span>
    </p>
   </div>
   <div class='ocr_carea' id='block_1_6' title="bbox 714 2283 3361 2577">
    <p class='ocr_par' dir='ltr' id='par_1_6' title="bbox 714 2283 3361 2577">
     <span class='ocr_line' id='line_1_9' title="bbox 714 2283 3360 2368; baseline 0 -22"><span class='ocrx_word' id='word_1_51' title='bbox 714 2283 1058 2363; x_wconf 78' lang='lat' dir='ltr'>(Memorat.</span> <span class='ocrx_word' id='word_1_52' title='bbox 1089 2304 1187 2364; x_wconf 91' lang='lat' dir='ltr'>ap.</span> <span class='ocrx_word' id='word_1_53' title='bbox 1218 2285 1541 2364; x_wconf 70' lang='lat' dir='ltr'>Romu,</span> <span class='ocrx_word' id='word_1_54' title='bbox 1567 2288 1790 2368; x_wconf 66' lang='lat' dir='ltr'>Reque.</span> <span class='ocrx_word' id='word_1_55' title='bbox 1819 2288 2048 2367; x_wconf 64' lang='lat' dir='ltr'>imper„</span> <span class='ocrx_word' id='word_1_56' title='bbox 2080 2303 2142 2362; x_wconf 87' lang='lat' dir='ltr'>p.</span> <span class='ocrx_word' id='word_1_57' title='bbox 2175 2293 2405 2361; x_wconf 77' lang='lat' dir='ltr'>203‚n⁰</span> <span class='ocrx_word' id='word_1_58' title='bbox 2435 2293 2613 2359; x_wconf 76' lang='lat'><strong>1112,</strong></span> <span class='ocrx_word' id='word_1_59' title='bbox 2635 2301 2710 2345; x_wconf 83' lang='lat' dir='ltr'>ex</span> <span class='ocrx_word' id='word_1_60' title='bbox 2734 2285 3007 2363; x_wconf 73' lang='lat' dir='ltr'>originali</span> <span class='ocrx_word' id='word_1_61' title='bbox 3031 2287 3096 2345; x_wconf 87' lang='lat' dir='ltr'>in</span> <span class='ocrx_word' id='word_1_62' title='bbox 3120 2284 3360 2346; x_wconf 78' lang='lat' dir='ltr'>archivo</span> 
     </span>
     <span class='ocr_line' id='line_1_10' title="bbox 788 2391 3361 2472; baseline 0 -20"><span class='ocrx_word' id='word_1_63' title='bbox 788 2392 1036 2469; x_wconf 72' lang='lat' dir='ltr'>delom.</span> <span class='ocrx_word' id='word_1_64' title='bbox 1066 2393 1441 2472; x_wconf 83' lang='lat' dir='ltr'>Florentino,</span> <span class='ocrx_word' id='word_1_65' title='bbox 1467 2397 1641 2472; x_wconf 81' lang='lat' dir='ltr'>eujus</span> <span class='ocrx_word' id='word_1_66' title='bbox 1667 2396 1898 2469; x_wconf 81' lang='lat' dir='ltr'>copiam</span> <span class='ocrx_word' id='word_1_67' title='bbox 1927 2394 2161 2469; x_wconf 82' lang='lat' dir='ltr'>saepius</span> <span class='ocrx_word' id='word_1_68' title='bbox 2187 2393 2532 2469; x_wconf 75' lang='lat' dir='ltr'>requisitam</span> <span class='ocrx_word' id='word_1_69' title='bbox 2557 2399 2618 2451; x_wconf 89' lang='lat' dir='ltr'>et</span> <span class='ocrx_word' id='word_1_70' title='bbox 2643 2392 3054 2466; x_wconf 79' lang='lat' dir='ltr'>repromissam</span> <span class='ocrx_word' id='word_1_71' title='bbox 3079 2407 3117 2452; x_wconf 89' lang='lat' dir='ltr'>a</span> <span class='ocrx_word' id='word_1_72' title='bbox 3139 2391 3361 2453; x_wconf 83' lang='lat' dir='ltr'>Bonal-</span> 
     </span>
     <span class='ocr_line' id='line_1_11' title="bbox 790 2495 2840 2577; baseline -0.001 -19"><span class='ocrx_word' id='word_1_73' title='bbox 790 2499 892 2558; x_wconf 82' lang='lat' dir='ltr'>nio</span> <span class='ocrx_word' id='word_1_74' title='bbox 916 2498 1179 2577; x_wconf 81' lang='lat' dir='ltr'>ejusdem</span> <span class='ocrx_word' id='word_1_75' title='bbox 1208 2499 1437 2559; x_wconf 81' lang='lat' dir='ltr'>arehlvl</span> <span class='ocrx_word' id='word_1_76' title='bbox 1464 2499 1756 2574; x_wconf 77' lang='lat' dir='ltr'>praefecto</span> <span class='ocrx_word' id='word_1_77' title='bbox 1786 2498 2048 2559; x_wconf 78' lang='lat' dir='ltr'>obtinere</span> <span class='ocrx_word' id='word_1_78' title='bbox 2071 2498 2314 2558; x_wconf 83' lang='lat' dir='ltr'>demum</span> <span class='ocrx_word' id='word_1_79' title='bbox 2344 2514 2468 2557; x_wconf 92' lang='lat' dir='ltr'>non</span> <span class='ocrx_word' id='word_1_80' title='bbox 2491 2495 2840 2575; x_wconf 85' lang='lat' dir='ltr'>potuimus.)</span> 
     </span>
    </p>
   </div>
   <div class='ocr_carea' id='block_1_7' title="bbox 555 2681 3363 2903">
    <p class='ocr_par' dir='ltr' id='par_1_7' title="bbox 555 2681 3363 2903">
     <span class='ocr_line' id='line_1_12' title="bbox 649 2681 3363 2777; baseline 0 -21"><span class='ocrx_word' id='word_1_81' title='bbox 649 2686 903 2756; x_wconf 87' lang='lat' dir='ltr'>Datum</span> <span class='ocrx_word' id='word_1_82' title='bbox 931 2684 1267 2775; x_wconf 89' lang='lat' dir='ltr'>Grosseti,</span> <span class='ocrx_word' id='word_1_83' title='bbox 1312 2706 1500 2758; x_wconf 83' lang='lat' dir='ltr'>anno</span> <span class='ocrx_word' id='word_1_84' title='bbox 1533 2682 1877 2757; x_wconf 84' lang='lat' dir='ltr'>dominice</span> <span class='ocrx_word' id='word_1_85' title='bbox 1918 2681 2413 2756; x_wconf 86' lang='lat' dir='ltr'>incarnationis</span> <span class='ocrx_word' id='word_1_86' title='bbox 2448 2683 2547 2756; x_wconf 89' lang='grc' dir='ltr'>Μ.</span> <span class='ocrx_word' id='word_1_87' title='bbox 2575 2683 2697 2756; x_wconf 92' lang='lat' dir='ltr'>CC.</span> <span class='ocrx_word' id='word_1_88' title='bbox 2729 2683 2934 2773; x_wconf 88' lang='lat' dir='ltr'><strong>XLV,</strong></span> <span class='ocrx_word' id='word_1_89' title='bbox 2982 2704 3219 2757; x_wconf 87' lang='lat' dir='ltr'>mense</span> <span class='ocrx_word' id='word_1_90' title='bbox 3252 2685 3363 2777; x_wconf 85' lang='lat' dir='ltr'>ja-</span> 
     </span>
     <span class='ocr_line' id='line_1_13' title="bbox 555 2808 1528 2903; baseline 0.003 -25"><span class='ocrx_word' id='word_1_91' title='bbox 555 2808 778 2881; x_wconf 84' lang='lat' dir='ltr'>nuarii</span> <span class='ocrx_word' id='word_1_92' title='bbox 792 2861 813 2901; x_wconf 92' lang='lat'>,</span> <span class='ocrx_word' id='word_1_93' title='bbox 848 2808 1223 2883; x_wconf 80' lang='lat' dir='ltr'>indictione</span> <span class='ocrx_word' id='word_1_94' title='bbox 1255 2818 1528 2903; x_wconf 83' lang='lat' dir='ltr'>quarta.</span> 
     </span>
    </p>
   </div>
   <div class='ocr_carea' id='block_1_8' title="bbox 666 3390 3370 3506">
    <p class='ocr_par' dir='ltr' id='par_1_8' title="bbox 666 3390 3370 3506">
     <span class='ocr_line' id='line_1_14' title="bbox 666 3390 3370 3506; baseline 0.003 -33"><span class='ocrx_word' id='word_1_95' title='bbox 666 3390 1090 3476; x_wconf 86' lang='lat' dir='ltr'>Fridericus</span> <span class='ocrx_word' id='word_1_96' title='bbox 1109 3455 1132 3500; x_wconf 85' lang='lat'>,</span> <span class='ocrx_word' id='word_1_97' title='bbox 1184 3394 1703 3476; x_wconf 86' lang='lat' dir='ltr'>Romanorum</span> <span class='ocrx_word' id='word_1_98' title='bbox 1760 3393 2200 3502; x_wconf 84' lang='lat' dir='ltr'>imperator,</span> <span class='ocrx_word' id='word_1_99' title='bbox 2259 3394 2755 3479; x_wconf 88' lang='lat' dir='ltr'>Gualfredum</span> <span class='ocrx_word' id='word_1_100' title='bbox 2802 3394 3048 3479; x_wconf 91' lang='lat' dir='ltr'>filium</span> <span class='ocrx_word' id='word_1_101' title='bbox 3111 3423 3370 3506; x_wconf 91' lang='lat' dir='ltr'>quon-</span> 
     </span>
    </p>
   </div>
   <div class='ocr_carea' id='block_1_9' title="bbox 558 3523 3370 3741">
    <p class='ocr_par' dir='ltr' id='par_1_9' title="bbox 558 3523 3370 3741">
     <span class='ocr_line' id='line_1_15' title="bbox 561 3523 3370 3635; baseline 0.002 -30"><span class='ocrx_word' id='word_1_102' title='bbox 561 3525 744 3607; x_wconf 85' lang='lat' dir='ltr'>dam</span> <span class='ocrx_word' id='word_1_103' title='bbox 784 3524 1160 3607; x_wconf 86' lang='lat' dir='ltr'>Castelani</span> <span class='ocrx_word' id='word_1_104' title='bbox 1204 3525 1302 3606; x_wconf 90' lang='lat' dir='ltr'>de</span> <span class='ocrx_word' id='word_1_105' title='bbox 1340 3525 1640 3607; x_wconf 86' lang='lat' dir='ltr'>Cluscio</span> <span class='ocrx_word' id='word_1_106' title='bbox 1678 3523 2060 3634; x_wconf 84' lang='lat' dir='ltr'>(Chiusi)‚</span> <span class='ocrx_word' id='word_1_107' title='bbox 2100 3525 2494 3634; x_wconf 86' lang='lat' dir='ltr'>publicum</span> <span class='ocrx_word' id='word_1_108' title='bbox 2535 3526 2832 3635; x_wconf 89' lang='lat' dir='ltr'>imperii</span> <span class='ocrx_word' id='word_1_109' title='bbox 2881 3527 3370 3612; x_wconf 81' lang='lat' dir='ltr'>tabellionem</span> 
     </span>
     <span class='ocr_line' id='line_1_16' title="bbox 558 3657 974 3741; baseline -0.007 0"><span class='ocrx_word' id='word_1_110' title='bbox 558 3657 974 3741; x_wconf 82' lang='lat' dir='ltr'>constituit.</span> 
     </span>
    </p>
   </div>
   <div class='ocr_carea' id='block_1_10' title="bbox 723 3871 3365 4060">
    <p class='ocr_par' dir='ltr' id='par_1_10' title="bbox 723 3871 3365 4060">
     <span class='ocr_line' id='line_1_17' title="bbox 723 3871 3365 3953; baseline 0.001 -19"><span class='ocrx_word' id='word_1_111' title='bbox 723 3873 1066 3949; x_wconf 79' lang='lat' dir='ltr'>(Memorat.</span> <span class='ocrx_word' id='word_1_112' title='bbox 1093 3876 1157 3932; x_wconf 81' lang='lat' dir='ltr'>in</span> <span class='ocrx_word' id='word_1_113' title='bbox 1182 3872 1376 3952; x_wconf 72' lang='lat' dir='ltr'>Epist.</span> <span class='ocrx_word' id='word_1_114' title='bbox 1401 3871 1621 3933; x_wconf 78' lang='lat' dir='ltr'>Franc.</span> <span class='ocrx_word' id='word_1_115' title='bbox 1642 3873 1938 3945; x_wconf 77' lang='lat' dir='ltr'>Bomim‘i,</span> <span class='ocrx_word' id='word_1_116' title='bbox 1960 3871 2133 3937; x_wconf 63' lang='lat' dir='ltr'>Arete.</span> <span class='ocrx_word' id='word_1_117' title='bbox 2167 3880 2309 3936; x_wconf 72' lang='lat' dir='ltr'>seor.</span> <span class='ocrx_word' id='word_1_118' title='bbox 2334 3871 2596 3951; x_wconf 67' lang='lat' dir='ltr'>italiam,</span> <span class='ocrx_word' id='word_1_119' title='bbox 2621 3874 2899 3953; x_wconf 72' lang='lat' dir='ltr'>append„</span> <span class='ocrx_word' id='word_1_120' title='bbox 2923 3883 2990 3934; x_wconf 82' lang='lat' dir='ltr'>n⁰</span> <span class='ocrx_word' id='word_1_121' title='bbox 3009 3882 3107 3948; x_wconf 79' lang='lat'>12,</span> <span class='ocrx_word' id='word_1_122' title='bbox 3131 3893 3192 3952; x_wconf 92' lang='lat' dir='ltr'>p.</span> <span class='ocrx_word' id='word_1_123' title='bbox 3225 3884 3365 3953; x_wconf 82' lang='grc'>466,</span> 
     </span>
     <span class='ocr_line' id='line_1_18' title="bbox 798 3978 2472 4060; baseline 0.001 -20"><span class='ocrx_word' id='word_1_124' title='bbox 798 3996 875 4040; x_wconf 78' lang='lat' dir='ltr'>ex</span> <span class='ocrx_word' id='word_1_125' title='bbox 904 3981 1109 4057; x_wconf 79' lang='lat' dir='ltr'>regist.</span> <span class='ocrx_word' id='word_1_126' title='bbox 1141 3985 1263 4039; x_wconf 80' lang='lat' dir='ltr'>vet.</span> <span class='ocrx_word' id='word_1_127' title='bbox 1298 3984 1487 4040; x_wconf 80' lang='lat' dir='ltr'>eoaet.</span> <span class='ocrx_word' id='word_1_128' title='bbox 1517 3986 1647 4039; x_wconf 89' lang='lat' dir='ltr'>not.</span> <span class='ocrx_word' id='word_1_129' title='bbox 1673 3978 1997 4056; x_wconf 67' lang='lat' dir='ltr'>Crescent„</span> <span class='ocrx_word' id='word_1_130' title='bbox 2024 3980 2131 4042; x_wconf 82' lang='lat' dir='ltr'>fol.</span> <span class='ocrx_word' id='word_1_131' title='bbox 2164 3989 2242 4042; x_wconf 82' lang='grc'>99</span> <span class='ocrx_word' id='word_1_132' title='bbox 2263 3980 2472 4060; x_wconf 80' lang='lat' dir='ltr'>recto.)</span> 
     </span>
    </p>
   </div>
   <div class='ocr_carea' id='block_1_11' title="bbox 567 4164 3375 4628">
    <p class='ocr_par' dir='ltr' id='par_1_11' title="bbox 567 4164 3375 4628">
     <span class='ocr_line' id='line_1_19' title="bbox 658 4164 3369 4261; baseline 0.001 -25"><span class='ocrx_word' id='word_1_133' title='bbox 658 4164 1080 4255; x_wconf 75' lang='lat' dir='ltr'>FridericuS,</span> <span class='ocrx_word' id='word_1_134' title='bbox 1122 4164 1247 4236; x_wconf 92' lang='lat' dir='ltr'>Dei</span> <span class='ocrx_word' id='word_1_135' title='bbox 1278 4164 1499 4257; x_wconf 81' lang='lat' dir='ltr'>gratia</span> <span class='ocrx_word' id='word_1_136' title='bbox 1531 4165 2000 4238; x_wconf 84' lang='lat' dir='ltr'>Romanorum</span> <span class='ocrx_word' id='word_1_137' title='bbox 2039 4166 2415 4261; x_wconf 86' lang='lat' dir='ltr'>imperator</span> <span class='ocrx_word' id='word_1_138' title='bbox 2449 4187 2728 4260; x_wconf 88' lang='lat' dir='ltr'>semper</span> <span class='ocrx_word' id='word_1_139' title='bbox 2764 4174 3133 4258; x_wconf 80' lang='lat' dir='ltr'>augustus,</span> <span class='ocrx_word' id='word_1_140' title='bbox 3170 4169 3369 4240; x_wconf 86' lang='lat' dir='ltr'>Jeru-</span> 
     </span>
     <span class='ocr_line' id='line_1_20' title="bbox 567 4287 3375 4384; baseline 0.002 -26"><span class='ocrx_word' id='word_1_141' title='bbox 567 4287 783 4358; x_wconf 86' lang='lat' dir='ltr'>salem</span> <span class='ocrx_word' id='word_1_142' title='bbox 829 4297 901 4359; x_wconf 88' lang='lat' dir='ltr'>et</span> <span class='ocrx_word' id='word_1_143' title='bbox 929 4288 1155 4361; x_wconf 86' lang='lat' dir='ltr'>Sicilie</span> <span class='ocrx_word' id='word_1_144' title='bbox 1190 4310 1343 4360; x_wconf 82' lang='lat' dir='ltr'>rex.</span> <span class='ocrx_word' id='word_1_145' title='bbox 1387 4290 1518 4360; x_wconf 90' lang='lat' dir='ltr'>Per</span> <span class='ocrx_word' id='word_1_146' title='bbox 1557 4310 1844 4384; x_wconf 90' lang='lat' dir='ltr'>presens</span> <span class='ocrx_word' id='word_1_147' title='bbox 1878 4289 2212 4384; x_wconf 85' lang='lat' dir='ltr'>seriptum</span> <span class='ocrx_word' id='word_1_148' title='bbox 2247 4298 2492 4361; x_wconf 87' lang='lat' dir='ltr'>notum</span> <span class='ocrx_word' id='word_1_149' title='bbox 2529 4289 2819 4361; x_wconf 82' lang='lat' dir='ltr'>facimus</span> <span class='ocrx_word' id='word_1_150' title='bbox 2860 4289 3202 4362; x_wconf 89' lang='lat' dir='ltr'>universis</span> <span class='ocrx_word' id='word_1_151' title='bbox 3240 4291 3375 4363; x_wconf 92' lang='lat' dir='ltr'>im-</span> 
     </span>
     <span class='ocr_line' id='line_1_21' title="bbox 568 4409 3373 4508; baseline 0.002 -28"><span class='ocrx_word' id='word_1_152' title='bbox 568 4409 743 4505; x_wconf 88' lang='lat' dir='ltr'>perii</span> <span class='ocrx_word' id='word_1_153' title='bbox 799 4409 1121 4483; x_wconf 86' lang='lat' dir='ltr'>fidelibus</span> <span class='ocrx_word' id='word_1_154' title='bbox 1161 4423 1302 4485; x_wconf 85' lang='lat' dir='ltr'>tam</span> <span class='ocrx_word' id='word_1_155' title='bbox 1349 4412 1788 4508; x_wconf 88' lang='lat' dir='ltr'>presentibus</span> <span class='ocrx_word' id='word_1_156' title='bbox 1831 4433 2042 4505; x_wconf 87' lang='lat' dir='ltr'>quam</span> <span class='ocrx_word' id='word_1_157' title='bbox 2095 4412 2344 4484; x_wconf 80' lang='lat' dir='ltr'>suturis</span> <span class='ocrx_word' id='word_1_158' title='bbox 2399 4412 2590 4506; x_wconf 87' lang='lat' dir='ltr'>quod</span> <span class='ocrx_word' id='word_1_159' title='bbox 2638 4433 2768 4484; x_wconf 90' lang='lat' dir='ltr'>nos</span> <span class='ocrx_word' id='word_1_160' title='bbox 2811 4412 3240 4487; x_wconf 84' lang='lat' dir='ltr'>confidentes</span> <span class='ocrx_word' id='word_1_161' title='bbox 3284 4416 3373 4490; x_wconf 88' lang='lat' dir='ltr'>de</span> 
     </span>
     <span class='ocr_line' id='line_1_22' title="bbox 568 4532 3375 4628; baseline 0.003 -25"><span class='ocrx_word' id='word_1_162' title='bbox 568 4532 938 4627; x_wconf 88' lang='lat' dir='ltr'>prudentia</span> <span class='ocrx_word' id='word_1_163' title='bbox 969 4545 1040 4606; x_wconf 88' lang='lat' dir='ltr'>et</span> <span class='ocrx_word' id='word_1_164' title='bbox 1068 4534 1414 4627; x_wconf 81' lang='lat' dir='ltr'>legalitate</span> <span class='ocrx_word' id='word_1_165' title='bbox 1450 4535 1799 4607; x_wconf 83' lang='lat' dir='ltr'>Gualfredi</span> <span class='ocrx_word' id='word_1_166' title='bbox 1829 4533 1952 4606; x_wconf 88' lang='lat' dir='ltr'>filii</span> <span class='ocrx_word' id='word_1_167' title='bbox 1979 4534 2333 4628; x_wconf 87' lang='lat' dir='ltr'>quondam</span> <span class='ocrx_word' id='word_1_168' title='bbox 2364 4535 2701 4608; x_wconf 82' lang='lat' dir='ltr'>Castelani</span> <span class='ocrx_word' id='word_1_169' title='bbox 2733 4536 2822 4609; x_wconf 89' lang='lat' dir='ltr'>de</span> <span class='ocrx_word' id='word_1_170' title='bbox 2852 4538 3118 4612; x_wconf 87' lang='lat' dir='ltr'>Cluscio</span> <span class='ocrx_word' id='word_1_171' title='bbox 3152 4538 3375 4613; x_wconf 90' lang='lat' dir='ltr'>fidelis</span> 
     </span>
    </p>
   </div>
   <div class='ocr_carea' id='block_1_12' title="bbox 568 4656 3370 4846">
    <p class='ocr_par' dir='ltr' id='par_1_12' title="bbox 568 4656 3370 4846">
     <span class='ocr_line' id='line_1_23' title="bbox 568 4656 3370 4754; baseline 0.003 -28"><span class='ocrx_word' id='word_1_172' title='bbox 568 4656 816 4746; x_wconf 91' lang='lat' dir='ltr'>nostri,</span> <span class='ocrx_word' id='word_1_173' title='bbox 848 4666 1127 4753; x_wconf 85' lang='lat' dir='ltr'>recepto</span> <span class='ocrx_word' id='word_1_174' title='bbox 1151 4658 1243 4731; x_wconf 83' lang='lat' dir='ltr'>ab</span> <span class='ocrx_word' id='word_1_175' title='bbox 1269 4680 1354 4731; x_wconf 90' lang='lat' dir='ltr'>eo</span> <span class='ocrx_word' id='word_1_176' title='bbox 1386 4660 1592 4751; x_wconf 81' lang='lat' dir='ltr'>juxta</span> <span class='ocrx_word' id='word_1_177' title='bbox 1624 4657 2198 4731; x_wconf 85' lang='lat' dir='ltr'>consuetudinem</span> <span class='ocrx_word' id='word_1_178' title='bbox 2230 4657 2579 4732; x_wconf 85' lang='lat' dir='ltr'>fidelitatis</span> <span class='ocrx_word' id='word_1_179' title='bbox 2606 4670 2678 4733; x_wconf 84' lang='lat' dir='ltr'>et</span> <span class='ocrx_word' id='word_1_180' title='bbox 2702 4658 2911 4733; x_wconf 86' lang='lat' dir='ltr'>officii</span> <span class='ocrx_word' id='word_1_181' title='bbox 2936 4662 3370 4754; x_wconf 78' lang='lat' dir='ltr'>juramentO,</span> 
     </span>
     <span class='ocr_line' id='line_1_24' title="bbox 728 4777 3059 4846; baseline 0.002 -5"><span class='ocrx_word' id='word_1_182' title='bbox 728 4777 834 4841; x_wconf 84' lang='lat' dir='ltr'>vl.</span> <span class='ocrx_word' id='word_1_183' title='bbox 2982 4792 3059 4846; x_wconf 81' lang='grc'>49</span> 
     </span>
    </p>
   </div>
   <div class='ocr_carea' id='block_1_13' title="bbox 3473 1561 3700 1670">
    <p class='ocr_par' dir='ltr' id='par_1_13' title="bbox 3473 1561 3700 1670">
     <span class='ocr_line' id='line_1_25' title="bbox 3473 1561 3700 1611; baseline 0 -6"><span class='ocrx_word' id='word_1_184' title='bbox 3473 1561 3671 1605; x_wconf 70' lang='lat' dir='ltr'>Grouetl</span> <span class='ocrx_word' id='word_1_185' title='bbox 3681 1587 3700 1611; x_wconf 78' lang='grc'><strong>.</strong></span> 
     </span>
     <span class='ocr_line' id='line_1_26' title="bbox 3473 1617 3698 1670; baseline -0.013 -11"><span class='ocrx_word' id='word_1_186' title='bbox 3473 1617 3698 1670; x_wconf 72' lang='lat' dir='ltr'>januario.</span> 
     </span>
    </p>
   </div>
  </div>
 </body>
</html>
