4364 5738
1048 568 1161 630 120
2034 566 2459 628 Fnlnssulct
2510 566 2856 628 sEcuNm
3475 567 3636 649 [An.
3676 568 3849 629 1243.

1039 704 1388 775 Mandello
1426 700 1818 772 detineatur
1863 701 2217 794 captivus,
2267 704 2492 776 eidem
2537 702 3054 793 fleverigettum
3107 698 3197 771 de
3242 700 3518 773 'l'riunci
3564 714 3634 774 et
3678 705 3851 775 Lan-

1041 827 1307 900 dollum
1379 824 1668 919 Carpani
1724 833 1794 895 et
1853 825 2076 896 David
2141 826 2474 922 Caymum
2530 827 2720 898 cives
2775 824 3328 897 Mediolanenses
3379 846 3556 918 quos
3617 837 3853 921 captos

1041 951 1374 1022 Cremone
1414 949 1484 1019 in
1520 948 1913 1019 carceribus
1946 948 2306 1041 detinetis,
2340 972 2468 1045 pro
2505 959 2841 1022 excontro
2883 957 2956 1019 et
2991 949 3141 1040 ejus
3176 946 3674 1022 deliberatione
3708 947 3853 1047 [as-

1040 1071 1323 1170 signari]
1354 1073 1442 1145 de
1478 1073 1697 1163 gratia
1734 1073 2249 1145 mandaremus.
2289 1072 2486 1146 Unde
2524 1073 2684 1145 licet
2715 1072 2984 1167 pridem
3020 1072 3222 1144 vobis
3249 1070 3644 1144 dederimus
3675 1066 3852 1167 [per]

1040 1199 1209 1269 alias
1243 1197 1503 1267 litteras
1538 1196 1607 1266 in
1657 1196 2000 1267 mandatis
2041 1206 2123 1267 ut
2161 1218 2290 1291 pro
2333 1197 2831 1269 deliberatione
2876 1204 2949 1268 et
2993 1204 3326 1267 excontro
3368 1195 3534 1267 dicti
3567 1195 3746 1266 Petri
3785 1202 3855 1266 et

1040 1321 1427 1394 Ardicionis
1491 1373 1508 1391 .
1542 1372 1560 1389 .
1593 1373 1610 1390 .
1671 1320 1976 1391 concivis
2046 1321 2154 1391 sui
2206 1318 2609 1394 Gnidottum
2674 1320 2764 1391 de
2829 1319 3247 1392 Pellavicino
3306 1328 3377 1390 et
3433 1319 3854 1391 Barifaldum

1041 1446 1131 1518 de
1194 1497 1213 1516 .
1244 1500 1260 1517 .
1295 1497 1312 1515 .
1374 1444 1685 1537 captivos
1738 1443 2289 1516 Mediolanenses
2349 1444 2794 1536 assignaretis
2852 1442 3148 1533 eisdem,
3202 1452 3433 1514 tamen
3495 1437 3713 1540 [cum]
3762 1462 3854 1513 ex

1043 1568 1357 1662 ejusdem
1402 1567 1579 1638 Petri
1617 1567 1951 1638 relatione
1993 1567 2438 1639 didicerimus
2474 1568 2820 1662 prefatum
2852 1565 3254 1639 Guidottum
3292 1561 3473 1662 [pro]
3511 1565 3850 1637 delibera-

1044 1693 1229 1764 tione
1271 1691 1434 1762 dicti
1475 1689 1865 1762 Ardicionis
1918 1700 1989 1761 et
2026 1691 2445 1763 Barifaldum
2498 1713 2625 1787 pro
2677 1688 3176 1763 deliberatione
3212 1699 3283 1760 et
3332 1697 3667 1760 excontro
3704 1687 3849 1760 Mo·

1042 1813 1252 1886 rischi
1297 1812 1465 1884 civis
1495 1812 1728 1882 Laude
1764 1811 1975 1882 fuisse
2005 1812 2094 1883 de
2132 1813 2462 1885 mandato
2515 1865 2533 1882 .
2564 1866 2583 1884 .
2616 1864 2633 1882 .
2676 1811 2896 1883 nostri
2944 1811 3263 1883 culminis
3296 1811 3646 1899 liberatOS,
3689 1832 3850 1904 sup-

1041 1935 1527 2033 plicationibus
1566 1935 1779 2028 ipsius
1813 1947 2238 2026 annuenteS,
2282 1935 2637 2008 devotioni
2674 1946 2907 2007 vestre
2952 1934 3399 2029 precipiendo
3449 1934 3853 2006 mandamus

1041 2071 1145 2133 ut.
1216 2110 1637 2131 ......
1691 2069 1762 2130 et
1820 2058 2320 2133 deliberatione
2373 2059 2555 2131 Petri
2606 2058 2823 2153 ipsius
2874 2080 3094 2130 unum
3149 2080 3243 2130 ex
3297 2058 3515 2130 tribus
3568 2057 3854 2153 captivis

1043 2180 1274 2281 [sicut]
1316 2193 1551 2255 nostre
1593 2182 2005 2254 excellentie
2043 2184 2453 2278 postulavit,
2494 2204 2704 2276 quem
2743 2182 3080 2276 imperiali
3119 2182 3309 2252 curie
3351 2182 3682 2254 videretis
3726 2181 3850 2252 mi·

1042 2327 1174 2377 nus
1205 2307 1478 2397 utilem,
1514 2305 1741 2377 eidem
1780 2307 1981 2377 Petro
2014 2307 2160 2378 sine
2193 2307 2473 2399 majoris
2504 2326 2701 2378 mora
2731 2315 2804 2377 et
2841 2305 3244 2377 difficultate
3289 2357 3709 2376 ......
3743 2326 3852 2377 as·

1041 2430 1350 2522 signetis,
2165 2515 2168 2520 .

1138 2555 1389 2625 Datum
1435 2554 1506 2623 in
1557 2552 1800 2624 castris
1847 2552 1919 2622 in
1965 2552 2506 2647 depopulatione
2549 2554 3060 2643 vercellarum,
3111 2562 3361 2645 quarto
3405 2552 3847 2647 septembris,

1044 2676 1350 2748 secunda
1382 2675 1783 2747 indictione.

1141 2800 1286 2891 Ego
1317 2797 1601 2891 Egidius
1639 2798 1727 2871 de
1765 2800 2084 2891 Legnago
2128 2799 2440 2872 notarius
2470 2800 2646 2873 sacri
2689 2800 2926 2895 palatii
2961 2798 3242 2871 interfui
3283 2808 3355 2869 et
3386 2799 3585 2891 jussu
3622 2819 3854 2893 supra-

1044 2923 1277 3017 scripti
1307 2923 1489 2994 Petri
1518 2932 1590 2993 et
1621 2922 1710 2994 de
1733 2944 2077 2995 consensu
2114 2924 2363 3017 prefati
2392 2924 2656 2996 domini
2692 2923 2951 3017 Ugonis
2983 2923 3263 3019 scripsi,
3297 2931 3431 2993 etc.

1140 3169 1345 3242 Anno
1390 3171 1480 3240 ab
1519 3169 1992 3242 incarnatione
2036 3171 2311 3242 Domini
2348 3172 2568 3245 nostri
2615 3173 2773 3243 Iesu
2826 3170 3074 3243 Christi
3118 3169 3485 3241 millesimo
3530 3170 3853 3241 ducente·

1045 3294 1220 3378 simo
1253 3292 1781 3385 quadragesimo
1828 3293 2065 3384 tertio,
2120 3294 2493 3368 indictione
2539 3295 2874 3385 secunda,
2922 3294 3036 3366 die
3074 3293 3257 3385 jovis
3297 3293 3519 3387 primo
3556 3293 3853 3364 intrante

1044 3414 1342 3504 octobri,
1378 3415 1447 3483 in
1481 3415 1817 3486 Cremona
1849 3416 1919 3485 in
1953 3418 2301 3510 presentia
2331 3417 2771 3491 dominorum
2808 3419 3040 3511 Spalle
3079 3416 3169 3489 de
3205 3416 3469 3488 Amatis
3499 3425 3571 3485 et
3601 3414 3851 3486 Sabelli

1046 3537 1135 3608 de
1163 3538 1472 3610 Oscusali
1510 3549 1579 3609 et
1609 3538 1955 3611 Guillelmi
2004 3592 2023 3610 .
2055 3592 2074 3610 .
2104 3591 2121 3609 .
2166 3539 2263 3611 ibi
2304 3542 2579 3613 tertium
2625 3551 3073 3630 vocatorum,
3114 3540 3439 3612 dominus
3482 3540 3722 3609 Petrus
3762 3537 3851 3610 de

1045 3662 1297 3733 Sancto
1336 3662 1536 3734 Petro
1578 3663 1771 3735 dedit
1815 3672 1886 3734 et
1927 3665 2424 3757 representavit
2466 3665 2751 3737 domino
2788 3664 3147 3736 Lantelmo
3188 3663 3276 3735 de
3309 3662 3588 3734 Cassino
3620 3670 3848 3755 potes-

1044 3787 1166 3858 tati
1223 3786 1556 3858 Cremone
1607 3787 1870 3857 litteras
1923 3786 2254 3878 sigillatas
2299 3788 2389 3860 de
2440 3788 2666 3880 sigillo
2722 3787 2984 3861 domini
3040 3787 3260 3879 regis,
3317 3796 3515 3859 tenor
3561 3806 3850 3878 quarum

1044 3910 1199 3980 talis
1230 3919 1383 3980 est:

1139 4033 1498 4123 HenricuS,
1547 4034 1672 4105 Dei
1711 4045 1780 4105 et
1825 4034 2161 4129 imperiali
2200 4037 2419 4127 gratia
2472 4059 2601 4109 rex
2640 4036 2993 4124 Sardinie,
3030 4035 3205 4107 sacri
3243 4035 3512 4128 imperii
3549 4035 3620 4104 in
3664 4032 3850 4104 Italia

1044 4156 1333 4246 legatus,
1356 4157 1571 4229 nobili
1602 4158 1751 4230 viro
1780 4159 1853 4230 L.
1880 4160 2111 4230 comiti
2145 4159 2235 4232 de
2262 4160 2541 4232 Cassino
2570 4160 2894 4254 potestati
2927 4160 3261 4232 Cremone
3298 4158 3552 4230 dilecto
3586 4153 3851 4249 imperii

1044 4276 1268 4365 fideli,
1306 4281 1599 4352 salutem
1656 4294 1725 4353 et
1774 4282 2214 4356 dilectionem
2258 4285 2622 4356 sinceram.
2679 4283 3112 4379 Supplicavit
3160 4282 3575 4357 excellentie
3621 4288 3852 4352 nostre

1043 4402 1284 4473 Petrus
1329 4403 1419 4474 de
1450 4403 1702 4476 Sancto
1741 4407 1944 4478 Petro
1984 4409 2156 4480 civis
2200 4409 2499 4482 Novaria
2542 4408 2816 4505 imperii
2864 4406 3089 4480 fidelis
3142 4418 3222 4479 ut
3274 4427 3435 4480 cum
3483 4400 3852 4477 Mediolani

1046 4524 1437 4597 detineatur
1484 4528 1799 4620 captivus
1813 4582 1833 4621 ,
1882 4531 2110 4603 eidem
2153 4533 2582 4627 Harigettum
2628 4533 2717 4606 de
2757 4533 3029 4606 'l'riunci
3080 4533 3194 4604 vel
3244 4528 3657 4602 Landolfum
3710 4527 3853 4630 sive

1042 4646 1264 4718 David
1303 4648 1632 4743 Caymum
1670 4651 1790 4743 qui
1833 4651 2169 4726 Cremone
2202 4655 2456 4749 captivi
2494 4665 2820 4728 tenentur
2859 4677 2988 4752 pro
3030 4663 3363 4759 excontro
3407 4659 3480 4724 et
3519 4650 3854 4724 delibera-
