4364 5738
568 527 769 587 immor.
809 526 894 602 l.]
1467 523 1863 592 HISTORIA
1914 524 2502 586 mPLOMA'rch.
3282 480 3419 589 103¹

568 661 849 732 viduate
880 659 1267 753 compassio
1298 668 1491 730 tanto
1522 660 2031 755 lacrymabilius
2057 660 2473 755 deploravit,
2491 668 2753 751 quanto
2777 661 3123 733 recentius
3150 662 3390 735 dolore

568 783 896 856 suscitato
950 782 1282 877 preterito
1357 783 1648 876 reliquie
1722 793 2202 856 remanserant
2251 783 2703 879 deplorande.
2757 785 3077 856 Nondum
3135 788 3390 858 etenim

565 907 816 1002 prioris
838 906 1146 978 vulneris
1174 906 1512 978 cicatricis
1531 907 1728 998 signa
1757 909 2198 999 transierant,
2218 908 2530 980 nondum
2553 908 2848 1002 primevi
2877 908 3134 980 doloris
3158 912 3389 984 fumus

567 1030 635 1101 in
684 1032 902 1101 altum
956 1029 1405 1121 ascenderat,
1456 1040 1526 1102 et
1575 1031 1672 1103 sic
1729 1032 2173 1104 amaritudini
2234 1032 2607 1125 conjuncta
2661 1032 3013 1104 calamitas
3068 1032 3388 1123 fluctibus

564 1154 837 1242 addidit
883 1163 1389 1250 tempestatem.
1433 1155 1490 1226 Ο
1523 1177 1734 1248 quam
1781 1157 2167 1258 mirabilem
2210 1156 2494 1227 fallendi
2534 1155 2820 1228 modum
2860 1143 3133 1229 fallacia
3173 1159 3388 1252 siqui-

568 1279 727 1351 dem
780 1278 1088 1349 mortalis
1135 1277 1463 1369 includit,
1512 1301 1649 1371 que
1696 1280 1991 1351 discreta
2034 1302 2317 1375 prorsus
2348 1265 2410 1350 ¹a
2465 1271 2794 1351 tredecim
2841 1291 3177 1376 concepta
3223 1304 3382 1376 per-

569 1402 922 1497 emptoriis
976 1402 1423 1496 exceptiones
1480 1403 1835 1474 dilatorias
1898 1377 2036 1475 non
2107 1383 2450 1493 admittit,
2503 1423 2596 1473 ex
2653 1401 3059 1475 necessariis
3113 1426 3389 1499 semper

569 1525 877 1597 terminis
955 1521 1356 1617 silogizansl
1425 1526 1779 1619 Numquid
1843 1527 2028 1598 enim
2101 1549 2319 1598 unum
2382 1526 2517 1598 sibi
2567 1526 2973 1598 substulisse
3028 1527 3392 1600 suffecerat

565 1649 685 1719 ubi
737 1667 1130 1720 successore
1186 1640 1494 1721 secundo
1554 1649 1863 1723 desolate
1918 1651 2156 1721 matris
2206 1649 2545 1741 gremium
2600 1649 3016 1720 continuatis
3071 1653 3394 1745 lacrymis

565 1770 914 1861 viduavit,
964 1782 1045 1843 ut
1087 1772 1176 1844 ad
1229 1773 1458 1844 minus
1508 1776 1700 1867 quod
1753 1776 1825 1844 in
1870 1795 2011 1844 uno
2051 1774 2449 1868 ploraverat
2497 1773 2567 1841 in
2617 1773 2754 1843 alio
2802 1774 3186 1844 solaretur?
3222 1777 3389 1861 wQue

566 1894 878 1967 dolorem
931 1917 1090 1966 cum
1139 1897 1394 1988 gaudio
1460 1905 1852 1989 temperans
1906 1896 2299 1967 terminavit
2343 1896 2672 1985 gaudium
2718 1896 2788 1964 in
2847 1896 3085 1967 dolore
3108 1951 3127 1988 ,
3185 1907 3255 1969 et
3292 1900 3389 1971 sic

565 2021 718 2111 ejus
748 2018 1110 2108 evangelio
1143 1997 1419 2110 lugubri
1450 2028 1670 2091 totum
1703 2019 2061 2113 predicato
2090 2041 2217 2111 per
2248 2019 2524 2107 orbem,
2559 2039 2717 2088 cum
2752 2019 2941 2088 nulla
2974 2023 3385 2113 spes'reme·

567 2142 663 2213 dii
705 2150 1098 2236 superesset
1133 2142 1439 2213 Ecclesie
1481 2143 1680 2233 cujus
1723 2142 2244 2218 tribulationum
2291 2141 2569 2235 publica
2606 2133 2906 2211 notio‘se
2940 2163 3064 2235 per
3105 2143 3384 2212 univer-

564 2253 678 2337 sos
712 2264 898 2336 orbis
933 2266 1226 2356 angulos
1268 2265 1686 2359 publicarat,
1726 2255 1846 2359 pie'
1881 2265 2118 2336 matris
2160 2265 2447 2336 affectus
2478 2284 2688 2356 quam
2718 2266 2999 2355 squalor
3031 2266 3387 2338 viduitatis

564 2399 634 2460 et
663 2377 1108 2460 desolationis
1139 2389 1501 2479 affecerat,
1536 2390 1626 2460 ad
1659 2390 2029 2461 Dominum
2065 2389 2237 2460 dum
2274 2389 2718 2460 tribularetur
2748 2388 3154 2460 coadunatis
3186 2391 3385 2462 voci-

564 2512 694 2582 bus
727 2511 1026 2583 filiorum
1079 2512 1200 2604 qui
1243 2511 1451 2604 hujus
1499 2503 1766 2585 doloris
1802 2513 2292 2606 pungebantur
2340 2512 2632 2602 aculeis,
2681 2513 3130 2601 exclamavit,
3169 2524 3240 2585 et
3293 2537 3383 2587 ne

563 2636 869 2729 periculo
914 2635 1420 2707 circumstantis
1461 2637 1778 2729 angustie
1828 2658 1965 2729 que
2013 2636 2384 2730 periclitari
2434 2636 2761 2730 temporis
2805 2636 3177 2707 necessitas
3227 2639 3378 2709 exi-

563 2759 804 2850 gebat,
850 2760 921 2828 in
955 2743 1170 2830 altum
1214 2759 1389 2831 sorte
1432 2753 1933 2850 succresceret,
1972 2782 2143 2831 voce
2178 2759 2540 2830 clamantis
2571 2759 2800 2829 celum
2839 2759 3127 2829 tercium
3166 2780 3381 2854 pene·

566 2893 789 2955 trante
824 2894 895 2954 et
925 2905 967 2954 a
998 2886 1198 2955 vultu
1230 2885 1356 2954 Dei
1387 2885 1776 2977 prodeunte
1801 2884 2101 2977 judicio,
2148 2884 2449 2978 petentis
2490 2882 2731 2976 petitio
2765 2903 2839 2952 se
2886 2884 3117 2953 sentiit
3159 2905 3377 2956 exau·

565 3006 827 3096 ditam5
886 3006 1075 3098 quod
1135 3018 1358 3077 mater
1415 3017 1782 3102 optaverat
1825 3017 1998 3079 voto·
2045 2998 2505 3078 desiderantis
2554 3005 2841 3076 advenit
2886 3014 2956 3076 et
3008 3026 3380 3099 aspergens

565 3110 784 3221 aquas
815 3129 889 3198 in
927 3112 1285 3200 itineribus
1315 3131 1460 3201 suis
1494 3153 1738 3203 vocem
1771 3131 2112 3226 habyssus
2148 3130 2436 3224 protulit
2462 3129 2553 3199 ab
2585 3128 2949 3200 altitudine
2984 3130 3371 3223 phantasie.

567 3252 670 3324 Ac
725 3251 885 3322 licet
932 3251 1067 3322 hoc
1131 3252 1311 3323 fama
1364 3253 1816 3348 paranimpha
1863 3265 2328 3348 ‘processuum
2379 3250 2894 3346 expectantium
2950 3252 3234 3324 auribus
3289 3275 3380 3324 ex

564 3376 849 3447 affectus
890 3374 1243 3446 anxietate
1285 3376 1703 3469 predixerit,
1738 3387 1818 3446 ut
1867 3386 2097 3449 tamen
2145 3377 2217 3446 in
2260 3376 2513 3447 certius
2556 3376 2779 3447 laudis
2823 3376 3167 3447 canticum
3216 3398 3380 3470 pro·

563 3508 927 3594 rumpatur
968 3499 1156 3592 quod
1192 3522 1350 3571 cum
1387 3500 1607 3592 gloria
1647 3501 1719 3571 in
1769 3498 2061 3573 excelsis
2106 3504 2254 3573 Deo
2293 3501 2687 3590 referimus,
2737 3510 3043 3571 creatum
3079 3501 3380 3593 desuper

564 3624 634 3694 in
690 3623 993 3695 Ecclesia
1057 3625 1364 3695 Romana
1428 3622 1826 3719 pontificem
1887 3645 2174 3720 presens
2234 3624 2525 3718 epistola
2585 3623 2961 3695 letabunda
3021 3620 3372 3692 describit.

563 3748 764 3835 Quod
809 3758 999 3819 tanto
1047 3749 1399 3819 solennius
1443 3770 1724 3822 movere
1774 3750 1984 3821 debet
2033 3750 2246 3822 corda
2298 3748 2642 3840 fidelium,
2693 3757 2955 3841 quanto
3002 3743 3379 3816 consultius

563 3872 753 3944 orbis
798 3874 1133 3965 angustiis
1165 3895 1374 3966 quem
1413 3875 1559 3965 jam
1601 3874 1817 3946 hostis
1858 3870 2122 3968 antiqui
2170 3874 2481 3965 nequitia
2530 3872 2722 3944 varia
2775 3867 3222 3962 temptatione
3264 3888 3377 3937 se-

562 3995 895 4086 duxerat,
934 3993 1105 4093 [ille]
1126 3997 1322 4088 cujus
1357 4008 1461 4068 est
1491 4018 1533 4068 a
1570 4019 1840 4070 summo
1872 3998 2024 4069 celo
2065 3997 2404 4089 egressiO,
2441 4016 2564 4067 sue
2597 3993 2815 4085 gratie
2844 3990 3184 4062 infusione
3214 4011 3375 4083 pro·

561 4118 763 4191 vidit.
813 4120 1048 4192 Canite
1082 4120 1291 4213 igitur
1339 4122 1504 4192 tuba
1546 4131 1616 4192 et
1654 4121 1955 4212 cithara,
1991 4121 2218 4193 canite
2259 4123 2407 4192 Deo
2451 4126 2688 4189 nostro
2739 4116 2859 4209 qui
2901 4124 3107 4186 suum'
3149 4137 3378 4211 prose-

563 4243 842 4335 quendo
886 4245 1239 4336 negotium
1282 4266 1534 4339 papam
1584 4247 1925 4317 concessit
1967 4244 2262 4339 popu10,
2298 4252 2567 4337 patrem
2615 4238 2807 4329 filiis,
2859 4239 3084 4311 virum
3122 4239 3365 4330 vidue,

567 4376 908 4458 pastorem
952 4368 1350 4458 ovibuS,·et
1391 4369 1461 4439 in
1508 4369 1663 4440 altis
1693 4367 2013 4440 habitans
2061 4366 2369 4459 respexit
2419 4365 2741 4454 humilia,
2783 4365 3067 4458 largitus
3114 4365 3376 4436 mundo

566 4489 874 4582 perituro
908 4502 1271 4563 rectorem.
