4364 5738
976 591 1099 653 254
1980 589 2408 651 tammum
2456 589 2805 650 sncuNnt
3413 592 3578 671 [Ant.
3614 594 3795 656 1245.

976 729 1017 819 S
1070 729 1238 800 Item
1297 730 1488 821 quod
1534 730 1824 802 abbates
1881 727 2115 799 Sancti
2169 725 2547 797 Salvatoris
2601 735 3070 796 exercuerunt
3113 725 3666 816 jurisdictionem
3724 729 3797 801 in

975 861 1202 925 castro
1244 853 1556 946 predicto
1607 875 1735 949 per
1773 852 2056 923 nuntios
2110 870 2381 921 eorum.
2421 850 2462 941 fi
2507 850 2678 920 Item
2726 845 2920 940 quod
2955 849 3103 939 jam
3149 860 3313 921 sunt
3360 851 3604 944 viginti
3654 852 3797 926 duo

973 976 1139 1046 anni
1175 986 1246 1047 et
1277 977 1431 1070 plus
1477 977 1668 1069 quod
1701 976 1918 1047 abbas
1954 973 2409 1070 predecessor
2439 971 2637 1042 istius
2671 982 3092 1064 conquestus
3133 971 3262 1043 fuit
3302 972 3392 1044 de
3430 975 3795 1047 Frederico

973 1101 1045 1169 ct
1082 1099 1268 1194 Pepo
1304 1100 1509 1170 Iacob
1549 1100 1619 1169 in
1664 1099 1855 1171 curia
1892 1097 2353 1169 ecclesiastica
2390 1106 2463 1167 et
2496 1094 2659 1166 fecit
2690 1115 2812 1166 eos
2855 1094 3053 1167 citari
3088 1116 3301 1190 super
3340 1096 3526 1169 dicto
3560 1108 3790 1170 castro

970 1231 1044 1293 et
1074 1223 1387 1317 porrexit
1423 1223 1523 1293 eis
1556 1223 1896 1311 libellum,
1933 1229 2006 1292 et
2040 1220 2170 1315 ipsi
2213 1220 2540 1292 conventi
2586 1229 3001 1314 receperunt
3031 1240 3159 1313 per
3194 1240 3270 1290 se
3303 1221 3417 1292 vel
3462 1242 3584 1315 per
3623 1243 3789 1316 pro·

968 1345 1358 1418 curatorem
1400 1367 1675 1434 eorum,
1715 1355 1787 1416 et
1820 1344 2237 1416 vendicabat
2278 1344 2631 1438 predictus
2671 1341 2886 1413 abbas
2926 1342 3317 1437 predictum
3351 1353 3655 1415 castrum
3695 1345 3788 1415 ab

969 1470 1092 1541 eis.
1139 1470 1178 1561 S
1217 1472 1387 1541 Item
1427 1469 1619 1563 quod
1669 1469 1758 1540 de
1806 1467 2137 1562 predictis
2177 1477 2285 1538 est
2327 1466 2604 1559 publica
2653 1467 2836 1537 sama
2882 1466 2954 1536 in
3002 1466 3319 1561 partibus
3368 1467 3526 1538 illis.
3572 1469 3788 1560 §Hec

967 1593 1122 1663 vult
1164 1593 1456 1686 probare
1509 1613 1635 1685 per
1688 1601 1922 1680 testes,
1982 1591 2477 1678 instrumenta,
2525 1589 2887 1684 privilegia
2923 1599 2995 1660 et
3036 1590 3208 1661 alias
3252 1591 3556 1662 rationes
3593 1613 3779 1664 suas.

967 1715 1256 1807 §Salvis
1290 1716 1441 1786 aliis
1479 1715 1784 1787 articulis
1814 1734 1991 1807 quos
2028 1723 2313 1809 paratus
2346 1725 2451 1784 est
2487 1712 2692 1802 dare,
2730 1712 2803 1783 in
2844 1712 3140 1784 termino
3181 1712 3347 1786 dato
3381 1714 3549 1786 istos
3587 1715 3790 1787 offert

966 1838 1201 1910 modo.

1061 1963 1268 2033 Facta
1295 1961 1421 2031 fuit
1447 1961 1871 2054 presentatio
1908 1961 2213 2055 ipsarum
2247 1959 2632 2031 litterarum
2668 1981 2829 2030 cum
2864 1959 3030 2053 ipsis
3059 1959 3368 2031 articulis
3399 1960 3787 2033 interclusis

904 2087 912 2094 ”
965 2084 1037 2154 in
1083 2085 1311 2178 platea
1356 2084 1658 2156 Grosseti
1699 2086 1904 2176 juxta
1954 2085 2286 2179 palatium
2337 2083 2563 2172 curie,
2614 2103 2847 2154 coram
2889 2081 3180 2155 Tineoso
3229 2083 3321 2155 de
3363 2083 3779 2178 Columpna,

965 2208 1247 2281 domino
1282 2208 1644 2280 Guilielmo
1668 2208 1934 2299 judice,
1971 2215 2042 2278 et
2073 2207 2433 2279 Petruccio
2460 2206 2649 2295 Peri,
2690 2206 2917 2277 Blasio
2954 2206 3378 2296 Provenzani
3423 2206 3513 2279 de
3555 2218 3780 2281 castro

961 2331 1267 2421 abbatie,
1316 2332 1604 2402 testibus
1657 2331 1749 2402 ad
1799 2330 1931 2402 hec
1974 2330 2280 2420 vocatis,
2322 2350 2509 2402 anno
2559 2329 2836 2400 Domini
2884 2330 3250 2402 millesimo
3303 2329 3781 2403 ducentesimo

959 2455 1491 2549 quadragesimo
1518 2454 1790 2548 quinto,
1832 2454 2208 2525 indictione
2244 2454 2473 2542 tertia,
2508 2452 2622 2524 die
2653 2454 2895 2545 quinta
2927 2453 3227 2525 intrante
3260 2454 3532 2526 martio.

1055 2579 1203 2669 Ego
1236 2578 1449 2648 Perus
1484 2576 1769 2647 Veczosi
1807 2575 2184 2671 imperialis
2227 2578 2386 2648 aule
2417 2577 2728 2648 notarius
2758 2575 2891 2648 hiis
2920 2577 3244 2650 omnibus
3283 2577 3564 2649 interfui
3603 2588 3676 2650 et
3699 2589 3782 2651 ut

959 2722 1169 2795 supra
1206 2700 1456 2793 legitur
1488 2710 1768 2792 rogatus
1799 2700 2064 2795 scripsi.

1056 2825 1340 2917 Signum
1373 2825 1510 2896 mei
1543 2825 1696 2897 Peri
1730 2824 2008 2897 notarii.

1368 3131 2092 3141 *Μ’-.-

1029 3393 1485 3477 ‘Fridericus
1502 3456 1526 3501 ,
1573 3393 2094 3476 Romanorum
2146 3393 2585 3502 imperator,
2625 3393 3002 3478 Richardo
3046 3395 3303 3479 comiti
3350 3393 3776 3479 Cornubiae

956 3526 1245 3610 sororio
1292 3552 1432 3608 suo
1482 3525 1783 3608 nuntiat
1816 3553 2013 3635 quae
2063 3524 2318 3608 clades
2376 3526 2455 3606 in
2516 3527 2747 3608 Terra
2802 3527 3076 3610 Sancta
3132 3527 3581 3611 christianos
3634 3525 3771 3608 af-

953 3658 1230 3742 flixerit
1245 3719 1267 3764 ,
1309 3657 1574 3741 dolens
1610 3659 1707 3740 de
1742 3657 2350 3766 Templariorum
2400 3669 2475 3742 et
2516 3658 2896 3741 baronum
2945 3660 3219 3744 Terrae
3262 3659 3772 3769 imprudentia

952 3803 1027 3876 et
1069 3794 1278 3903 qnod
1328 3817 1573 3901 neque
1620 3793 2027 3900 Gregorius
2080 3793 2472 3901 quondam
2530 3819 2881 3877 summus
2934 3795 3273 3904 pontifex
3328 3819 3577 3904 neque
3628 3795 3772 3878 iste

950 3926 1084 4035 qui
1122 3952 1328 4008 nunc
1361 3925 1736 4033 praesidet
1770 3925 2175 4029 Ecclesiae,
2209 3923 2638 4008 subsidium
2675 3953 2723 4008 a
2759 3952 2840 4009 se
2875 3927 3042 4035 ipso
3062 3927 3409 4011 oblatum
3433 3927 3772 4036 accipere

952 4057 1349 4141 voluerint.

1110 4267 1307 4349 (Edit.
1337 4287 1438 4348 ap.
1468 4271 1669 4331 Mrrr.
1703 4270 1936 4346 Puus„
1963 4268 2121 4331 Hm.
2153 4269 2291 4351 maj.
2321 4265 2595 4352 Anqlor„
2621 4289 2682 4349 p.
2723 4279 3012 4351 419-420,
3040 4271 3120 4334 ad
3145 4290 3289 4337 ann.
3323 4281 3500 4336 1244.
3531 4306 3608 4319 —
3632 4274 3768 4336 Du-

1191 4394 1340 4455 rmf,
1368 4376 1524 4437 Hist.
1557 4373 1654 4436 des
1691 4373 2026 4456 Templiers,
2057 4394 2119 4454 p.
2155 4375 2321 4455 152.)

1044 4562 1473 4651 FredericuS,
1500 4563 1625 4633 Dei
1651 4564 1871 4654 gratia
1900 4565 2368 4634 Romanorum
2403 4563 2778 4658 imperator
2809 4584 3087 4658 semper
3117 4573 3478 4658 augustus,
3515 4566 3765 4638 Hieru-

946 4689 1162 4760 salem
1185 4694 1256 4758 et
1277 4686 1502 4758 Sicilie
1531 4706 1687 4779 rex,
1711 4685 2056 4758 Richardo
2079 4686 2315 4759 comiti
2340 4686 2708 4778 Cornubie,
2728 4687 2983 4759 dilecto
3009 4688 3274 4760 sororio
3291 4708 3450 4779 suo,
3465 4690 3763 4761 salutem
