4364 5738
726 2676 957 2749 lum-ta'

1068 564 1192 628 418
2067 571 2495 635 munitium
2543 549 2892 633 s'EcuNui
3502 569 3670 649 [Anu.
3703 559 3879 633 12¹8.

1070 699 1297 776 fidelis
1327 714 1566 777 noster
1593 705 1683 778 ad
1717 707 2203 780 excellentiam
2235 715 2543 780 nostram
2570 705 2790 800 gerit,
2825 700 3235 803 m[emo]res
3264 724 3547 798 quoque
3581 704 3887 777 servitio-

1068 850 1225 899 rum
1253 830 1406 921 ejus
1431 850 1571 924 que
1596 831 1879 903 culmini
1907 841 2145 906 nostro
2172 830 2441 904 dudum
2465 828 2785 902 exhibuit
2811 840 2882 901 et
2906 829 2980 900 in
3009 838 3213 901 antea
3241 827 3498 924 poterit
3520 827 3877 919 exhibere,

1068 953 1549 1026 auctoritatem
1592 953 1723 1026 sibi
1765 964 1837 1027 et
1876 954 2257 1048 heredibus
2304 953 2449 1026 suis
2493 952 2583 1025 de
2632 953 2854 1047 gratia
2903 963 3142 1025 nostra
3192 951 3659 1025 concessimus
3702 963 3880 1024 trac-

1071 1075 1262 1149 tandi
1309 1098 1544 1150 coram
1586 1099 1671 1150 eo
1715 1100 1961 1152 causas
2000 1100 2140 1173 que
2184 1098 2395 1173 super
2434 1076 3006 1173 proprietatibus,
3051 1074 3555 1149 hereditatibus
3592 1097 3678 1148 ac
3709 1095 3880 1171 pos-

1066 1200 1486 1273 sessionibus
1519 1204 1590 1273 in
1624 1203 1956 1275 comitatu
1986 1202 2077 1275 de
2108 1202 2336 1295 Hage,
2383 1200 2458 1271 in
2497 1222 2639 1294 quo
2670 1200 3026 1294 quondam
3068 1199 3366 1273 Gurroni
3415 1197 3602 1272 fideli
3647 1209 3878 1272 nostro

1064 1324 1370 1417 legitime
1401 1325 1755 1417 successit,
1790 1336 1944 1398 orte
1976 1325 2271 1415 fuerint,
2307 1345 2392 1396 ac
2431 1322 2830 1396 diffinitivas
2866 1345 2994 1419 per
3023 1344 3185 1395 eum
3213 1344 3424 1419 super
3462 1322 3688 1395 causis
3717 1322 3879 1418 ipsis

1064 1449 1445 1523 sententias
1476 1448 1898 1544 proferendi,
1929 1448 2021 1521 de
2051 1449 2435 1521 latronibus
2466 1468 2747 1543 quoque
2783 1458 2855 1520 et
2884 1447 3186 1538 furibus,
3219 1448 3341 1543 qui
3372 1448 3444 1519 in
3475 1448 3724 1522 eodem
3758 1469 3874 1521 co-

1065 1573 1312 1645 mitatu
1347 1572 1419 1643 in
1459 1571 1818 1645 maleficiis
1848 1572 2267 1669 deprehensi
2316 1573 2605 1665 moriat,
2630 1571 3019 1666 judicandi.
3071 1571 3184 1645 Ad
3215 1574 3415 1665 cujus
3443 1573 3546 1644 rei
3578 1573 3872 1644 futuram

1064 1697 1468 1770 memoriam
1513 1707 1585 1770 et
1631 1696 1948 1769 stabilem
1998 1694 2393 1769 firmitatem
2418 1749 2439 1787 ,
2479 1718 2767 1792 presens
2814 1697 3148 1793 scriptum
3191 1694 3342 1769 fieri
3384 1706 3456 1769 et
3503 1696 3877 1790 majestatis

1062 1831 1298 1896 nostre
1329 1821 1551 1914 sigillo
1578 1820 1911 1913 jussimus
1942 1819 2381 1893 communiri.

1157 1951 1413 2022 Datum
1443 1944 1671 2037 Alifie,
1692 1966 1880 2018 anno
1910 1944 2257 2018 dominice
2287 1943 2780 2017 incarnationis
2808 1943 3175 2017 millesimo
3207 1943 3685 2017 ducentesimo
3710 1965 3874 2038 qua-

1062 2072 1455 2167 dragesimo
1485 2070 1757 2165 quinto,
1791 2090 2030 2142 mense
2066 2068 2306 2160 madii,
2335 2077 2580 2163 quarte
2614 2066 3010 2141 indictionis
3039 2065 3103 2165 (l
3119 2066 3175 2164 ).

1164 2643 1628 2752 FridericuS,
1705 2643 2223 2729 Romanorum
2319 2646 2770 2755 imperator,
2856 2645 3237 2729 Friderioo
3308 2645 3405 2728 de
3475 2644 3870 2729 Antiochia

1056 2775 1216 2859 filio
1253 2803 1394 2860 suo
1447 2777 1642 2860 sacri
1685 2777 1982 2888 imperii
2037 2779 2116 2861 in
2164 2778 2438 2861 Tuscia
2485 2779 2768 2861 vicario
2804 2777 3139 2890 generali
3194 2778 3510 2861 mandat
3545 2790 3632 2860 ut
3672 2803 3868 2886 pro-

1056 2909 1319 2993 hibeat
1379 2936 1476 2992 ne
1529 2910 1766 2993 abbas
1823 2911 2075 2994 Sancti
2126 2911 2540 2994 Salvatoris
2601 2911 2700 2994 de
2751 2912 3002 2995 Monte
3055 2911 3358 2994 Amiato
3410 2911 3509 2993 ab
3566 2909 3866 2993 officia-

1056 3041 1263 3125 libus
1310 3042 1563 3124 curiae
1617 3043 1947 3126 indebite
2000 3042 2486 3150 molestetur3
2545 3044 2643 3127 ad
2689 3042 2808 3154 cuj
2818 3070 2908 3126 us
2959 3042 3473 3126 executionem
3530 3043 3865 3125 mandati

1055 3172 1261 3255 idem
1313 3172 1738 3256 Fridericus
1791 3174 2199 3258 Thomasio
2249 3176 2348 3259 de
2396 3176 2665 3287 Ophen
2719 3176 3112 3287 capitaneo
3160 3176 3358 3260 vices
3408 3201 3587 3259 suas
3640 3201 3861 3259 oom-

1055 3305 1315 3388 mittit.

1222 3514 1468 3593 (Inedit.
1498 3532 1575 3575 ex
1606 3517 1879 3594 originali
1903 3519 1968 3576 in
1992 3517 2234 3577 archivo
2267 3515 2576 3592 diplomat.
2621 3514 2954 3577 Florentiae
2975 3524 3327 3595 ·asservato,
3365 3520 3536 3595 culus
3566 3515 3863 3593 qnondam

1291 3621 1462 3682 nobis
1497 3620 1787 3700 Giuseppe
1810 3623 1955 3683 Rosi
1981 3624 2214 3700 copiam
2244 3620 2431 3700 fecit.)
2852 3650 2858 3655 ·

1151 3810 1228 3881 ln
1255 3809 1538 3882 nomine
1564 3809 1871 3899 Domini,
1908 3829 2140 3880 amen.
2173 3809 2315 3880 Nos
2345 3806 2641 3879 Thomas
2674 3805 2764 3881 de
2796 3805 3041 3903 Ophen
3060 3859 3081 3897 ,
3116 3807 3521 3902 capitaneus
3548 3805 3621 3876 in
3649 3803 3861 3876 comi-

1051 3934 1307 4006 tatibus
1337 3933 1856 4023 Ildebrandino,
1892 3932 2209 4022 Senensi,
2239 3932 2546 4023 Clusin0,
2566 3932 2854 4005 Aretino
2888 3941 2960 4004 et
2988 3932 3286 4004 civitatis
3314 3931 3585 4004 Castelli
3615 3930 3708 4001 ab
3737 3928 3863 3998 im-

1047 4058 1293 4154 periali
1321 4059 1681 4150 majestate
1706 4064 2027 4146 statutus,
2045 4076 2088 4127 a
2116 4054 2400 4127 domino
2426 4064 2664 4129 nostro
2690 4055 2975 4128 domino
3000 4055 3365 4129 Frederico
3391 4054 3482 4127 de
3501 4049 3864 4126 Antiochia

1048 4179 1312 4253 domini
1334 4182 1596 4277 impera
1606 4179 1770 4252 toris
1796 4177 1965 4270 filio,
1985 4177 2163 4250 sacri
2193 4177 2465 4274 imperii
2493 4178 2567 4249 in
2594 4179 2838 4251 Tuscia
2871 4187 2944 4250 et
2972 4178 3063 4251 ab
3088 4177 3357 4252 Amelia
3373 4197 3596 4273 usque
3621 4178 3865 4249 Corne-

1119 4480 1187 4553 (l)
1224 4480 1285 4535 ln
1321 4479 1424 4537 hoc
1458 4480 1773 4537 documento
1806 4480 2132 4539 arbitramur
2166 4495 2395 4537 numero
2438 4478 2745 4537 indictionis
2782 4479 3043 4551 majorem
3083 4479 3241 4537 fldem
3279 4493 3440 4551 quam
3475 4478 3604 4535 anni
3642 4492 3862 4533 numero

1043 4576 1433 4647 adhibendam,
1465 4592 1629 4649 quum
1658 4576 1714 4633 in
1740 4592 1926 4634 mense
1954 4576 2095 4634 maio
2120 4578 2246 4634 anni
2286 4580 2426 4635 ⁴2⁴5
2468 4576 2771 4634 Fridericus
2811 4576 2860 4632 11
2893 4576 3192 4635 certissime
3227 4576 3280 4633 in
3307 4576 3499 4633 Tuscia
3538 4581 3857 4669 moraretur,

1044 4683 1176 4733 tunc
1201 4673 1269 4732 ad
1296 4673 1501 4731 curiam
1524 4672 1887 4732 veronensem
1912 4689 2246 4749 properans„
