4364 5738
549 565 752 626 Ιηυιοτ.
785 564 876 643 3.]
1436 565 1830 626 HISTORIA
1877 565 2473 628 DIPLOMATICA.
3247 564 3370 625 323

551 698 868 791 cogendo
896 700 1066 772 alios
1092 720 1232 771 non
1262 721 1567 771 servare.
1598 701 2073 773 Possessiones
2100 723 2379 795 quoque
2403 702 2667 796 prefate
2693 702 3000 772 Romane
3031 698 3363 789 Ecclesie,

550 821 880 893 videlicet
913 822 1321 914 Marchiam,
1377 822 1744 915 ducatum,
1798 826 2272 896 Beneventum
2313 826 2513 918 'cujus
2548 844 2785 896 muros
2823 834 2893 895 et
2928 834 3149 894 turres
3186 821 3368 893 dirui

553 944 751 1034 fecit,
789 966 871 1016 ac
907 945 1078 1016 alias
1117 968 1291 1038 quas
1338 946 1412 1017 in
1448 946 1691 1017 Tuscie
1732 969 1816 1019 ac
1861 948 2271 1019 Lombardie
2311 948 2625 1043 partibus
2658 957 2728 1018 et
2768 947 3182 1041 quibusdam
3218 948 3370 1020 aliis

555 1067 913 1162 optinebat
942 1068 1137 1159 locis,
1174 1071 1411 1163 paucis
1445 1070 1795 1165 exceptiS,
1826 1093 2167 1166 occupare
2208 1093 2350 1142 non
2389 1082 2739 1159 metuens,
2773 1092 2891 1141 eas
2920 1070 3150 1141 adhuc
3189 1070 3369 1142 deti-

556 1199 676 1261 net
706 1201 1111 1286 occupataS,
1151 1201 1220 1262 et
1258 1201 1587 1285 tanquam
1625 1192 1688 1263 ei
1717 1215 1859 1265 non
1902 1193 2251 1265 sufficeret
2281 1193 2471 1288 quod
2507 1194 2870 1265 manifeste
2907 1202 3146 1264 contra
3174 1195 3370 1287 jura-

555 1323 790 1385 menta
837 1314 1173 1409 premissa
1226 1315 1694 1409 presumendo
1750 1317 1912 1388 talia
1957 1317 2320 1404 veniebat,
2368 1338 2494 1412 per
2537 1339 2613 1388 se
2667 1317 2779 1389 vel
2836 1337 2998 1387 suos
3047 1315 3374 1387 officiales

559 1438 960 1510 earumdem
1004 1439 1515 1532 possessionum
1556 1439 1877 1511 homines
1920 1440 2232 1532 dejerare
2270 1441 2636 1535 compulit,
2675 1440 2859 1534 ipsos
2887 1461 2929 1510 a
2960 1440 3373 1532 juramentis

557 1558 909 1632 fidelitatis
950 1562 1202 1654 quibus
1252 1563 1560 1634 Romane
1607 1563 2022 1635 tenebantur
2062 1564 2406 1653 Ecclesie,
2461 1564 2549 1636 de
2599 1565 2780 1634 facto
2803 1615 2822 1652 ,
2874 1585 3033 1635 cum
3081 1562 3171 1634 de
3216 1564 3374 1655 jure

558 1705 700 1755 non
730 1693 996 1779 posset,
1029 1684 1437 1775 absolvenS,
1475 1695 1547 1757 et
1586 1687 1840 1757 faciens
1873 1686 2156 1758 eosdem
2195 1684 2601 1757 fidelitatem
2645 1685 3134 1758 nichilominus
3174 1686 3375 1778 abju-

561 1827 715 1877 rare
762 1807 1180 1901 predictam,
1231 1808 1502 1900 sibique
1543 1806 1895 1881 fidelitatis
1934 1808 2333 1900 hujusmodi
2372 1811 2767 1900 juramenta
2814 1819 3145 1904 prestare.
3183 1810 3378 1881 Pacis

560 1952 732 2003 vero
774 1931 1181 2003 violatorem
1235 1932 1533 2003 existere
1585 1933 1791 2026 plene
1846 1942 2149 2021 constat,
2203 1933 2365 2025 quia
2412 1954 2570 2003 cum
2625 1933 2790 2003 olim
2836 1942 3142 2026 tempore
3188 1933 3379 2026 pacis

562 2054 745 2125 inter
777 2054 1004 2148 ipsum
1047 2064 1118 2125 et
1159 2054 1539 2126 Ecclesiam
1574 2056 1944 2127 reformate
1978 2056 2281 2147 jurasset
2321 2075 2554 2126 coram
2590 2055 2773 2126 bone
2825 2056 3153 2126 memorie
3190 2057 3249 2128 J.
3290 2056 3380 2127 de

562 2177 851 2249 Abbatis
890 2178 1066 2249 Villa
1107 2178 1432 2272 episcopo
1469 2178 1831 2250 Sabinensi
1873 2189 1943 2249 et
1980 2178 2308 2270 magistro
2351 2178 2716 2249 Thomasio
2756 2177 2933 2248 tituli
2961 2177 3210 2248 Sancte
3253 2178 3378 2248 Sa-

562 2301 726 2371 bine
759 2302 1142 2395 presbitero
1180 2302 1549 2392 cardinali,
1588 2302 2025 2396 presentibus
2060 2301 2293 2372 multis
2327 2302 2644 2395 prelatiS,
2686 2300 3113 2395 principibus
3150 2309 3219 2371 et
3253 2300 3380 2371 ba·

566 2424 851 2495 renibus
896 2424 1084 2517 quod
1123 2432 1337 2494 staret
1374 2436 1444 2495 et
1483 2433 1760 2519 pareret
1794 2425 2059 2519 precise
2106 2425 2369 2514 absque
2416 2424 2559 2493 ulla
2602 2422 3015 2515 *condicione
3065 2421 3385 2493 omnibus

569 2547 909 2619 mandatis
939 2548 1243 2620 Ecclesie
1280 2569 1489 2642 super
1527 2548 1661 2618 hiis
1697 2569 1824 2642 pro
1864 2547 2117 2640 quibus
2153 2556 2303 2618 erat
2342 2547 2623 2618 vinculo
2654 2546 3388 2618 excommunicationis

569 2671 924 2761 astrictuS,
999 2670 1224 2742 causis
1288 2670 2026 2743 excommunicationis
2087 2670 2401 2762 ejusdem
2475 2670 2823 2764 expressis
2885 2692 3010 2764 per
3074 2669 3389 2742 ordinem

570 2814 802 2865 coram
834 2815 948 2883 ec,
987 2804 1153 2865 tunc
1184 2793 1507 2865 omnibus
1538 2794 2004 2885 Theotonicis,
2037 2793 2436 2866 hominibus
2468 2794 2665 2886 regni
2694 2792 2962 2864 Scicilie
2995 2814 3076 2863 ac
3103 2792 3391 2886 quibus-

571 2917 742 2988 libet
775 2918 927 2988 aliis
963 2918 1083 3009 qui
1111 2919 1415 2990 Ecclesie
1458 2928 1698 2990 contra
1736 2918 1964 3013 ipsum
1993 2917 2436 3006 adheserant,
2472 2939 2750 2989 omnem
2783 2917 3140 2987 remittens
3173 2915 3390 2987 offen-

572 3061 720 3111 sam
753 3050 822 3111 et
853 3061 1132 3133 penam,
1171 3051 1241 3110 et
1272 3041 1464 3131 quod
1489 3042 1683 3112 nullo
1719 3051 2027 3136 tempore
2059 3040 2443 3113 offenderet
2475 3041 2588 3111 vel
2627 3040 2884 3112 offendi
2919 3041 3177 3110 faceret
3206 3038 3393 3133 ipsos

574 3183 701 3256 pro
758 3183 844 3233 eo
894 3162 1084 3254 quod
1141 3163 1446 3234 Ecclesie
1502 3164 1896 3252 astiterant,
1952 3163 2243 3259 prestari
2300 3164 2371 3234 in
2428 3164 2654 3236 anima
2707 3185 2831 3235 sua
2889 3185 3013 3257 per
3071 3163 3393 3234 comitem

573 3285 986 3354 Acerrarum
1021 3284 1278 3354 faciens
1301 3286 1774 3376 juramentum
1799 3340 1818 3372 ‚
1871 3285 2312 3380 postmodum
2352 3308 2594 3380 pacem
2629 3297 2698 3357 et
2722 3288 3117 3378 juramenta
3149 3286 3392 3377 hujus-

574 3407 803 3497 modi,
850 3428 1293 3500 nequaquam
1332 3407 1747 3480 erubescens
1780 3409 2029 3479 irretiri
2067 3409 2423 3503 perjuriis,
2471 3431 2608 3478 non
2647 3409 2974 3480 servavit.
3007 3409 3394 3479 Nonnullos

578 3532 762 3603 enim
797 3553 891 3602 ex
931 3530 1097 3625 ipsis
1128 3530 1526 3601 hominibus
1557 3541 1695 3602 tam
1735 3532 2003 3603 nobiles
2032 3554 2248 3624 quam,
2280 3533 2456 3603 alios
2492 3542 2734 3626 postea
2770 3532 2923 3625 capi
2966 3542 3035 3602 et
3085 3531 3392 3601 incarce-

580 3656 715 3726 rari
754 3655 915 3726 fecit
948 3665 1017 3725 et
1049 3655 1147 3725 eis
1174 3654 1377 3724 bonis
1409 3654 1551 3725 suis
1579 3655 1900 3726 omnibus
1932 3655 2241 3749 spoliatis
2276 3677 2532 3726 uxores
2572 3676 2813 3725 eorum
2856 3665 2924 3724 et
2961 3651 3138 3723 filios
3173 3653 3392 3747 capti-

579 3778 764 3867 vari,
799 3800 884 3850 ac
914 3755 1196 3871 insuper
1230 3787 1448 3848 terras
1474 3779 1777 3849 Ecclesie
1805 3787 2045 3849 contra
2078 3778 2599 3872 promissionem
2632 3799 2842 3869 quam
2876 3775 3135 3847 eisdem
3165 3775 3226 3846 J.
3271 3778 3394 3846 Sa-

578 3901 849 3972 binensi
896 3901 1220 3996 episcopo
1268 3910 1338 3971 et
1378 3901 1457 3971 T.
1507 3901 1841 3972 cardinali
1884 3902 2181 3991 fecerat,
2229 3901 2689 3972 irreverenter
2741 3898 3027 3985 invasit,
3062 3897 3222 3967 licet
3266 3897 3395 3991 ipsi

582 4034 873 4095 extunc
921 4024 993 4095 in
1032 4045 1192 4094 eum
1240 4036 1632 4118 presentem
1679 4024 1735 4094 si
1760 4024 2137 4097 ‚ullomodo
2176 4022 2505 4117 predictis
2550 4021 2856 4093 articulis
2907 4028 3026 4090 aut
3057 4019 3396 4092 conditio-

583 4146 786 4217 nibus
831 4157 1072 4220 contra
1112 4147 1424 4237 veniret,
1476 4146 2207 4218 excommunicationis
2260 4145 2672 4217 sententiam
2718 4143 3259 4237 promulgarent.
3312 4144 3399 4214 Et

583 4290 745 4341 cum
785 4268 992 4340 iidem
1041 4270 1418 4363 apostolica
1456 4270 1518 4340 ei
1567 4269 1975 4342 auctoritate
2031 4268 2479 4339 mandassent
2513 4276 2591 4336 ut
2630 4287 2761 4337 nec
2793 4287 2919 4360 per
2961 4288 3036 4336 se
3093 4287 3223 4336 nec
3271 4288 3399 4361 per

585 4390 799 4461 alium
838 4392 1208 4485 impediret
1262 4393 1431 4484 quin
1473 4391 2005 4487 postulationeS,
2058 4391 2431 4461 electiones
2469 4399 2538 4460 et
2579 4375 3135 4460 confirmationes
3176 4391 3397 4461 eccle·

586 4513 846 4584 siarum
892 4523 962 4585 et
1010 4515 1583 4587 monasteriorum
1633 4515 1706 4586 in
1747 4534 1963 4604 regno
2009 4514 2277 4607 prefato
2317 4511 2533 4583 libere
2583 4512 2672 4584 de
2723 4521 2952 4583 cetero
3004 4510 3250 4584 fierent
3287 4535 3396 4584 se·

588 4636 895 4708 cundum
950 4646 1205 4709 statuta
1243 4639 1514 4710 concilii
1549 4636 1926 4730 generaliS,
1984 4646 2053 4706 et
2100 4635 2291 4728 quod
2346 4636 2573 4707 nullas
2630 4636 2957 4730 deinceps
3016 4635 3084 4704 in
3150 4635 3401 4706 eodem
