4364 5738
1011 561 1129 623 114
2006 562 2438 629 Fulnssmcl
2489 565 2834 629 SECUNDI
3441 563 3606 641 [Anu.
3643 564 3815 626 1243.

1007 697 1207 789 quias
1265 695 1657 789 patrimonii
1717 696 2031 788 ejusdem
2086 700 2391 774 Ecclesie
2449 703 2641 796 quod
2701 711 3012 794 tempore
3065 699 3283 771 felicis
3331 700 3821 773 recordationis

1006 819 1317 912 Gregorii
1358 841 1535 915 pape
1567 819 2075 913 predecessoris
2107 827 2326 896 nostri
2368 828 2511 899 sere
2542 824 2909 919 occupavit
2946 823 3017 893 in
3052 831 3309 912 totum,
3347 845 3490 895 non
3530 825 3822 897 cessavit

1006 943 1479 1039 multipliciter
1508 943 1941 1038 impugnare,
1983 947 2150 1040 quin
2180 949 2410 1042 potius
2441 949 2595 1021 illas
2633 946 3019 1019 afflictionis
3054 967 3266 1017 manu
3300 947 3639 1019 attriverit
3668 969 3821 1039 gra-

1005 1066 1215 1156 viori,
1253 1089 1384 1139 nec
1425 1068 1632 1159 digne
1667 1068 1759 1138 ab
1799 1088 1882 1139 eo
1925 1070 2182 1162 petitur
2222 1072 2614 1167 predictum
2646 1070 2958 1143 revocari
2986 1070 3328 1160 legatum,
3369 1090 3501 1142 nec
3537 1080 3720 1142 esset
3757 1073 3818 1144 ei

1005 1213 1215 1285 super
1244 1191 1377 1262 hoc
1406 1212 1447 1262 a
1477 1191 1676 1264 nobis
1710 1192 1917 1262 rebus
1947 1193 2045 1264 sic
2076 1195 2539 1268 existentibus
2571 1193 3035 1267 exauditionis
3073 1192 3481 1266 tribuendus
3513 1194 3812 1286 auditus,

1006 1315 1307 1386 maxime
1365 1316 1528 1408 quia
1590 1314 1995 1388 Lombardis
2052 1317 2172 1390 diu
2230 1341 2641 1412 guerrarum
2710 1317 3171 1390 commotione
3234 1318 3526 1389 turbatis
3588 1328 3817 1413 optate

1004 1461 1164 1534 spes
1220 1439 1706 1510 consolationis
1765 1459 1858 1510 ex
1906 1441 2113 1532 legati
2170 1445 2484 1535 ejusdem
2551 1443 2909 1515 tolleretur
2967 1441 3278 1512 absentia
3337 1450 3407 1512 et
3449 1442 3680 1513 aditus
3728 1442 3815 1514 ad

1004 1564 1269 1654 majora
1302 1583 1543 1633 eorum
1576 1562 1968 1636 discrimina
2009 1567 2445 1659 preberetur,
2480 1574 2553 1638 et
2581 1587 2723 1638 non
2756 1565 3021 1657 absque
3058 1574 3223 1635 nota
3253 1563 3663 1659 proditionis
3694 1565 3815 1637 Ec-

1007 1684 1212 1757 clesia
1257 1685 1354 1757 sic
1390 1685 1575 1778 ipsos
1614 1685 1968 1760 desereret
2001 1689 2074 1759 ni
2106 1690 2300 1784 prius
2346 1689 2820 1761 remissionem
2865 1689 2956 1759 ab
2996 1687 3242 1759 eodem
3282 1688 3593 1782 principe
3637 1689 3811 1761 obti-

1003 1820 1251 1882 nerent
1280 1812 1390 1882 vel
1427 1833 1585 1882 cum
1615 1812 1764 1906 ipso
1798 1822 2075 1905 treugas
2101 1814 2355 1886 inirent
2382 1836 2594 1909 super
2621 1813 2892 1906 injuriis
2918 1835 3093 1907 quas
3128 1834 3249 1884 eos
3289 1813 3419 1885 sibi
3455 1813 3811 1885 occasione

1003 1934 1170 2006 dicit
1210 1934 1522 2024 ejusdem
1563 1936 1866 2008 Ecclesie
1906 1937 2288 2029 irrogasse;
2336 1959 2466 2010 nec
2500 1938 2592 2009 ab
2629 1936 2845 2031 ipsius
2886 1936 3191 2009 Ecclesie
3238 1937 3542 2008 Romane
3588 1938 3811 2009 cardi-

1001 2056 1271 2127 nalibus
1307 2078 1389 2127 ea
1422 2067 1711 2128 vacante
1754 2058 1884 2128 fuit
1929 2059 1992 2129 ei
2034 2061 2281 2153 prefati
2314 2060 2664 2134 revocatio
2704 2059 3042 2154 promissa
3078 2058 3323 2149 legati,
3371 2059 3497 2130 sed
3531 2080 3692 2130 cum
3723 2060 3807 2132 de

996 2180 1377 2252 venerabili
1417 2182 1625 2252 fratre
1668 2193 1904 2254 nostro
1935 2185 2375 2258 Prenestrino
2418 2184 2744 2280 episcopo
2780 2184 3069 2275 aliisque
3113 2181 3486 2253 liberandis
3521 2183 3806 2276 captivis

995 2302 1369 2376 baberetur
1423 2315 1786 2396 tractatuS,
1833 2316 1901 2376 et
1942 2307 2034 2378 ab
2089 2307 2353 2379 eisdem
2413 2306 2880 2379 cardinalibus
2924 2315 3004 2377 ut
3059 2306 3362 2396 legatum
3404 2315 3806 2378 revocarent

991 2427 1315 2500 eumdem
1362 2450 1455 2500 ex
1501 2440 1697 2522 parte
1739 2429 2070 2523 principis
2117 2441 2473 2525 peteretur
2515 2431 2764 2525 ipsius,
2819 2451 2862 2501 a
2911 2429 3325 2522 quibusdam
3373 2450 3611 2500 eorum
3659 2452 3804 2502 res-

991 2573 1286 2646 ponsum
1334 2552 1561 2623 extitit
1612 2553 1801 2645 quod
1854 2554 2224 2647 petitiones
2276 2556 2427 2646 ejus
2481 2563 2818 2645 quantum
2873 2575 3031 2625 cum
3085 2555 3233 2625 Deo
3279 2563 3592 2648 possent,
3646 2575 3803 2625 cum

987 2675 1264 2747 adesset
1304 2675 1782 2770 opportunitas
1824 2678 2178 2770 temporiS‚
2227 2677 2714 2772 adimplerent.
2761 2678 3054 2748 Multum
3087 2687 3322 2748 autem
3358 2677 3803 2768 gaudendum

987 2808 1093 2871 est
1123 2799 1415 2894 principi
1451 2799 1640 2894 quod
1672 2799 1933 2872 dictum
1967 2800 2481 2872 Prenestrinum
2526 2811 2597 2872 et
2645 2800 2983 2896 quosdam
3034 2799 3206 2871 alios
3253 2800 3552 2873 restituit
3595 2801 3799 2873 liber·

984 2924 1109 2997 tati
1158 2934 1227 2996 et
1269 2924 1645 2997 dolendum
1701 2924 1867 2996 satis
1898 2924 2088 3019 quod
2121 2924 2425 3018 reliquos
2478 2924 2709 2997 adhuc
2754 2923 3018 2997 detinet
3064 2924 3477 3019 captivatoS,
3520 2927 3682 2996 cum
3710 2947 3802 2998 ex

982 3050 1258 3120 illorum
1296 3049 1726 3122 restitutione
1767 3050 1954 3120 salus
1997 3070 2080 3121 ac
2119 3049 2346 3120 honor
2398 3058 2469 3120 et
2501 3049 2788 3120 istorum
2832 3047 3229 3120 detentione
3276 3049 3694 3120 contrarium
3736 3047 3798 3119 ei

979 3172 1382 3268 provenisse
1432 3180 1781 3245 noscatur.
1832 3172 2128 3244 Provide
2188 3194 2470 3265 quoque
2525 3173 2813 3244 deberet
2866 3170 3224 3243 attendere
3281 3193 3372 3245 an
3420 3172 3796 3243 Ecclesiam

979 3317 1191 3391 quam
1223 3296 1456 3389 sepius
1485 3306 1691 3368 vocat
1721 3306 2010 3367 matrem
2040 3307 2441 3368 revereatur
2469 3305 2550 3367 ut
2580 3295 2906 3367 convenit
2938 3306 3010 3368 et
3041 3296 3190 3386 ejus
3216 3305 3295 3366 ut
3326 3294 3529 3367 decet
3556 3294 3795 3368 fideles

977 3420 1298 3493 honoret.
1347 3420 1710 3505 Quomodo
1748 3422 1929 3491 enim
1971 3420 2205 3491 verbis
2241 3430 2536 3492 matrem
2566 3420 2758 3490 illam
2803 3427 3065 3490 asseret
3105 3418 3162 3490 si
3208 3440 3282 3489 se
3328 3418 3540 3513 ipsius
3575 3416 3794 3489 filium

977 3544 1305 3639 operibus
1337 3543 1711 3616 diffitetur?
1739 3542 1881 3616 Aut
1910 3544 2263 3636 quomodo
2306 3565 2471 3635 erga
2513 3566 2668 3615 eam
2705 3542 3150 3616 devotionem
3192 3542 3378 3615 dicto
3415 3540 3786 3637 pretendit,

976 3671 1036 3742 si
1064 3692 1139 3741 se
1172 3670 1270 3742 sic
1316 3669 1499 3740 facto
1540 3669 1826 3741 exhibet
1856 3669 2315 3741 indevotum?
2355 3668 2795 3761 Salinguerre
2838 3688 3008 3739 vero
3043 3666 3361 3738 liberatio
3401 3687 3610 3761 snper
3653 3687 3794 3760 qua

975 3815 1163 3866 nunc
1200 3794 1427 3888 primo
1470 3794 1683 3887 ipsius
1717 3793 2048 3888 principis
2093 3794 2567 3866 intelleximus
2608 3794 3076 3883 voluntatem,
3116 3791 3495 3881 incongrue
3549 3800 3790 3884 postu·

975 3920 1159 3993 latur
1188 3939 1229 3990 a
1264 3919 1465 3992 nobis
1497 3940 1655 3991 cum
1689 3939 1819 3990 nec
1864 3918 2301 3990 detineamus
2348 3919 2543 3988 illum
2587 3938 2718 3989 nec
2768 3915 3063 3988 detineri
3100 3915 3537 4008 aliquatenus
3581 3913 3789 3984 sacia-

974 4066 1164 4134 mus3
1216 4045 1336 4137 qui
1395 4044 1452 4116 si
1498 4064 1625 4138 per
1675 4063 1803 4114 nos
1851 4042 2057 4114 etiam
2114 4051 2493 4130 teneretur,
2555 4062 2714 4112 cum
2767 4040 3118 4111 civitatem
3166 4037 3544 4110 Ferrariam
3593 4036 3788 4109 Sedis

974 4167 1367 4262 Apostolice
1406 4167 1811 4262 specialem,
1847 4166 2025 4238 sicut
2061 4188 2154 4238 ex
2194 4165 2505 4257 ejusdem
2555 4163 2886 4259 principis
2918 4172 2989 4235 et
3019 4161 3588 4258 predecessorum
3625 4181 3785 4233 suo·

976 4311 1132 4360 rum
1164 4290 1537 4383 privilegiis
1572 4299 1802 4385 potest
1843 4289 2106 4382 liquido
2146 4309 2516 4383 apparere,
2561 4309 2689 4383 pro
2729 4309 2870 4380 qua
2913 4287 3098 4358 idem
3142 4285 3584 4378 Salinguerra
3632 4305 3787 4357 vas·

974 4414 1188 4487 sallus
1224 4422 1373 4484 erat
1410 4413 1604 4485 Sedis
1642 4414 1890 4508 ipsius,
1929 4422 2168 4486 contra
2214 4413 2594 4485 Romanam
2634 4411 3011 4483 Ecclesiam
3055 4408 3417 4481 concitarit
3449 4418 3519 4478 et
3548 4408 3621 4478 in
3669 4427 3781 4478 re-

972 4538 1274 4612 bellione
1324 4545 1568 4631 captus
1624 4538 1933 4609 extiterit
1972 4538 2269 4610 civitatis
2319 4538 2671 4630 ejusdem,
2730 4556 2870 4608 non
2923 4556 3016 4606 ex
3069 4534 3204 4606 boc
3261 4534 3584 4628 princeps
3636 4531 3782 4626 ipse

962 4664 1151 4754 justa
1193 4669 1427 4756 posset
1473 4660 1927 4733 admiratione
1966 4661 2258 4733 moveri.
2312 4663 2805 4734 Verumtamen
2841 4660 2901 4733 si
2940 4657 3211 4733 ostendi
3252 4656 3507 4752 poterit
3549 4675 3782 4728 coram
