4364 5738
601 480 800 540 lxmcr.
834 477 924 557 2.]
1486 475 1881 536 HISTORIA
1929 478 2522 540 DIPLOMATICA.
3304 478 3419 540 155

597 615 763 687 bem
802 614 906 686 de‘
926 612 1175 686 Amole
1218 621 1603 683 mercatum
1650 612 2089 684 sabbatinum
2141 612 2434 706 habere,
2484 624 2554 686 et
2593 616 2663 685 in
2710 616 3214 711 possessionem
3244 615 3421 707 juris

602 738 818 834 ipsius
848 737 1136 809 mercati
1173 746 1366 808 tanto
1415 745 1726 830 tempore
1772 737 1972 827 cujus
2016 758 2158 808 non
2213 746 2408 808 extat
2455 740 2787 811 memoria
2837 739 3082 828 suerit3
3137 738 3418 808 univer-

602 864 768 935 sitas
800 862 1007 934 castri
1044 859 1398 932 Arcidossi
1430 860 1729 931 instituit
1764 861 2118 954 quoddam
2157 861 2349 933 aliud
2383 873 2762 934 mercatum
2795 863 3071 958 propria
3121 862 3421 934 auctori-

604 996 745 1059 tate
781 986 854 1057 in
887 987 1041 1057 loco
1084 985 1203 1078 qui
1241 984 1495 1057 dicitur
1537 984 1876 1056 Malacdia
1914 984 2035 1077 qui
2074 985 2285 1056 distat
2319 1007 2444 1080 per
2477 986 2784 1058 medium
2821 986 3086 1057 miliare
3132 1007 3174 1057 a
3214 985 3424 1057 Plebe

603 1110 945 1206 predicta,
966 1131 1093 1204 per
1115 1108 1305 1202 quod
1332 1119 1637 1180 mercato
1662 1108 1828 1180 dicti
1858 1109 2258 1180 monasterii
2286 1110 2564 1204 penitus
2587 1110 2986 1202 derogatur.
3023 1110 3191 1181 Cum
3217 1109 3428 1200 igitur

604 1255 785 1305 nove
829 1233 1139 1306 nundine
1184 1232 1334 1304 sine
1380 1232 1661 1328 speciali
1712 1232 2044 1304 mandato
2095 1233 2313 1304 nostri
2354 1234 2673 1305 culminis
2723 1233 3028 1306 ordinari
3074 1255 3215 1306 non
3266 1253 3427 1328 pos-

608 1357 769 1444 sint,
807 1355 1122 1428 fidelitati
1166 1365 1282 1427 tue
1329 1356 1780 1451 precipiendo
1827 1355 2242 1428 mandamus
2279 1366 2623 1449 quatenus
2677 1357 2734 1427 si
2783 1356 3133 1452 premissis
3172 1355 3429 1426 veritas

607 1481 1028 1571 suu-agatur,
1072 1479 1596 1551 universitatem
1641 1479 1809 1551 dicti
1843 1480 2051 1552 castri
2086 1480 2175 1551 de
2213 1477 2585 1552 Arcidosso
2622 1501 2759 1573 qua
2803 1480 3130 1551 convenit
3169 1478 3428 1554 coerci-

610 1603 797 1675 tione
842 1605 1218 1698 compellas
1259 1603 1451 1696 quod
1495 1603 1760 1676 dictum
1796 1604 2295 1675 monasterium
2342 1604 2413 1674 in
2463 1604 2763 1697 antiquis
2803 1603 3132 1675 nundinis
3168 1624 3209 1673 a
3252 1602 3432 1675 divis

610 1738 795 1800 retro
853 1728 1283 1823 principibus
1331 1727 1557 1798 eidem
1608 1727 1953 1798 concessis
2006 1749 2148 1798 non
2199 1729 2570 1802 molestent
2622 1749 2754 1800 nec
2812 1728 3159 1799 nundinas
3214 1747 3433 1802 novas

608 1850 974 1922 instituant
1007 1851 1209 1922 dictis
1248 1851 1554 1943 antiquis
1594 1851 1923 1921 nundinis
1968 1850 2419 1942 derogantes;
2467 1863 2548 1923 ut
2588 1853 2833 1923 iterato
2873 1873 3151 1945 quoque
3188 1851 3259 1921 in
3300 1849 3434 1922 hoc

610 1974 1095 2046 celsitudinem
1139 1984 1447 2046 nostram
1488 1974 1839 2065 inquirere
1883 1995 2025 2045 non
2072 1984 2410 2065 cogantur
2445 1973 2577 2069 (l).
2609 2016 2711 2029 —
2750 1976 2977 2061 Quare
3022 1975 3434 2048 mandamus

611 2097 737 2169 tibi
766 2096 1107 2192 imperiali
1139 2098 1549 2169 auctoritate
1586 2118 1723 2189 qua
1761 2097 2116 2189 fungimur
2143 2098 2587 2190 injungentes
2622 2109 2965 2191 quatenus
2992 2098 3081 2169 de
3111 2098 3436 2194 predictis

611 2221 1128 2315 inquisitionem
1178 2222 1389 2293 facias
1440 2220 1841 2312 diligentem
1869 2229 1961 2304 ¹et
2007 2221 2224 2315 ipsam
2276 2222 2527 2293 factam
2548 2281 2551 2284 ,
2573 2243 2701 2317 per
2749 2242 3028 2292 manum
3084 2221 3435 2316 publicam

613 2345 814 2416 nobis
852 2345 982 2417 sub
1032 2354 1152 2416 tuo
1199 2345 1425 2437 sigillo
1475 2345 1925 2416 transmittaS.
1971 2346 2221 2415 Datum
2259 2344 2496 2437 SeniS,
2544 2367 2729 2419 nono
2771 2345 3042 2418 decimo
3087 2345 3431 2437 januarii,

613 2468 920 2541 secunde
958 2469 1375 2541 indictionis,
2065 2551 2068 2554 ,

709 2593 918 2685 Cujus
952 2593 1363 2666 auctoritate
1403 2594 1719 2688 rescripti
1762 2613 1892 2686 ego
1932 2592 2247 2664 notarius
2279 2591 2598 2665 Matheus
2633 2591 2724 2663 ad
2774 2592 3085 2687 predicta
3133 2594 3285 2666 loca
3324 2615 3437 2665 ac-

616 2717 790 2788 cessi
818 2727 888 2788 et
918 2716 1433 2809 inquisitionem
1468 2717 1872 2808 diligentem
1912 2738 2039 2812 per
2079 2715 2553 2811 infrascriptos
2581 2715 2897 2787 homines
2928 2717 3156 2789 facere
3198 2719 3437 2791 curavi

609 2841 812 2932 juxta
856 2841 1149 2913 formam
1195 2841 1489 2936 predicti
1530 2841 1842 2913 mandati
1883 2841 1998 2913 die
2042 2841 2368 2913 mercurii
2414 2840 2684 2913 decima
2725 2841 3018 2936 septima
3065 2841 3279 2913 madii
3324 2863 3435 2914 se·

619 2965 847 3036 cunde
917 2965 1331 3037 indictionis.
1397 2968 1619 3060 Super
1675 2966 2120 3060 inquisitione
2175 2965 2408 3038 fienda
2477 2965 2564 3038 de
2639 2965 2966 3061 predictis
3028 2967 3440 3057 juraverunt

621 3087 938 3159 homines
968 3087 1385 3185 infrascripti
1416 3088 1647 3161 dicere
1678 3090 2079 3180 veritatem,
2125 3097 2259 3160 etc.

720 3206 1082 3306 [Sequitur
1114 3211 1572 3304 inquisitionis
1609 3213 1828 3284 forma
1870 3235 2028 3284 cum
2081 3212 2358 3309 testium
2397 3213 2784 3317 juratorum
2832 3213 3435 3310 depositionibus.]

727 3781 1191 3890 FridericuS,
1256 3781 1777 3866 Romanorum
1850 3783 2291 3896 imperator,
2371 3785 2792 3868 Manuelem
2862 3785 3087 3867 Guidi
3156 3784 3438 3866 Bussae

628 3913 1035 3998 Senensem
1086 3914 1483 4037 publicum
1532 3916 1829 4024 imperii
1882 3916 2369 4001 tabellionem
2424 3918 2851 4026 constituit,
2894 3927 2969 4001 et
3003 3918 3319 3999 mandat
3354 3929 3439 3999 ut

625 4070 888 4130 omnes
923 4047 1037 4129 illi
1072 4048 1150 4129 in
1190 4049 1337 4132 hoc
1374 4048 1619 4132 officio
1655 4050 1751 4133 de
1787 4060 2034 4134 cetero
2070 4052 2491 4135 intendant.

786 4237 1031 4315 (Inedst.
1062 4254 1158 4315 ap.
1189 4239 1354 4299 arch.
1385 4255 1603 4300 comm.
1635 4241 1879 4302 senens.
1910 4257 1986 4300 ex
2013 4258 2309 4320 pergam„
2339 4246 2383 4299 t.
2414 4240 2491 4315 V,
2520 4248 2587 4301 n⁶
2620 4240 2782 4319 388.)

2141 4405 2226 4413 *-

2598 4406 2744 4414 ...ψο-

2954 4409 3019 4416 0—-

698 4466 771 4572 (l)
809 4502 981 4559 Notae
1021 4501 1428 4575 chronologicae
1462 4504 1679 4563 desunt.
1726 4460 2048 4561 Mandatum·
2083 4518 2211 4558 vero
2258 4501 2498 4559 Grosseti
2542 4518 2727 4560 meuse
2760 4494 3008 4577 januario
3048 4474 3233 4563 datum
3274 4505 3439 4563 fuisse

629 4596 748 4670 plus
770 4613 940 4672 quam
964 4599 1256 4658 verisimile
1286 4608 1388 4659 est.

3553 3797 3751 3842 oro-mi
3760 3829 3777 3854 ‚

3554 3853 3776 3906 jumne.
