4364 5738
562 552 766 613 m.
797 546 898 625 4.]
1452 544 1851 606 ΗῙΞἝΟΠΙΑ
1896 546 2499 613 nlrnomiths.
3265 549 3389 615 ὅ

558 686 823 758 scimus
847 700 1064 774 quam
1090 698 1218 751 vos
1253 676 1484 751 sciatis
1520 688 1599 752 et
1631 677 2159 774 magnificamus
2187 702 2356 755 eum
2386 683 2547 779 plus
2577 701 2792 778 quam
2824 700 2956 755 vos
2983 678 3387 776 magnifice-

564 806 681 879 tis
726 806 816 878 Et
855 803 945 876 de
985 801 1123 874 hoc
1156 800 1353 897 quod
1396 801 1622 875 dicitis
1657 825 1787 877 vos
1812 797 2215 878 desiderare
2249 806 2824 901 tranquillitatem
2861 815 2939 878 et
2966 805 3278 899 quietem
3316 814 3389 878 at

558 905 818 1002 habere
851 925 1210 998 materiam
1244 925 1680 998 convocandi
1716 928 2013 1022 populos
2050 927 2143 1000 ad
2184 950 2471 1025 pacem,
2500 928 2813 1000 similiter
2846 938 2917 1002 et
2945 949 3076 1001 nos
3107 927 3383 1002 deside·

560 1074 793 1125 ramus
826 1067 957 1122 nec
990 1049 1313 1121 volumus
1340 1049 1719 1141 contraire,
1755 1061 1827 1121 et
1857 1049 1992 1122 hoc
2022 1072 2300 1146 semper
2325 1052 2675 1124 voluimus
2703 1062 2774 1123 et
2805 1051 3380 1127 desideravimus.

558 1176 697 1249 Sed
727 1195 907 1270 papa
940 1170 1182 1268 (quem
1211 1173 1396 1244 Deus
1426 1170 1818 1269 confirmet)
1840 1173 1971 1245 scit
2001 1174 2193 1267 quod
2219 1175 2401 1246 inter
2429 1196 2559 1248 nos
2590 1185 2662 1247 et
2687 1175 3177 1270 imperatorem
3201 1176 3384 1267 jam·

557 1299 829 1373 dudum
860 1297 995 1369 fuit
1026 1295 1458 1370 familiaritas
1481 1306 1552 1369 et
1581 1296 1862 1369 dilectio
1892 1308 2143 1370 mutuo,
2170 1308 2248 1370 et
2273 1299 2654 1372 concordia
2673 1299 2982 1395 perfecta
3006 1320 3052 1370 a
3073 1308 3385 1394 tempore

553 1420 827 1496 soldani
863 1407 1081 1516 patris
1117 1419 1337 1491 nostri
1366 1415 1618 1514 (quem
1649 1421 1841 1492 Deus
1868 1431 2082 1516 ponat
2121 1420 2194 1492 in
2226 1420 2544 1494 claritate
2572 1420 2778 1519 sua);
2826 1432 2901 1494 et
2936 1417 3122 1494 inter
3149 1444 3278 1495 vos
3313 1433 3387 1495 et

555 1546 1046 1639 imperatorem
1079 1541 1465 1636 predictum
1507 1551 1614 1614 est
1648 1542 1828 1614 sicut
1857 1542 2071 1614 scitis.
2104 1542 2306 1615 Unde
2333 1563 2473 1616 non
2505 1545 2668 1617 licet
2691 1542 2898 1617 nobis
2924 1541 3160 1640 aliqua
3190 1566 3381 1618 com-

556 1688 819 1764 ponere
847 1687 1009 1737 cum
1035 1662 1431 1736 christianis
1453 1664 1589 1735 nisi
1612 1665 1809 1761 prius
1838 1664 2294 1738 habuerimus
2314 1688 2525 1762 super
2550 1666 2658 1738 his
2683 1667 2902 1763 ipsius
2927 1669 3292 1743 consilium
3312 1679 3384 1743 et

555 1812 943 1864 assensum.
979 1784 1068 1860 Et
1104 1810 1238 1861 nos
1271 1788 1670 1883 scripsimus
1709 1789 1956 1861 nuntio
1995 1799 2235 1863 nostro
2275 1790 2399 1884 qui
2437 1800 2545 1862 est
2587 1790 2657 1861 in
2707 1792 2901 1864 curia
2947 1791 3383 1889 imperatoris

556 1935 686 2010 pro
717 1913 944 1987 causis
969 1933 1144 2005 quas
1176 1911 1426 1983 detulit
1455 1912 1753 1983 nuncius
1790 1932 2012 2008 pape,
2043 1912 2445 1985 nuntiantes
2486 1913 2553 1986 ei
2584 1915 2887 2010 capitula
2924 1926 2997 1989 et
3028 1916 3381 2012 proposita

555 2038 792 2110 nuncii
822 2036 1062 2109 vestri.
1093 2035 1247 2130 Ipse
1276 2035 1563 2106 nuntius
1598 2045 1837 2107 noster
1863 2035 2100 2107 veniet
2127 2035 2222 2108 ad
2254 2035 2672 2130 presentiam
2704 2047 3010 2110 vestram
3040 2048 3115 2110 et
3135 2040 3379 2132 loque-

558 2173 672 2235 tur
713 2160 915 2234 vobis
934 2213 956 2246 ‚
1006 2168 1082 2231 et
1121 2168 1488 2254 postquam
1518 2158 2021 2230 renuntiaverit
2063 2151 2398 2230 faciemus
2425 2159 2638 2251 juxta
2677 2168 2987 2231 tenorem
3016 2161 3371 2257 responsi;

554 2309 687 2361 nec
717 2284 1263 2379 discrepabimus
1285 2283 1375 2355 ab
1404 2304 1490 2355 eo
1518 2282 1712 2376 quod
1736 2282 1909 2354 utile
1929 2278 2283 2355 videbitur
2306 2278 2681 2374 universiS,
2709 2283 2805 2355 ita
2823 2284 3015 2377 quod
3038 2285 3381 2380 possimus

553 2408 810 2480 habere
841 2407 1164 2479 meritum
1195 2426 1238 2477 a
1271 2406 1442 2477 Deo.
1479 2406 1622 2476 Hec
1647 2404 1851 2477 vobis
1880 2405 2385 2477 annunciamus
2426 2414 2501 2478 et
2529 2405 2793 2478 bonum
2829 2405 3275 2501 ampliabitur
3306 2408 3379 2482 in

552 2543 909 2628 posterum
939 2531 1086 2602 Deo
1119 2530 1358 2602 dante.
1396 2528 1743 2624 Scriptum
1787 2537 1894 2601 est
1937 2527 2072 2602 hoc
2113 2528 2187 2601 in
2229 2529 2528 2624 septima
2557 2528 2674 2603 die
2709 2529 2968 2602 mensis
3003 2530 3373 2626 Maharan,

552 2676 691 2748 que
725 2654 857 2725 fuit
884 2653 1176 2750 septima
1194 2650 1296 2750 (a)
1329 2652 1594 2724 lunatio
1626 2652 1903 2745 augusti
1920 2649 1981 2747 (⁴
1996 2650 2053 2749 ).

649 2779 827 2875 Laus
856 2779 1000 2849 Deo
1038 2776 1167 2849 soli
1201 2785 1272 2847 et
1302 2774 1696 2847 benedictio
1725 2774 1881 2867 ejus
1908 2796 1986 2844 su
1994 2794 2119 2867 per
2159 2772 2521 2848 dominum
2558 2785 2876 2850 nostrum
2901 2776 3376 2851 Mahumetum

552 2913 624 2975 et
657 2924 869 2998 super
898 2923 1120 2994 genus
1145 2900 1386 2997 ipsius.
1417 2902 1570 2997 Ipse
1602 2899 1693 2972 sit
1721 2920 1883 2995 pars
1913 2908 2177 2972 nostra.

659 3480 1142 3565 Innocentius
1177 3502 1377 3591 papa
1412 3480 1746 3565 notificat
1779 3476 2152 3565 universis
2189 3476 2402 3590 quod
2436 3499 2613 3563 cum
2650 3474 3074 3564 Fridericus
3107 3478 3370 3594 impe-

552 3626 762 3698 rator
798 3609 1447 3724 archiepiscopum
1493 3610 2164 3720 Panormitanum‚
2204 3609 2642 3759 episcopum
2678 3607 3122 3722 Papiensem
3162 3626 3372 3698 cete-

552 3774 832 3858 rosque
880 3747 1186 3831 nuntios
1247 3742 1347 3830 ad
1397 3744 1687 3829 curiam
1739 3746 2165 3831 Romanam
2217 3738 2507 3828 miserit
2560 3740 3094 3856 purgationem
3147 3772 3369 3831 suam

554 3881 649 3964 de
675 3880 1052 3965 haeretica
1078 3879 1444 3990 pravitate
1469 3878 1860 3963 oblaturos
1875 3940 1935 3985 ,
1918 3879 2064 3963 hos
2087 3906 2135 3962 a
2161 3878 2405 3963 tribus
2439 3876 2954 3961 cardinalibus
2986 3889 3064 3963 et
3095 3877 3368 3965 deinde

631 4078 725 4159 (a)
759 4079 941 4141 Deest
958 4077 1080 4141 hou
1097 4079 1345 4141 verbum
1373 4079 1531 4156 apud
1558 4074 1960 4157 amanam.

544 4356 553 4363 '
623 4354 695 4431 (Ι)
731 4354 908 4429 Quum
933 4355 1004 4417 de
1021 4355 1109 4418 bis
1131 4358 1271 4419 notis
1298 4354 1683 4433 chronologicis
1708 4374 1814 4416 non
1841 4354 2000 4431 plane
2025 4363 2253 4427 constet,
2277 4350 2405 4412 licet
2427 4351 2498 4413 ad
2527 4348 2818 4412 secundam
2841 4360 3048 4430 partem
3080 4358 3207 4415 anni
3228 4354 3369 4417 ⁴245

549 4452 762 4513 inme
791 4455 1132 4530 monendae
1152 4453 1456 4527 vitiantur,
1485 4454 1605 4514 11}ae
1632 4451 1703 4513 ad
1725 4462 1944 4529 tempus
1967 4468 2079 4528 qm
2107 4450 2176 4511 nd
2202 4452 2408 4511 curiam
2431 4450 2726 4510 Romanam
2753 4449 3087 4511 devenerunt
3110 4449 3230 4513 sive
3247 4450 3370 4513 fm-

548 4550 1237 4627 mutuantur-ghui-
1262 4555 1457 4614 emim
1479 4552 1861 4627 trascripta,
1888 4551 2259 4610 acilium
2296 4549 2502 4609 maium
2533 4562 2784 4611 mnsam
2813 4550 2996 4625 ⁴240,
3021 4564 3168 4612 mne
3193 4554 3372 4628 pett-

548 4648 786 4706 edendas
812 4650 1141 4709 censuimus.
1644 4726 1647 4729 A

709 4746 813 4810 vl.
2975 4756 3050 4809 5⁴

3486 3492 3724 3590 aaa
