4364 5738
1049 591 1171 654 ΞΒ
2048 585 2478 647 mum-:mel
2526 585 2876 648 summm
3492 584 3652 671 [Ans.
3693 587 3873 649 1244.

1048 727 1327 819 utrique
1357 724 1565 820 parti.
1603 725 1829 819 Super
1857 731 2262 817 contemptu
2294 719 2595 793 clavium
2627 720 3007 792 scribemus
3043 718 3462 812 generaliter
3494 742 3623 815 per
3654 730 3876 793 totum

1049 849 1294 922 orbem
1323 847 1516 941 quod
1543 845 1614 917 in
1647 854 2126 940 contemptum
2143 843 2456 916 Ecclesie
2484 853 2554 914 et
2579 842 2942 939 potestatis
2968 842 3432 915 ecclesiastice
3462 844 3879 916 sententiam

1052 973 1261 1046 latam
1291 993 1415 1066 per
1439 971 1803 1043 dominum
1832 968 2240 1062 Gregorium
2277 967 2842 1063 predecessorem
2873 989 3077 1040 suum
3113 987 3257 1039 non
3292 968 3869 1062 contempsimus,

1048 1096 1175 1170 sed
1202 1118 1363 1168 cum
1387 1096 1588 1167 nobis
1612 1094 1928 1190 predicta
1958 1092 2304 1166 sententia
2335 1091 2753 1164 denunciata
2781 1113 2922 1163 non
2954 1091 3192 1182 fuerit,
3221 1092 3311 1164 de
3338 1092 3626 1164 consilio
3655 1093 3878 1188 prela·

1052 1231 1277 1294 torum
1313 1230 1384 1292 et
1411 1220 1704 1292 aliorum
1742 1219 2080 1292 nobilium
2106 1216 2517 1289 Alamannie
2550 1225 2623 1288 et
2653 1214 2845 1288 Italic
2884 1215 3220 1310 processit
3249 1215 3439 1308 quod
3470 1217 3875 1311 priusquam

1049 1345 1252 1418 nobis
1278 1345 1832 1434 denuntiaretur,
1862 1363 2018 1414 eam
2046 1363 2190 1413 non
2230 1341 2638 1414 tenebamur
2666 1340 3067 1412 observare.
3098 1337 3516 1411 Profitemur
3540 1350 3775 1413 tamen
3807 1351 3876 1413 et

1052 1469 1611 1562 recognoscimus
1625 1467 1810 1540 bene
1837 1466 2029 1560 quod
2052 1465 2471 1558 deliquimus
2491 1464 2565 1535 in
2587 1463 2722 1535 hoc
2743 1485 2887 1536 non
2914 1462 3260 1536 servando
3283 1472 3355 1535 et
3375 1464 3870 1556 malefecimus,

1052 1615 1214 1664 cum
1249 1593 1431 1663 bene
1463 1591 1760 1663 sciamus
1792 1599 1864 1662 et
1895 1588 2265 1661 credamus
2301 1586 2602 1660 fideliter
2632 1587 2824 1680 quod
2856 1599 2998 1658 tam
3029 1607 3242 1681 super
3265 1608 3396 1660 nos
3422 1609 3635 1682 quam
3665 1610 3876 1683 super

1054 1736 1298 1788 omnes
1332 1713 1739 1786 christianos
1767 1733 1968 1804 reges
2001 1722 2072 1783 et
2108 1711 2457 1807 principes
2488 1710 2777 1783 clericos
2798 1720 2870 1782 et
2897 1709 3109 1782 laicos
3133 1708 3347 1782 habet
3371 1732 3684 1782 summus
3708 1731 3873 1806 pon·

1057 1840 1258 1929 tifex,
1275 1848 1915 1931 quantumcumque
1938 1844 2265 1931 peccator
2285 1844 2356 1905 et
2371 1833 2845 1928 prevaricator
2866 1831 3352 1927 existat,quod
3368 1834 3555 1906 Deus
3573 1842 3868 1922 avertat,

1057 1965 1127 2035 in
1160 1962 1629 2059 spiritualibus
1658 1958 2165 2055 plenitudinem
2206 1957 2588 2053 potestatis.
2620 1956 3126 2029 Nichilominus
3155 1976 3366 2052 supet
3406 1956 3540 2029 isto
3580 1978 3871 2029 excessu

1055 2086 1440 2160 subsidium
1480 2084 1809 2156 faciemus
1835 2083 1908 2155 in
1936 2081 2272 2153 militibus
2292 2081 2409 2152 vel
2450 2081 2521 2151 in
2562 2080 2855 2176 pecunia
2888 2079 3310 2172 ubicumque
3340 2078 3665 2152 dominus
3692 2100 3871 2176 papa

1054 2211 1332 2283 utilitati
1359 2207 1875 2281 christianitatis
1900 2216 2542 2301 quantumcumque
2572 2211 2644 2276 et
2663 2203 2871 2296 quale
2890 2203 3156 2275 videbit
3176 2199 3280 2298 (a)
3300 2203 3662 2298 expedire.
3686 2202 3872 2276 Alias

1046 2334 1314 2427 jejunia
1343 2343 1415 2404 et
1449 2334 1884 2427 elemosynas
1915 2328 2163 2401 facturi
2193 2329 2400 2422 juxta
2428 2326 2935 2399 ordinationem
2963 2325 3226 2399 domini
3256 2347 3467 2421 pape,
3502 2336 3574 2398 et
3604 2337 3876 2400 senten-

1056 2458 1223 2529 tiam
1255 2458 1473 2552 ipsam
1510 2476 1734 2547 usque
1776 2453 1868 2525 ad
1907 2453 2094 2525 diem
2129 2450 2586 2523 absolutionis
2618 2449 2975 2521 humiliter
3012 2460 3085 2522 et
3124 2449 3374 2523 devote
3415 2450 3868 2523 servabimus.

1054 2581 1279 2676 Super
1301 2580 1619 2675 captione
1642 2577 2093 2672 prelatorum,
2115 2576 2189 2648 in
2218 2574 2457 2670 primis
2484 2573 2717 2647 omnia
2746 2595 2829 2645 ea
2854 2594 2994 2666 que
3020 2574 3112 2646 ad
3134 2595 3265 2647 nos
3291 2586 3762 2670 pervenerunt
3788 2576 3876 2650 de

1056 2705 1189 2777 hiis
1216 2725 1354 2798 que
1383 2712 1585 2798 capta
1616 2711 1780 2773 sunt
1816 2701 1888 2772 in
1914 2699 2130 2792 galeis
2155 2700 2272 2771 vel
2299 2697 2490 2792 apud
2517 2718 2646 2770 nos
2674 2706 3002 2792 poterunt
3028 2697 3349 2788 inveniri,
3381 2698 3649 2790 integre
3678 2698 3875 2771 resti-

1060 2840 1334 2903 tuemus
1377 2837 1449 2901 et
1488 2827 1755 2900 restitui
1797 2825 2155 2897 faciemus.
2190 2825 2292 2897 De
2335 2823 2603 2916 reliquo
2642 2821 3041 2894 volentibus
3079 2820 3383 2918 dampna
3422 2823 3643 2919 passis
3669 2824 3875 2916 juxta

1057 2953 1462 3026 mandatum
1509 2951 1772 3023 domini
1816 2971 1995 3045 pape
2029 2949 2119 3021 de
2161 2949 2362 3040 cujus
2398 2945 2828 3040 benignitate
2868 2944 3306 3038 confidimus,
3337 2946 3868 3038 satisfaciemus3

1058 3077 1389 3149 faciemus
1422 3075 1627 3146 etiam
1667 3073 1739 3144 in
1771 3072 2309 3145 satisfactionem
2337 3071 2547 3162 hujus
2577 3069 2839 3142 offense
2872 3079 2943 3141 et
2978 3070 3071 3142 ob
3104 3067 3443 3142 honorem
3473 3070 3601 3142 Dei
3638 3070 3874 3166 hospi-

1060 3199 1223 3271 talia
1254 3209 1326 3270 et
1352 3197 1678 3270 ecclesias
1705 3196 1796 3268 ad
1824 3196 2346 3291 dispositionem
2377 3193 2639 3267 domini
2668 3214 2846 3289 pape
2874 3202 3048 3286 quot
3073 3203 3145 3264 et
3170 3193 3291 3264 ubi
3321 3202 3393 3265 et
3423 3193 3603 3266 sicut
3629 3194 3880 3268 viderit

1061 3321 1424 3417 expedire,
1449 3330 1520 3392 et
1541 3319 1852 3415 predicta
1881 3321 2034 3392 loca
2058 3318 2454 3393 dotabimus
2482 3318 2661 3390 sicut
2681 3315 3041 3390 mandabit
3066 3316 3389 3389 dominus
3416 3339 3624 3413 papa.
3658 3320 3880 3415 Super

1062 3444 1391 3541 predictis
1431 3452 1502 3515 et
1543 3464 1754 3539 super
1791 3442 1945 3515 aliis
1976 3442 2301 3515 omnibus
2338 3440 2683 3530 articulis,
2721 3439 3042 3535 dampnis
3083 3450 3155 3512 et
3193 3441 3460 3534 injuriis
3491 3453 3563 3514 et
3603 3442 3878 3515 offensis

1059 3579 1222 3641 ante
1254 3578 1327 3640 et
1357 3576 1515 3663 post
1550 3567 1856 3640 ecclesiis
1893 3576 1965 3639 et
1999 3565 2313 3661 personis
2344 3564 2824 3637 ecclesiasticis
2854 3564 3096 3655 illatis,
3136 3585 3264 3659 pro
3297 3564 3551 3658 quibus
3581 3588 3878 3640 excom-

1060 3691 1391 3765 municati
1417 3714 1685 3780 sumus,
1695 3690 2085 3783 jurabimus
2102 3688 2369 3783 precise
2388 3699 2572 3761 stare
2600 3687 2946 3761 mandatis
2968 3687 3230 3761 domini
3250 3710 3430 3784 pape
3453 3700 3525 3762 et
3540 3690 3874 3783 Ecclesie,

1059 3818 1254 3890 salva
1279 3827 1509 3888 tamen
1542 3816 1679 3887 sint
1712 3814 1915 3885 nobis
1941 3812 2243 3885 honores
2277 3823 2349 3884 et
2370 3814 2531 3905 jura
2558 3823 2793 3885 nostra
2819 3812 3053 3907 quoad
3079 3814 3675 3887 conservationem
3699 3815 3878 3888 inte-

1059 3963 1256 4035 gram
1287 3938 1558 4034 imperii
1586 3945 1657 4008 et
1688 3958 2059 4028 regnorum
2093 3946 2526 4024 nostrorum;
2564 3945 2635 4007 et
2670 3933 2834 4007 licet
2873 3956 3000 4029 pro
3041 3934 3371 4028 predictis
3405 3934 3682 4008 offensis
3719 3938 3883 4010 satis

1062 4065 1373 4137 oblatum
1394 4085 1545 4136 esse
1560 4062 1926 4134 credamus
1938 4057 2034 4156 (b)
2046 4111 2066 4149 ,
2079 4058 2572 4131 nichilominus
2588 4067 2820 4129 tamen
2838 4056 2930 4129 ad
2949 4057 3330 4152 pleniorem
3347 4058 3883 4132 satisfactionem

1065 4198 1135 4260 et
1176 4187 1618 4259 securitatem
1665 4194 1804 4256 tam
1854 4182 2379 4278 precedentium
2426 4202 2638 4275 quam
2688 4181 3126 4274 sequentium
3172 4181 3630 4277 capitulorum
3678 4193 3750 4254 et
3790 4181 3885 4256 ad

1067 4310 1330 4400 majora
1355 4308 1753 4381 devocionis
1778 4306 2031 4378 indicia
2061 4304 2604 4380 demonstranda
2619 4357 2640 4395 ,
2673 4314 2857 4377 stare
2888 4304 3213 4376 volumus
3246 4305 3535 4377 consilio
3580 4314 3653 4377 et
3692 4305 3882 4378 ordi-

1068 4431 1329 4503 nationi
1350 4440 1820 4521 tractatorum,
1841 4430 2105 4502 scilicet
2120 4430 2559 4503 dominorum
2579 4428 2912 4501 Ostiensis
2927 4426 3262 4523 episcopi,
3279 4426 3639 4522 Stephani,
3658 4428 3881 4524 Egidii

1153 4587 1236 4668 (a)
1279 4587 1353 4647 In
1379 4588 1510 4647 cod.
1541 4588 1861 4649 vratislav.
1892 4586 2195 4650 videbitur.

1152 4692 1232 4774 (b)
1278 4694 1350 4754 In
1378 4694 1583 4755 eodem
1611 4695 1811 4755 codice
1833 4693 2219 4756 credebamus.
