4364 5738
1027 569 1142 629 190
2020 578 2445 640 munemel
2495 577 2843 640 suenum
3062 534 3069 540 ’
3461 574 3622 657 [Asu.
3663 574 3829 635 1244.

1021 705 1253 777 siones
1289 708 1505 780 factas
1545 733 1585 782 a
1623 712 1970 808 principe,
2008 715 2267 786 divisas
2310 736 2435 809 per
2474 713 2803 784 articulos
2844 721 2914 784 et
2948 710 3373 804 conscriptas
3404 731 3531 805 per
3563 711 3836 782 nuntios

1022 852 1185 902 suos
1221 833 1525 904 nobilem
1561 836 1787 908 virum
1828 839 2152 910 comitem
2187 840 2637 926 Tolosanum,
2683 836 3043 928 magistros
3081 835 3359 906 Petrum
3398 834 3486 906 de
3516 835 3738 907 Vinea
3770 846 3839 907 et

1025 955 1380 1027 Thadeum
1411 958 1499 1029 de
1531 960 1780 1033 Suessa
1811 963 2002 1034 curie
2037 985 2160 1034 sue
2185 962 2493 1055 judices,
2547 962 2618 1031 in
2657 961 2771 1032 die
2802 962 2984 1033 Cene
3023 958 3296 1030 Domini
3337 957 3653 1053 proxime
3689 979 3839 1052 pre-

1027 1081 1264 1169 terita,
1316 1084 1751 1176 presentibus
1802 1084 2206 1158 charissimo
2260 1087 2332 1157 in
2394 1085 2662 1158 Christo
2720 1083 2862 1157 filio
2918 1093 3153 1155 nostro
3214 1082 3835 1177 Constantinopoli-

1028 1215 1189 1277 tano
1223 1207 1636 1301 imperatore
1677 1209 1925 1281 illustri
1961 1231 2044 1282 ac
2084 1211 2412 1282 fratribus
2452 1208 2741 1296 nostriS‚
2777 1209 3096 1280 adstante
3129 1228 3410 1300 quoque
3454 1206 3653 1278 turba
3699 1227 3836 1278 non

1025 1329 1298 1401 modica
1348 1331 1807 1425 prelatorum,
1855 1356 2089 1406 coram
2132 1334 2569 1407 senatoribus
2614 1343 2684 1404 et
2733 1333 3042 1403 Romano
3089 1333 3347 1426 populo
3395 1331 3724 1402 universo
3771 1340 3839 1402 et

1026 1452 1260 1523 multis
1299 1454 1450 1525 aliis
1481 1456 1601 1547 qui
1635 1456 1722 1527 de
1757 1456 2048 1528 diversis
2090 1459 2331 1530 mundi
2367 1458 2681 1554 partibus
2712 1456 2806 1528 ad
2846 1457 3031 1528 diem
3072 1457 3325 1528 festum
3373 1466 3840 1527 convenerant

1019 1579 1223 1669 juxta
1292 1600 1591 1669 morem,
1650 1580 1739 1651 de
1789 1581 2039 1653 stando
2090 1581 2435 1653 mandatis
2493 1581 2745 1653 nostris
2790 1590 2862 1652 et
2908 1579 3213 1651 Ecclesie
3268 1601 3479 1673 super
3522 1579 3839 1651 omnibus

1028 1700 1333 1772 articulis
1376 1723 1503 1797 pro
1548 1703 1801 1795 quibus
1837 1727 1964 1799 per
2009 1706 2119 1799 pie
2164 1705 2494 1776 memorie
2532 1704 2939 1797 Gregorium
2982 1724 3232 1799 papam
3274 1703 3836 1798 predecessorum

1028 1837 1341 1896 nostrum
1373 1826 1498 1896 fuit
1533 1826 1813 1899 vinculo
1851 1829 2589 1901 excommunicationis
2625 1829 2980 1917 astrictuS,
3027 1849 3109 1899 ac
3141 1827 3441 1917 damnis,
3478 1827 3748 1920 injuriis
3773 1841 3840 1898 et

1028 1949 1305 2020 offensis
1358 1951 1663 2021 ecclesiis
1714 1960 1783 2021 et
1831 1953 2147 2047 personis
2201 1952 2682 2024 ecclesiasticis
2731 1962 2893 2024 ante
2939 1962 3012 2023 et
3064 1962 3221 2047 post
3282 1953 3839 2025 excommunica·

1032 2075 1285 2145 tionem
1322 2075 1563 2165 illatis,
1600 2076 1895 2169 prestitit
1929 2078 2205 2171 publice
2229 2079 2746 2169 juramentum,
2785 2098 2827 2147 a
2862 2096 3002 2168 quo
3043 2098 3183 2148 non
3218 2085 3381 2170 post
3412 2078 3664 2148 multos
3698 2077 3840 2149 dies

1028 2199 1236 2291 elegit
1281 2199 1543 2269 resilire
1603 2201 1833 2293 potius
1880 2223 2089 2292 quam
2141 2223 2425 2296 parere,
2488 2200 2869 2294 adimplere
2928 2200 3120 2293 quod
3175 2199 3305 2270 sibi
3366 2200 3841 2273 mandavimus

1028 2323 1413 2394 renuendo,
1453 2325 1632 2394 Sane
1671 2334 1748 2394 ut
1793 2325 2182 2396 devotionis
2217 2327 2538 2397 affectum
2583 2346 2791 2418 quem
2840 2345 3004 2417 erga
3053 2325 3430 2395 Romanam
3468 2323 3841 2397 Ecclesiam

1029 2449 1285 2519 habere
1319 2448 1569 2518 diceris
1601 2446 1939 2519 exhibeas
1974 2449 2413 2521 laudabiliter
2443 2449 2513 2519 in
2549 2448 2831 2538 effectu,
2873 2447 3161 2542 expedit
3193 2458 3272 2517 ut
3304 2442 3660 2541 negotium
3685 2448 3845 2522 fidei

1031 2593 1154 2666 per
1189 2582 1253 2642 te
1285 2570 1724 2642 laudabiliter
1757 2570 2152 2643 inchoatum
2185 2571 2291 2669 (l)
2325 2573 2712 2667 promptius
2743 2572 3137 2666 exequariS,
3169 2582 3248 2642 ut
3279 2572 3538 2644 exinde
3569 2574 3844 2646 uberior

1033 2696 1153 2767 tibi
1198 2703 1462 2766 crescat
1496 2695 1815 2765 cumulus
1863 2695 2268 2766 meritorum
2318 2706 2388 2767 et
2426 2697 2896 2792 Apostolicam
2932 2696 3185 2767 Sedem
3222 2696 3315 2768 ad
3343 2697 3842 2770 incrementum

1033 2820 1129 2891 tui
1165 2818 1464 2891 nominis
1501 2828 1569 2889 et
1606 2818 1887 2891 honoris
1930 2820 2174 2892 fortius
2217 2819 2477 2893 habeas
2509 2819 2886 2913 obligatam
2923 2850 2941 2891 :
2980 2842 3108 2893 nos
3141 2821 3326 2893 enim
3373 2821 3443 2892 in
3494 2823 3843 2918 proposito

1030 2944 1335 3037 gerimus
1366 2943 1557 3038 quod
1591 2955 1655 3014 te
1685 2944 1757 3014 in
1792 2944 1977 3015 dicto
2010 2945 2290 3037 negotio
2321 2945 2603 3015 minime
2638 2945 3063 3017 deseramus,

1127 3071 1377 3140 Datum
1411 3069 1753 3158 Laterani,
1791 3069 1846 3138 11
1882 3068 2213 3140 kalendas
2245 3070 2436 3159 maii,
2474 3068 2913 3163 pontificatus
2940 3070 3157 3142 nostri
3193 3091 3380 3143 anno
3413 3070 3466 3141 1.

1141 3645 1562 3727 Pandulfus
1599 3646 1694 3727 de
1730 3646 1786 3726 F
1790 3645 2154 3752 asaneIIa,
2200 3645 2611 3753 imperialis
2650 3645 2727 3725 in
2767 3643 3039 3726 Tuscia
3082 3642 3522 3752 capitaneus
3558 3654 3632 3725 et
3665 3654 3846 3724 tunc

1036 3780 1390 3863 Senensis
1443 3788 1813 3886 potestas,
1866 3777 2302 3886 Fortarrigo
2357 3776 2684 3860 Rainerii
2736 3777 2870 3857 dat
2926 3776 3309 3859 licentiam
3359 3775 3844 3884 recolligendi

1035 3912 1513 3994 medietatem
1553 3909 2079 4018 impositarum
2115 3909 2609 3992 Radicondoli
2646 3918 2721 3990 et
2756 3907 3067 3991 Belforti
3105 3908 3510 3992 factarum.

1200 4125 1447 4204 (laedit.
1478 4142 1573 4202 ap.
1606 4120 1820 4184 archiv.
1850 4140 2050 4182 comm.
2082 4122 2350 4195 Seuerus„
2382 4139 2456 4182 ex
2490 4122 2759 4183 authent.
2790 4139 3080 4199 pergam„
3110 4129 3159 4183 t.
3197 4124 3269 4199 V,
3294 4132 3361 4181 n·
3393 4121 3552 4200 398.)

1137 4314 1341 4385 Anno
1368 4313 1638 4384 Domini
1673 4312 2036 4383 millesimo
2068 4311 2483 4401 CC.XL1111,
2521 4311 2896 4383 indictione
2935 4311 3278 4401 secunda,
3332 4311 3444 4383 die
3482 4311 3602 4382 1111
3636 4332 3851 4383 nonas

1111 4594 1188 4667 (⁴)
1226 4590 1398 4650 valde
1424 4591 1737 4662 notandum,
1768 4608 1937 4664 quum
1964 4607 2032 4648 ex
2073 4591 2174 4647 hoc
2211 4590 2355 4648 clare
2397 4590 2598 4664 liqueat
2639 4589 3011 4662 landgravium
3043 4587 3371 4663 Thuringiae
3400 4589 3513 4661 jam
3550 4605 3696 4646 nunc
3731 4603 3851 4646 cum

1038 4706 1180 4767 papa
1201 4688 1539 4748 consensisse
1566 4688 1636 4747 de
1665 4688 1930 4747 Friderico
1954 4689 2012 4746 in
2035 4688 2352 4746 Alamannia
2379 4687 2795 4762 supplantando.
