4364 5738
583 476 784 536 Iunior.
816 475 909 551 2.]
1482 474 1877 566 HISTORIA
1927 469 2521 535 DIPLOMATICA.
3285 473 3398 533 119

579 610 805 683 nuntii
850 609 1328 681 admittentur.
1380 610 1525 682 Nec
1561 618 1795 681 tamen
1836 609 2175 701 intelligat
2218 606 2408 702 quod
2444 614 2727 700 propter
2759 605 3156 698 hujusmodi
3189 608 3395 681 abso-

577 734 860 807 lutionis
913 733 1207 826 gratiam
1252 733 1441 828 apud
1490 733 1743 805 Sedem
1792 733 2262 829 Apostolicam
2322 740 2653 823 tanquam
2699 730 3259 826 archiepiscopus
3304 732 3398 804 ad

575 878 865 953 presens
896 857 1179 931 honoris
1205 865 1328 929 aut
1353 857 1609 928 favoris
1639 856 1934 948 gratiam
1965 863 2432 948 consequatur
2470 856 2583 926 vel
2617 854 3043 949 percipiendi
3079 877 3202 926 sue
3229 876 3393 950 pro·

573 991 827 1054 ventus
871 980 1161 1052 ecclesie
1204 981 1462 1052 habeat
1505 980 1941 1072 facultatem,
1977 1002 2138 1052 cum
2181 979 2471 1071 dignum
2517 978 2608 1049 sit
2645 986 2724 1049 ut
2764 979 2886 1049 ubi
2920 979 3152 1070 gravis
3188 981 3394 1073 culpa

572 1106 986 1201 precessisse
1018 1105 1457 1200 perspicitur,
1490 1126 1580 1175 ne
1612 1104 2068 1198 delinquendi
2101 1103 2307 1175 detur
2337 1101 2654 1191 audacia,
2687 1102 3033 1195 condigna
3065 1123 3396 1198 compen-

571 1230 746 1302 satio
777 1230 1264 1321 subsequatur.

549 1401 554 1406 -
668 1353 922 1425 Datum
952 1351 1296 1445 Anagnia,
1335 1352 1422 1426 IV
1451 1372 1673 1426 nonas
1703 1350 2149 1447 septembris,
2187 1346 2629 1444 pontificatus
2659 1348 2876 1421 nostri
2915 1369 3102 1421 anno
3136 1350 3384 1443 primo.

673 1970 1041 2052 Hem-icus
1061 2031 1084 2077 ,
1127 1994 1259 2050 rex
1309 1969 1740 2077 Sardiniae,
1782 1970 1976 2050 sacri
2011 1969 2307 2077 imperii
2353 1970 2432 2049 in
2470 1969 2687 2051 Italia
2732 1969 3065 2079 legatuS,
3110 1997 3387 2078 super-

437 2125 440 2128 ·
565 2101 945 2185 stantibus
1014 2101 1485 2210 captivorum
1549 2101 2024 2210 imperatoris
2086 2102 2164 2181 in
2227 2102 2598 2184 Cremona
2671 2112 2745 2183 et
2814 2102 2958 2211 ipsi
3032 2103 3382 2209 potestati

565 2233 983 2316 Cremonae
1037 2234 1351 2316 mandat
1410 2245 1497 2316 ut
1567 2259 1812 2316 unum
1866 2258 1959 2314 ex
2018 2233 2265 2315 tribus
2320 2233 2632 2342 captivis
2699 2234 3384 2318 Mediolanensibus

565 2366 978 2449 Cremonae
1012 2367 1334 2449 detentis
1356 2427 1379 2473 ,
1419 2392 1650 2475 quem
1695 2365 2067 2474 imperiali
2118 2366 2372 2448 curiae
2420 2366 2674 2448 minus
2713 2366 2978 2448 utilem
3016 2365 3377 2470 viderint,

559 2525 700 2608 pro
736 2512 1091 2583 excontro
1141 2509 1216 2582 et
1250 2499 1696 2583 liberatione
1731 2497 1928 2580 Petri
1975 2499 2069 2580 de
2116 2498 2393 2581 Sancto
2428 2498 2649 2582 Petro
2684 2497 3162 2582 Novariensis
3199 2499 3380 2581 civis

560 2630 949 2740 assignare
1004 2643 1411 2741 procurent
1456 2659 1474 2710 z
1520 2631 1730 2741 quod
1784 2631 1864 2711 in
1923 2656 2004 2712 se
2058 2641 2569 2739 superstantes
2626 2630 2856 2712 iidem
2895 2657 3376 2739 praesumere

559 2775 936 2847 recusant.

723 2991 969 3069 (Inedit.
1000 3008 1075 3052 ex
1102 2993 1329 3053 schedis
1356 2994 1572 3071 egregii
1597 2994 1712 3053 viri
1739 2991 1808 3054 C.
1835 2992 2080 3067 Morbii,
2110 2994 2269 3070 apud
2296 2991 2751 3069 Mediolanum.)

655 3188 859 3263 Anno
889 3192 980 3262 ab
1015 3192 1485 3265 incarnatione
1520 3192 1795 3264 Domini
1830 3194 2046 3265 nostri
2078 3194 2241 3266 Jesu
2277 3192 2522 3265 Christi
2566 3192 3037 3267 ducentesimo
3068 3196 3370 3289 quadra-

553 3314 822 3407 gesimo
849 3315 1079 3406 tertio,
1108 3315 1485 3388 indictione
1510 3315 1844 3407 secunda,
1873 3316 1986 3388 die
2014 3316 2336 3387 mercurii
2367 3316 2612 3388 ultimo
2636 3326 2940 3389 exeunte
2963 3320 3366 3413 septembri,

554 3438 626 3509 in
661 3439 999 3512 Cremona
1033 3439 1108 3511 in
1148 3438 1497 3534 presentia
1539 3438 1978 3512 dominorum
2016 3439 2286 3512 Alberti
2332 3441 2420 3513 de
2468 3438 2734 3512 Amatis
2766 3450 2838 3512 et
2889 3441 3233 3514 Guillelmi
3281 3442 3370 3515 de

553 3563 853 3637 Pouroni
892 3563 1171 3635 testium
1226 3572 1661 3656 rogatorum,
1713 3562 2036 3635 dominus
2078 3564 2322 3635 Petrus
2370 3563 2461 3636 de
2506 3565 2760 3636 Sancto
2801 3564 3005 3637 Petro
3055 3565 3250 3637 dedit
3300 3575 3371 3636 et

553 3687 1057 3780 representavit
1095 3687 1380 3760 domin'o
1411 3686 1635 3779 Ugoni
1660 3685 1996 3770 Ansasole
2029 3688 2323 3761 anciano
2357 3688 2895 3782 superstantium
2935 3687 3367 3787 captivorum

552 3810 815 3883 domini
846 3811 1281 3906 imperatoris
1311 3812 1383 3882 in
1416 3811 1751 3884 Cremona
1787 3811 2050 3883 litteras
2084 3811 2418 3905 sigillatas
2451 3811 2673 3903 sigillo
2716 3811 2921 3903 regiS,
2965 3820 3163 3882 tenor
3189 3832 3362 3903 qua-

548 3956 703 4007 rum
737 3936 892 4007 talis
918 3945 1024 4007 est
1054 3960 1073 4006 ε

644 4060 1016 4149 Henricus,
1061 4058 1187 4130 Dei
1238 4066 1309 4130 et
1351 4056 1691 4153 imperiali
1731 4057 1953 4151 gratia
1992 4079 2124 4129 rex
2165 4058 2517 4146 Sardinie,
2554 4056 2731 4127 sacri
2759 4055 3029 4150 imperii
3065 4056 3137 4127 in
3168 4058 3365 4130 Italia

548 4183 853 4274 legatus,
881 4184 1157 4275 Hugoni
1186 4181 1520 4255 Ansasole
1553 4192 1625 4254 et
1662 4183 1864 4256 sociis
1896 4183 2449 4279 superstantibus
2479 4179 2910 4274 captivorum
2936 4180 3198 4255 domini
3232 4184 3360 4254 im-

546 4308 882 4401 peratoris
928 4308 1001 4379 in
1045 4308 1410 4398 Cremona,
1446 4307 1715 4380 dilectis
1766 4306 2037 4401 imperii
2080 4304 2441 4393 fidelibuS,
2477 4305 2769 4377 salutem
2816 4314 2886 4377 et
2922 4305 3362 4381 dilectionem

543 4429 913 4501 sinceram.
953 4431 1198 4504 Petrus
1221 4432 1313 4505 de
1339 4433 1593 4504 Sancto
1622 4431 1826 4502 Petro
1860 4429 2306 4502 Novariensis
2340 4428 2510 4501 civis
2541 4428 2812 4524 imperii
2853 4428 3079 4502 fidelis
3122 4443 3360 4505 nostro

543 4550 832 4625 culmini
877 4556 1290 4652 supplicavit
1332 4565 1413 4627 ut
1454 4577 1614 4652 cum
1665 4608 1681 4624 .
1712 4606 1731 4626 .
1762 4607 1779 4625 .
1831 4551 2203 4625 Mediolani
2252 4553 2384 4624 sub
2425 4552 2732 4627 dominio
2780 4606 2798 4626 .
2827 4609 2843 4626 .
2877 4606 2896 4626 .
2948 4554 3217 4649 imperii
3267 4556 3357 4627 de

3502 1990 3558 2034 In
3575 1995 3731 2036 emm

3448 2046 3787 2192 ‹sspoptulll'atione

3454 2205 3483 2245 4
3494 2162 3778 2258 3ss⁸oeffi1
