4364 5738
506 518 710 576 Ixmcr.
744 515 837 592 2.]
1414 512 1808 574 HISTORIA
1858 509 2450 573 DIPLOMATICA.
3232 511 3346 571 173

510 661 615 724 ter
657 662 731 723 et
771 650 1026 722 devote
1067 648 1396 721 servabit.
1450 651 1673 745 Super
1723 648 2043 744 captione
2096 648 2519 742 prelatorum
2566 648 2638 716 in
2685 647 2926 741 primis
2976 650 3208 721 omnia
3263 672 3346 723 ea

507 797 646 869 que
680 774 772 847 ad
815 795 976 846 eum
1019 782 1495 869 pervenerunt
1540 772 1629 845 de
1670 772 1778 843 his
1819 794 1956 865 que
1999 782 2202 866 capta
2246 780 2410 842 sunt
2447 771 2518 841 in
2564 770 2782 862 galeis
2812 772 2926 841 vel
2955 773 3146 866 apud
3183 794 3344 845 eum

507 907 839 995 poterunt
877 897 1211 987 inveniri,
1259 897 1529 988 integre
1571 896 1887 968 restituet
1924 905 1996 967 et
2041 895 2310 967 restitui
2359 895 2591 966 faciet.
2642 896 2745 966 De
2786 895 3052 987 reliquo
3098 898 3342 969 volen-

510 1024 693 1096 tibus
741 1021 997 1094 damna
1037 1021 1258 1117 passis
1306 1023 1514 1112 juxta
1552 1020 1955 1093 mandatum
2004 1018 2265 1090 domini
2316 1040 2494 1113 pape
2538 1018 2627 1089 de
2671 1020 2870 1110 cujus
2917 1020 3343 1112 benignitate

506 1145 795 1220 confidit
824 1199 844 1235 ,
913 1145 1306 1217 satisfaciet.
1373 1144 1603 1216 Faciet
1669 1145 1878 1216 etiam
1942 1144 2014 1215 in
2076 1144 2614 1214 satisfactionem
2679 1142 2888 1234 hujus
2956 1143 3216 1215 offense
3275 1156 3345 1217 et

505 1271 598 1343 ob
644 1271 985 1344 honorem
1037 1269 1160 1340 Dei
1213 1267 1582 1364 hospitalia
1637 1277 1709 1339 et
1753 1267 2081 1339 ecclesias
2126 1266 2219 1338 ad
2265 1266 2787 1362 dispositionem
2850 1267 3113 1339 domini
3161 1291 3342 1363 pape

506 1405 679 1491 quot
711 1405 782 1467 et
811 1395 933 1465 ubi
966 1403 1037 1465 et
1083 1393 1262 1465 sicut
1297 1392 1546 1464 viderit
1578 1391 1950 1487 expedire,
1995 1401 2066 1463 et
2101 1391 2413 1486 predicta
2456 1391 2608 1464 loca
2652 1390 2954 1480 dotabit,
3000 1392 3178 1463 sicut
3214 1395 3339 1466 do-

504 1518 736 1588 minus
784 1537 966 1612 papa
1016 1514 1401 1587 mandabit.
1456 1514 1681 1610 Super
1722 1513 2051 1609 predictis
2087 1524 2159 1585 et
2200 1534 2408 1607 super
2441 1513 2592 1584 aliis
2637 1514 2960 1585 omnibus
2994 1515 3336 1606 articuliS,

487 1641 804 1732 injuriiS,
843 1638 1117 1711 damnis
1146 1647 1216 1710 et
1247 1638 1528 1710 offensis
1573 1649 1735 1710 ante
1768 1648 1840 1709 et
1876 1647 2033 1733 post
2083 1637 2499 1710 discordiam
2543 1647 2611 1709 et
2664 1639 2872 1709 latam
2925 1641 3340 1712 sententiam

504 1765 816 1838 ecclesiis
850 1774 920 1836 et
951 1762 1267 1858 personis
1313 1762 1794 1834 ecclesiasticis
1830 1761 2036 1833 illatis
2064 1783 2193 1856 pro
2230 1762 2484 1856 quibus
2523 1764 3166 1837 excommunicatus
3203 1776 3335 1854 est,

497 1888 766 1981 J'urabit
793 1887 1060 1982 precise
1093 1895 1276 1958 stare
1311 1885 1655 1957 mandatis
1692 1885 1956 1956 domini
1989 1907 2199 1980 pape,
2236 1887 2430 1955 salva
2478 1895 2711 1955 tamen
2744 1888 2883 1958 sint
2929 1889 2992 1958 ei
3037 1889 3339 1962 honores

502 2022 577 2085 et
600 2015 763 2104 jura
802 2010 1036 2104 quoad
1079 2009 1677 2082 conservationem
1716 2010 2057 2100 integram
2105 2009 2254 2079 sine
2287 2008 2521 2100 aliqua
2573 2009 3028 2083 diminutione
3071 2013 3338 2108 imperii

501 2148 578 2209 et
614 2157 989 2228 regnorum
1040 2154 1351 2205 suorum.
1406 2135 1496 2205 Et
1544 2133 1705 2204 licet
1747 2154 1876 2228 pro
1923 2132 2254 2226 predictis
2292 2131 2570 2204 offensis
2611 2134 2777 2204 satis
2827 2135 3134 2207 oblatum
3188 2159 3339 2210 esse

500 2259 910 2348 credamuS,
948 2257 1402 2329 nihilominus
1439 2268 1670 2328 tamen
1711 2256 1803 2328 ad
1837 2255 2373 2327 satisfactionem
2418 2266 2488 2327 et
2524 2258 2964 2328 securitatem
2996 2268 3132 2331 tam
3178 2284 3336 2355 pre-

501 2383 901 2455 cedentium
937 2403 1147 2474 quam
1183 2381 1624 2473 sequentium
1652 2380 2112 2475 capitulorum
2148 2390 2219 2451 et
2251 2378 2341 2450 ad
2375 2381 2638 2471 majora
2665 2381 3055 2454 devotionis
3084 2384 3340 2457 indicia

503 2506 1081 2597 demonstranda,
1119 2505 1445 2577 dominus
1494 2505 1872 2599 imperator
1913 2503 2122 2574 stabit
2167 2503 2456 2574 consilio
2498 2514 2568 2574 et
2610 2503 3031 2577 ordinationi
3086 2518 3335 2580 tracta-

507 2640 763 2718 torum,
800 2630 1063 2700 scilicet
1099 2629 1539 2700 dominorum
1574 2626 1906 2699 Ostiensis
1938 2626 2272 2722 episcopi,
2315 2626 2672 2722 Stephani,
2709 2630 2936 2721 Egidii
2972 2640 3042 2701 et
3068 2632 3337 2704 Ottonis

502 2753 986 2842 cardinalium,
1019 2752 1138 2845 qui
1170 2762 1467 2848 excepta
1496 2772 1792 2846 persona
1820 2749 2080 2822 domini
2109 2751 2327 2822 nostri
2351 2747 2451 2845 (a)
2482 2754 2906 2846 supplebunt
2937 2756 3006 2826 in
3034 2760 3337 2833 satisfac-

503 2880 692 2951 tione
727 2887 798 2949 et
841 2877 1210 2973 securitate
1252 2876 1443 2969 quod
1473 2875 1777 2947 viderint
1817 2897 1970 2946 esse
2009 2875 2504 2969 supplendum,
2541 2877 2637 2948 ita
2673 2887 2902 2950 tamen
2936 2883 3125 2974 quod
3161 2885 3335 2958 nihil

500 3003 758 3074 facient
783 3001 930 3071 sine
963 3000 1252 3072 consilio
1284 3009 1356 3071 et
1381 3000 1711 3071 mandato
1735 2999 2000 3071 domini
2030 3020 2250 3093 pape3
2297 3008 2368 3069 et
2403 2999 2728 3093 predictis
2754 3005 2986 3096 salviS,
3019 3007 3108 3078 de
3145 3011 3337 3081 satis-

499 3127 801 3198 factione
840 3132 912 3195 et
940 3123 1307 3194 securitate
1341 3122 1633 3217 predicti
1668 3132 2072 3194 tractatores
2103 3122 2360 3193 facient
2385 3125 2573 3216 quod
2603 3125 2692 3197 de
2724 3129 3011 3202 consilio
3046 3133 3331 3204 fratrum

499 3248 830 3322 dominus
862 3267 1045 3342 papa
1078 3245 1474 3317 faciendum
1507 3246 1920 3318 decreverit.
1960 3248 2184 3342 Super
2210 3246 2707 3321 adherentibus
2748 3263 2981 3324 autem
3024 3256 3331 3331 Ecclesie

499 3374 597 3445 ita
635 3355 930 3443 dicimus
960 3369 1153 3462 quod
1190 3369 1515 3440 omnibus
1551 3368 1660 3440 his
1690 3369 1810 3461 qui
1848 3377 2006 3463 post
2044 3380 2264 3441 ortam
2302 3371 2716 3445 discordiam
2762 3377 3067 3450 Ecclesie
3113 3381 3329 3454 adhe-

499 3504 742 3568 serunt
787 3494 1259 3586 undecunque
1314 3492 1491 3583 sint,
1542 3513 1630 3564 ex
1673 3514 1862 3564 nunc
1911 3493 2118 3588 plene
2170 3486 2396 3564 omnis
2449 3496 2839 3568 remittatur
2882 3501 3142 3575 offensa
3186 3516 3326 3578 tam

500 3628 664 3696 ante
699 3617 1116 3689 discordiam
1146 3637 1357 3708 quam
1390 3625 1573 3710 post,
1615 3615 1762 3686 sive
1803 3616 2163 3688 occasione
2201 3616 2507 3689 Ecclesie
2541 3618 2687 3689 sive
2720 3620 2888 3712 alia,
2931 3627 3321 3699 commissa.

499 3743 588 3813 Et
652 3742 886 3813 omnia
936 3741 1172 3810 banna
1227 3749 1299 3810 et
1354 3739 1731 3809 sententias
1772 3748 2013 3811 contra
2068 3761 2190 3811 eos
2245 3741 2852 3844 latas-revocabit.
2907 3747 2994 3817 Et
3043 3748 3099 3818 si
3154 3773 3329 3843 quas

501 3864 911 3937 donationes
964 3865 1081 3935 vel
1132 3871 1530 3935 contractus
1581 3863 1694 3935 vel
1750 3863 2206 3956 obligationes
2265 3865 2327 3936 ei
2384 3865 2704 3938 fecissent
2757 3866 2856 3962 (b)
2913 3880 3069 3963 post
3119 3873 3326 3944 latam

501 3988 915 4061 sententiam
952 3988 1068 4060 vel
1105 3995 1474 4083 postquam
1513 3986 1944 4059 adheserunt
1977 3988 2322 4078 Ecclesie,
2362 3990 2742 4081 relaxabit,
2784 3994 3329 4086 possessionibus

502 4133 772 4202 eorum,
802 4110 1077 4203 juribus
1118 4120 1190 4183 et
1219 4110 1602 4184 honoribus
1635 4111 1778 4182 suis
1820 4111 1919 4191 eis
1960 4112 2229 4204 integre
2269 4111 2637 4203 restitutiS,
2677 4113 2885 4184 etiam
2919 4116 2975 4186 si
3008 4117 3161 4189 aliis
3193 4120 3331 4192 sint

500 4256 854 4309 concessa.
900 4237 1123 4330 Super
1153 4235 1308 4307 aliis
1342 4245 1577 4307 autem
1622 4235 1743 4329 qui
1775 4244 1939 4307 ante
1986 4245 2210 4307 ortam
2242 4233 2663 4307 discordiam
2703 4238 2998 4312 rebelles
3046 4241 3329 4318 domino

499 4359 898 4456 imperatori
954 4361 1236 4431 fuerunt
1294 4369 1366 4432 et
1415 4368 1615 4432 erant
1662 4368 1829 4431 tunc
1877 4359 1949 4428 in
2007 4358 2195 4430 bello
2242 4380 2400 4428 cum
2463 4380 2584 4451 eo,
2642 4360 2736 4433 ita
2797 4362 3089 4438 dicimus
3139 4369 3330 4461 quod

580 4518 665 4597 (a)
708 4522 824 4595 Ap.
856 4518 1030 4578 Matt.
1060 4513 1231 4578 Paris
1258 4523 1320 4577 et
1344 4518 1514 4579 Pertz
1545 4517 1785 4578 additur
1811 4513 2031 4574 domini
2055 4516 2244 4575 nostri
2258 4533 2483 4595 papae,
2514 4518 2688 4580 male.

582 4622 661 4700 (b)
706 4624 805 4686 Sic
835 4640 851 4684 ε
885 4624 1197 4703 legendum
1223 4630 1454 4702 tamen,
1492 4629 1563 4684 ut
1595 4624 1890 4683 credimus
1922 4640 1937 4683 ε
1971 4623 2050 4682 eis
2077 4619 2442 4705 [contrarias]
2465 4624 2722 4703 fecisset.
