4364 5738
593 599 793 659 lamet.
828 591 917 679 3.]
1485 591 1883 654 HISTORIA
1932 541 2527 655 DIPLOMATICA,
3298 595 3440 658 269'

759 779 1010 859 (Inedit.
1039 795 1117 839 ex
1144 776 1416 857 originali
1439 777 1741 855 quondam
1765 779 1829 836 in
1857 777 2149 837 chartario
2176 779 2391 836 veteris
2412 777 2653 852 capituli
2680 776 2878 838 Sancti
2905 778 3205 840 Lamberti
3234 796 3425 842 asser-

833 891 1007 962 vato,
1035 898 1212 960 capsa
1243 890 1362 959 12⁸,
1392 897 1506 943 sec.
1543 883 1812 957 armarii;
1845 897 2005 940 nnnc
2043 875 2109 939 ‘in
2147 880 2390 941 archivo
2426 880 2587 942 dicto
2621 879 2864 942 Archive
2901 880 2971 943 de
3012 880 3234 960 efflat,
3266 887 3424 963 apud

833 989 1141 1050 Leodium.
1182 986 1369 1048 Adest
1405 987 1666 1065 sig-iilum
1703 986 1893 1047 flavae
1935 1003 2102 1047 cerae
2137 1003 2170 1047 e
2206 987 2428 1063 duplici
2468 987 2657 1047 cauda
2697 1004 3083 1066 pergamenea
3128 991 3421 1068 pendens,

832 1111 969 1156 oum
997 1093 1192 1172 effigie
1223 1095 1480 1170 episcopi
1511 1095 1689 1153 mitra
1715 1094 1981 1171 insigniti
2007 1099 2069 1153 et
2103 1092 2379 1153 baculum
2404 1096 2690 1171 tenentis,
2721 1094 2814 1154 his
2844 1098 3298 1173 circumscriptis
3324 1097 3421 1158 lit·

835 1202 977 1261 teris
1007 1217 1024 1260 ε
1055 1216 1155 1260 scs
1184 1215 1535 1259 Lmnnrvs
1563 1216 1903 1259 montaneis
1930 1197 2295 1278 umorem.)

684 1383 1284 1459 Excellentissimo
1320 1383 1605 1456 domino
1642 1406 1768 1456 suo
1809 1383 2175 1456 Frederico
2206 1383 2336 1455 Dei
2370 1383 2591 1476 gratia
2622 1385 3089 1456 Romanorum
3126 1386 3423 1482 impera-

594 1510 723 1582 tori
781 1530 1056 1605 semper
1118 1518 1410 1602 augusto
1439 1561 1459 1600 ,
1534 1509 1597 1578 J.
1660 1507 2087 1604 prepositus,
2142 1510 2204 1579 J.
2263 1508 2570 1579 decanus
2630 1517 2987 1601 totumque
3043 1509 3421 1604 capitulum

589 1629 969 1706 Leodiense
999 1630 1331 1725 quicquid
1349 1641 1638 1726 possunt
1657 1630 2035 1721 fidelitatis,
2063 1632 2379 1725 obsequii
2404 1641 2475 1702 et
2500 1631 2806 1703 honoris.
2840 1631 3009 1703 Cum
3037 1632 3422 1704 secundum

591 1778 946 1828 sacrorum
979 1756 1475 1850 imperatorum
1508 1755 1826 1846 oracula,
1863 1755 2296 1827 consuetudo
2328 1756 2637 1849 prolege
2671 1755 2740 1825 in
2771 1775 2898 1826 suo
2931 1754 3307 1850 municipio
3333 1756 3423 1828 sit

590 1878 949 1969 habenda,
990 1899 1150 1949 cum
1190 1877 1340 1972 ipsa
1382 1879 1471 1949 sit
1498 1880 1707 1969 juxta
1745 1877 1937 1972 quod
1969 1899 2163 1950 sacre
2212 1878 2401 1969 leges
2442 1887 2761 1949 asserunt
2797 1877 2913 1948 lex
2948 1898 3090 1949 non
3125 1878 3414 1973 scripta,

590 2003 802 2074 immo
828 2002 988 2097 plus
1019 2023 1229 2095 quam
1260 2002 1381 2073 lex
1408 2001 1616 2072 etiam
1641 1999 1964 2071 videatur
1994 2020 2217 2091 eoque
2247 2001 2480 2092 legum
2513 2001 2773 2072 obtima
2804 2001 2893 2071 sit
2922 2001 3291 2095 interpreS,
3328 1999 3421 2073 ad

589 2127 824 2218 legum
869 2126 1170 2221 pertinet
1209 2124 1640 2196 conditorem
1685 2122 2223 2194 consuetudines
2263 2145 2439 2215 quas
2483 2124 2821 2215 longevus
2866 2146 3034 2194 usus
3072 2123 3416 2195 utentium

549 2248 1030 2344 ‘approbavit,
1062 2248 1134 2318 in
1173 2268 1299 2319 suo
1342 2246 1633 2341 imperio
1678 2246 1876 2340 quasi
1921 2246 1993 2316 in
2040 2267 2166 2318 suo
2217 2245 2595 2340 municipio
2645 2243 2870 2316 facere
2924 2246 3416 2318 inviolabiliter

588 2371 978 2461 observari3
1006 2371 1311 2443 maxime
1338 2392 1498 2441 cum
1521 2390 1664 2441 non
1688 2379 1960 2441 servate
1986 2369 2058 2440 in
2087 2367 2541 2463 prejudicium
2559 2367 2737 2460 juris
2758 2368 3132 2462 imperialis
3155 2369 3413 2440 redun-

589 2495 760 2567 dent
787 2505 859 2567 et
890 2504 1162 2568 servate
1190 2493 1398 2565 nichil
1425 2492 1875 2565 dinoscantur
1903 2501 2144 2565 contra
2172 2491 2383 2563 fidem
2413 2490 2824 2564 catholicam
2847 2513 3208 2587 usurpare.
3241 2491 3415 2564 Hine

590 2630 694 2692 est
734 2619 929 2711 quod
959 2639 1088 2690 nos
1127 2619 1220 2691 ad
1263 2617 1829 2713 propiciatorium
1871 2617 2314 2713 imperatorie
2364 2616 2793 2688 celsitudinis
2837 2627 3303 2709 recurrentes,
3352 2619 3414 2689 ei

589 2765 671 2815 ea
699 2765 836 2836 que
864 2753 946 2814 ut
972 2742 1319 2815 credimus
1347 2765 1488 2814 non
1518 2743 1816 2835 ignorat,
1852 2741 2182 2814 duximus
2210 2763 2370 2813 cum
2401 2739 2656 2814 fiducia
2686 2741 3049 2813 reseranda
3062 2739 3191 2838 (a),
3217 2741 3412 2814 vide-

589 2866 750 2940 licet
786 2867 977 2961 quod
1011 2878 1156 2940 tota
1194 2878 1376 2951 terra
1407 2867 1722 2940 Hanonie
1755 2866 2120 2939 descendit
2150 2866 2240 2939 de
2286 2866 2493 2938 feodo
2529 2878 2761 2939 vestre
2794 2866 3231 2960 imperatorie
3269 2867 3412 2938 cla·
3472 2906 3483 2915 f

585 2992 832 3064 ritatiS.
862 2987 1102 3084 Itaque
1130 2991 1527 3064 Leodiensis
1556 2990 1848 3063 ecclesia
1880 3011 2007 3085 per
2037 3011 2287 3061 manus
2320 2989 2807 3063 LeodiensiS...
2840 2990 3144 3085 episcopi
3177 2990 3411 3084 sponsi

587 3114 695 3185 sui
735 3114 825 3186 de
854 3113 1069 3186 sacris
1099 3113 1595 3207 imperatorum
1626 3113 1948 3184 manibus
1979 3113 2072 3184 ab
2100 3114 2386 3204 antiquo
2421 3122 2491 3184 et
2519 3113 2768 3184 vestris
2804 3113 3010 3184 etiam
3052 3114 3412 3185 consuevit

589 3235 897 3329 recipere
927 3235 999 3324 in
1033 3234 1315 3307 feodum
1356 3235 1614 3307 dictam
1651 3246 1903 3307 terram
1925 3287 1943 3324 ,
1984 3245 2057 3307 et
2084 3235 2186 3306 illi
2218 3235 2340 3328 qui
2369 3235 2661 3307 eandem
2698 3246 2952 3308 terram
2985 3236 3075 3309 de
3094 3237 3251 3329 jure
3284 3258 3439 3333 pro·

589 3368 901 3453 tempore
934 3358 1393 3454 possederunt
1418 3367 1490 3430 et
1517 3359 1724 3430 etiam
1753 3359 1884 3430 ista
1905 3361 1942 3431 J
1949 3413 1966 3430 .
2005 3359 2189 3432 bone
2217 3359 2547 3433 memorie
2575 3360 2818 3432 ultima
2842 3361 3160 3435 Flandrie
3193 3362 3410 3434 eomi-

589 3482 751 3553 tissa
793 3491 864 3554 et
891 3482 1017 3554 Th.
1061 3501 1298 3553 comes
1328 3480 1647 3553 Flandrie
1685 3503 1980 3577 sponsus
2018 3484 2168 3574 ejus
2210 3482 2504 3555 eandem
2546 3491 2800 3554 terram
2842 3482 3298 3554 dinoscuntur
3335 3485 3408 3554 in

586 3606 868 3678 feodum
898 3615 970 3678 et
1003 3605 1406 3698 homagium
1442 3606 1820 3699 recepisse;
1859 3616 1931 3677 et
1970 3605 2132 3677 licet
2162 3606 2348 3677 dicta
2376 3609 2437 3678 J.
2473 3606 2819 3678 comitissa
2849 3606 3111 3697 absque
3148 3605 3407 3678 herede

587 3728 677 3800 de
712 3749 1003 3823 corpore
1040 3749 1168 3799 suo
1201 3727 1290 3800 de
1335 3728 1567 3800 medio
1596 3728 1685 3799 sit
1719 3729 2027 3818 sublata,
2065 3729 2451 3820 Margareta
2488 3737 2718 3799 tamen
2755 3726 3036 3799 domina
3067 3728 3157 3799 de
3195 3729 3405 3798 Dam-

586 3861 782 3946 petra
823 3873 1021 3924 soror
1059 3853 1210 3943 ejus
1249 3852 1320 3922 in
1366 3844 1663 3924 eandem
1700 3861 1954 3923 terram
1996 3860 2238 3924 contra
2277 3851 2853 3924 consuetudinem
2887 3849 3099 3921 vestri
3138 3849 3404 3943 imperii

586 3995 661 4046 se
705 3975 1007 4047 intrusit.
1066 3975 1190 4047 Est
1238 3975 1423 4047 enim
1473 3972 1904 4046 consuetudo
1949 3974 2221 4069 imperii
2271 3974 2479 4048 vestri
2529 3974 2682 4045 talis
2719 3983 2798 4044 ut
2841 3973 2897 4044 si
2944 3973 3097 4066 quis
3141 3973 3403 4063 absque

585 4096 844 4171 herede
884 4099 973 4172 de
1019 4120 1312 4193 corpore
1350 4120 1477 4171 suo
1509 4098 1601 4170 ab
1638 4097 1771 4170 hac
1810 4098 1954 4169 vita
1995 4098 2310 4189 recedat,
2354 4098 2737 4194 proprietas
2776 4097 2927 4192 ipsa
2965 4094 3187 4167 tocius
3225 4105 3403 4167 terre

583 4244 794 4314 quam
835 4243 878 4295 a
920 4223 1205 4295 domino
1247 4243 1373 4294 suo
1419 4223 1493 4293 in
1536 4221 1817 4294 feodum
1846 4222 2238 4312 detinebat,
2272 4220 2366 4293 ad
2406 4222 2633 4315 ipsum
2674 4219 3035 4291 dominum
3066 4228 3403 4315 perpetuo

584 4344 801 4416 libere
830 4345 1276 4437 devolvatur;
1316 4345 1544 4418 etheo
1572 4347 2004 4419 consuetudo
2037 4358 2141 4417 est
2173 4368 2215 4416 a
2248 4344 2672 4440 temporibus
2705 4365 3002 4437 quorum
3033 4366 3176 4416 non
3211 4354 3405 4416 extat

586 4468 918 4541 memoria
954 4478 1025 4541 et
1053 4469 1262 4541 etiam
1289 4468 1537 4542 diebus
1560 4470 1810 4543 vestris
1842 4469 2131 4541 firmiter
2150 4467 2541 4540 observata.
2580 4468 2748 4540 Cum
2771 4468 2981 4561 igitur
3007 4469 3191 4541 dicta
3221 4469 3401 4541 Mar-

669 4682 753 4762 (a)
797 4682 916 4745 Sic.
947 4683 1288 4763 Legendum
1308 4691 1508 4747 tamen
1537 4682 1867 4746 reseranda.
