4364 5738
521 585 729 649 lunum
759 585 856 665 2.]
1416 581 1814 645 HISTORIA
1862 580 2459 644 DIPLOMA'rch.
3237 585 3351 647 197

522 731 763 794 nostre
803 719 1209 791 memoriam
1248 727 1318 790 et
1350 718 1569 791 robur
1601 726 1942 814 perpetuo
1977 717 2390 808 valiturum,
2427 738 2712 812 presens
2749 717 3188 812 privilegium
3226 739 3354 813 per

522 865 773 918 manus
813 842 1124 936 magistri
1169 841 1432 915 Thome
1463 841 1552 914 de
1596 841 1807 934 Sugio
1854 839 2106 912 notarii
2147 849 2221 912 et
2263 836 2487 913 fidelis
2527 839 2745 913 nostri
2795 838 2945 912 fieri
3000 849 3072 912 et
3128 841 3352 934 sigillo

522 967 899 1060 majestatis
928 974 1165 1039 nostre
1193 964 1525 1057 jussimus
1560 963 1998 1037 communiri.
2147 945 2162 954 ’

617 1090 841 1182 Hujus
881 1099 1116 1162 autem
1152 1088 1254 1160 rei
1297 1097 1508 1160 testes
1551 1096 1716 1159 sunt
1756 1116 1774 1158 ε
1816 1083 2252 1183 B(alduinus)
2307 1087 2684 1182 imperator
2726 1087 3351 1182 Constantinopoli-

524 1223 762 1305 tanu8‚
801 1210 1290 1310 R(aimundus)
1330 1232 1564 1283 comes
1598 1210 2028 1283 Th010sanus
2068 1209 2295 1282 affinis
2316 1259 2319 1262 >
2340 1219 2412 1282 et
2451 1208 2676 1283 fidelis
2718 1220 2982 1301 noster,
3017 1210 3351 1284 Ricardus

522 1357 760 1411 comes
790 1336 1068 1410 Caserte
1111 1336 1184 1407 in
1215 1334 1517 1408 Marchia
1535 1387 1555 1425 ,
1589 1336 1861 1407 Ducatu
1898 1343 1972 1406 et
2002 1334 2093 1407 ab
2123 1333 2392 1407 Amelia
2424 1357 2647 1428 usque
2686 1355 2814 1430 per
2844 1344 3059 1408 totam
3087 1335 3348 1408 Mariti-

524 1482 712 1546 mam
740 1460 1014 1556 imperii
1043 1459 1346 1533 vicarius
1376 1458 1720 1552 generalis
1738 1512 1759 1550 ‚
1794 1457 2122 1530 Tibaldus
2151 1459 2589 1549 FranciscuS,
2623 1459 2702 1531 P.
2741 1458 2831 1531 de
2859 1458 3166 1531 Calabria
3197 1481 3348 1530 ma-

524 1585 801 1657 restalle
834 1593 1069 1657 nostre
1102 1583 1455 1676 magister,
1495 1582 1825 1675 magister
1858 1581 2101 1653 Petrus
2133 1582 2224 1655 de
2259 1583 2477 1655 Vinea
2522 1592 2594 1655 et
2621 1582 2943 1655 Taddeus
2975 1581 3064 1654 de
3100 1584 3350 1655 Suessa

524 1729 777 1803 magne
809 1709 999 1782 curie
1028 1717 1264 1780 nostre
1288 1707 1600 1800 judiceS‚
1636 1704 1880 1778 fideles
1913 1706 2167 1796 nostri,
2207 1715 2278 1778 et
2308 1708 2757 1801 quamplures
2788 1706 2931 1778 alii.

622 1830 797 1905 Acta
849 1841 1012 1904 sunt
1065 1831 1200 1905 hec
1253 1853 1440 1904 anno
1495 1830 1838 1903 dominice
1888 1830 2380 1903 incarnationis
2447 1831 2812 1903 millesimo
2875 1831 3350 1905 ducentesimo

523 1955 1059 2049 quadragesimo
1086 1964 1360 2048 quarto,
1390 1976 1627 2026 mense
1647 1953 1853 2047 junii,
1888 1952 2196 2025 secunda
2231 1952 2634 2044 indictione,
2660 1954 3042 2048 imperante
3065 1953 3349 2027 domino

523 2088 763 2152 nostro
790 2077 1177 2168 Friderico,
1211 2079 1340 2150 Dei
1375 2078 1596 2169 gratia
1628 2076 2076 2148 invictissimo
2115 2077 2582 2148 Romanorum
2624 2076 3039 2170 imperatore
3076 2099 3351 2173 semper

525 2210 856 2295 augusto,
909 2201 1283 2272 Ierusalem
1323 2209 1397 2275 et
1437 2200 1663 2273 Sicilie
1704 2220 1905 2291 rege,
1953 2199 2224 2294 imperii
2273 2200 2425 2292 ejus
2459 2220 2644 2271 anno
2687 2200 3018 2272 vicesimo
3058 2212 3341 2296 quart0,

524 2325 721 2418 regni
760 2325 1134 2397 Ierusalem
1166 2324 1542 2418 vigesimo,
1596 2323 1792 2416 regni
1826 2344 1999 2395 vero
2039 2322 2267 2394 Sicilie
2302 2324 2835 2418 quadragesimo
2879 2323 3173 2419 septimo
3212 2323 3343 2422 (a),

526 2448 840 2521 feliciter.
877 2446 1103 2520 Amen
1137 2445 1264 2545 (b).

629 3001 1097 3110 Fridericus,
1135 3004 1659 3088 Romanorum
1683 3006 2138 3114 imperator,
2177 3002 2342 3113 regi
2375 3002 2840 3087 Francorum
2883 3003 3003 3114 (1)
3045 3006 3346 3088 nuntiat

527 3134 741 3243 quod
777 3159 911 3243 spe
944 3136 1281 3244 quadam
1315 3135 1524 3244 pacis
1579 3148 1996 3245 resumpta,
2047 3162 2326 3244 papam
2379 3136 2675 3244 rogavit
2721 3147 2808 3219 ut
2862 3136 3191 3246 aliquem
3252 3163 3345 3220 ex

526 3264 1045 3349 cardinalibus
1094 3267 1193 3350 ad
1243 3294 1325 3350 se
1373 3267 1739 3376 mitteret,
1797 3270 2072 3352 comite
2133 3267 2511 3352 Tolosano
2566 3268 2869 3352 interim
2920 3272 3017 3352 ad
3073 3271 3343 3354 Sedem

528 3397 1042 3506 Apostolicam
1069 3398 1446 3483 destinato
1481 3424 1621 3508 pro
1655 3400 1960 3508 negotio
1994 3399 2205 3509 pacis
2240 3399 2305 3510 ej
2312 3400 2609 3483 usdem.

623 3682 630 3687 ,
689 3611 877 3691 (Edit.
911 3614 973 3674 ln
998 3612 1159 3675 Patr.
1197 3611 1268 3672 de
1306 3613 1439 3675 Vin.
1469 3614 1665 3694 epist„
1694 3613 1800 3676 lib.
1831 3614 1893 3686 1,
1923 3630 2057 3692 cap.
2087 3616 2174 3693 V;
2206 3632 2367 3677 nunc
2392 3616 2592 3678 collat.
2623 3632 2760 3677 cum
2786 3617 2917 3678 cod.
2962 3618 3109 3678 bibl.
3141 3617 3339 3681 Cesar.

766 3718 984 3795 Paris„
998 3717 1187 3800 fonds
1219 3717 1981 3800 saint-Germain-Harlay‚
2009 3730 2077 3781 n⁰
2103 3720 2273 3801 455.)

624 3904 1049 3999 Fridericus,
1090 3917 1229 3980 etc.
1273 3907 1517 3980 Virum
1562 3907 1980 3981 industrium
2028 3918 2100 3981 et
2139 3908 2479 3983 illustrem
2514 3911 2596 3981 R.
2645 3910 2966 3984 comitem
3012 3909 3341 3984 Tholosa·

611 4101 694 4183 (a)
738 4104 812 4166 In
838 4107 1007 4185 copia
1035 4123 1279 4188 semper,
1309 4106 1488 4171 male.
2534 4135 2541 4143 ·

610 4205 693 4288 (b)
734 4209 1111 4274 Desideratur
1148 4215 1375 4274 notatio
1415 4211 1560 4289 loci,
1599 4215 1727 4275 sine
1771 4213 1955 4274 dublo
2000 4216 2065 4274 ln
2107 4214 2378 4292 originali
2417 4216 2687 4293 sequenti
2727 4213 2982 4275 formula
3019 4232 3292 4295 expressa
3320 4236 3338 4279 ε

525 4312 744 4376 Dauum
772 4358 1229 4395 ........
1258 4336 1439 4392 anno,
1469 4335 1660 4380 mma
1686 4323 1746 4379 et
1770 4316 2085 4381 indictione
2101 4318 2467 4399 γνώω-ἐμεῦ.

599 4579 672 4651 (4)
709 4579 801 4639 Sic
822 4581 880 4639 in
910 4582 1142 4643 rubricis
1166 4584 1443 4656 codicum
1479 4583 1629 4658 quod
1662 4589 1720 4642 et
1752 4581 2095 4657 aptissimum
2121 4581 2422 4652 credimus,
2446 4581 2577 4640 dum
2604 4581 2708 4641 hoc
2743 4584 2861 4661 ipso
2893 4592 3136 4663 tempore
3169 4591 3345 4648 nuntii

529 4675 674 4750 regis
694 4674 1025 4737 Francorum
1045 4696 1146 4754 pro
1170 4697 1326 4756 pace,
1346 4682 1394 4739 si
1417 4695 1506 4739 res
1531 4680 1608 4739 ita
1629 4695 1692 4739 se
1715 4678 2017 4750 habuisset,
2039 4677 2431 4754 confirmanda,
2450 4679 2506 4738 in
2531 4680 2773 4741 Romana
2798 4683 2950 4742 curia
2978 4692 3342 4745 morarentur.
