4364 5738
555 504 761 568 lmtcr.
792 504 888 589 21
1442 506 1845 571 ms'rolua
1886 506 2478 572 melicurte&
3260 509 3384 576 m

795 635 1122 712 abuma,
1152 635 1745 703 deseruitiiaemltatis
1772 638 2170 724 11:oekaoe
2201 660 2332 703 eata
2366 649 2427 703 et
2461 640 2531 705 dc
2563 640 3385 725 crutioncmuipenfflu

795 745 935 809 coll.
958 745 1297 805 cumcodlc.
1323 745 1468 806 bibl.
1490 747 1690 809 Cesar.
1714 747 2119 832 Paris.,s0nds
2137 747 2915 828 Sciat-Germdn-Harlay,
2929 760 2997 812 11⁰
3011 759 3157 828 455,
3175 751 3205 812 1
3223 768 3385 830 pars.

800 884 881 897 -
896 849 1091 912 Fondr
1115 851 1528 925 Nom-Dama,
1559 862 1627 917 ι’
1651 862 1794 931 202,
1821 888 1903 900 -
1923 861 1982 916 et
2008 856 2141 916 cod.
2163 856 2565 952 ‘Mediomonn
2598 856 2942 935 Phlllipps.,
2963 864 3031 915 n⁰
3058 855 3263 934 8390.)

663 1011 1164 1086 Eridericus..
1213 1064 1646 1088 ......
1688 1066 1830 1089 ...
1871 1015 2020 1108 tegi
2069 1014 2685 1107 Ungarieillustri.
2729 1014 3388 1110 Quodadpublice

568 1134 820 1210 notitia
845 1136 1035 1210 tores
1059 1156 1204 1230 que
1225 1145 1385 1232 post
1410 1134 1790 1228 firmatam,
1822 1139 2096 1211 utinam
2123 1137 2529 1212 melioribus
2550 1137 2903 1233 auspiciis,
2943 1159 3185 1233 pacem
3209 1137 3392 1212 inter

568 1281 704 1334 nos
731 1270 806 1335 et
826 1259 1213 1334 Ecclesiam
1248 1260 1721 1353 contigerunt,
1756 1261 2134 1334 insinuatio
2158 1271 2403 1335 nostra
2432 1283 2592 1335 sero
2621 1261 2991 1357 perduxit,
3026 1281 3243 1336 causa
3263 1260 3396 1335 tuit

570 1392 908 1459 tractatus
932 1383 1023 1457 de
1050 1386 1652 1458 consummatione
1678 1385 2060 1458 continuus
2085 1395 2161 1459 et
2191 1407 2462 1459 summa
2493 1368 2757 1458 fiducia
2785 1385 2877 1457 de
2921 1385 3175 1458 sununi
3222 1405 3393 1460 cou-

569 1509 825 1582 stantia
861 1508 1268 1583 sacerdotis.
1309 1508 1450 1582 Sed.
1491 1529 1627 1583 nec
1667 1509 1899 1581 minus
1941 1508 2083 1584 boc
2121 1510 2374 1583 calami
2414 1508 2634 1584 nostri
2674 1508 3058 1584 retardavit
3093 1508 3398 1583 officium

570 1633 741 1708 dum
781 1632 997 1705 satius
1031 1633 1499 1706 credebamus
1530 1632 1663 1705 sub
1698 1632 2040 1729 ylaritatis
2076 1655 2203 1729 spe
2240 1646 2409 1707 vota
2443 1643 2682 1706 nostra
2719 1631 3145 1729 suspendere
3185 1652 3398 1727 quam

570 1755 761 1852 quod
793 1765 1208 1852 conceptam
1243 1757 1334 1829 de
1379 1777 1555 1852 pace
1590 1757 1884 1829 letitiam
1924 1756 2411 1830 amaritudinis
2446 1756 2744 1831 nuncius
2788 1764 3190 1852 occuparet.
3224 1755 3401 1842 Quia

572 1890 809 1955 tamen
832 1901 960 1976 pro
986 1879 1454 1952 taciturnitate
1477 1879 1771 1972 ulterius
1802 1880 2219 1952 obumbrare
2243 1902 2386 1952 nou
2410 1901 2783 1978 possumus
2798 1878 2991 1972 quod
3018 1880 3402 1953 tacentibus

572 2004 902 2080 omnibus
939 2025 1172 2075 rerum
1213 2004 1523 2098 ipsarum
1565 2002 1919 2077 evidentia
1970 2003 2280 2096 loquitur
2323 2012 2396 2078 et
2433 2002 2875 2076 dissimulare
2910 2003 3176 2077 diutius
3219 2005 3404 2077 fama

574 2128 990 2225 preambula
1007 2148 1150 2198 non
1177 2127 1546 2222 perflauit,
1570 2127 1735 2200 ecce
1760 2126 1954 2219 quod
1978 2126 2294 2199 veritatis
2320 2126 2481 2199 stilo
2502 2126 2961 2200 describimus
2983 2126 3204 2220 quod,
3226 2135 3401 2199 teme

580 2251 865 2325 testium
887 2250 1201 2324 omnium
1235 2251 1496 2346 primo,
1528 2250 1586 2323 si
1615 2260 1892 2345 tempus
1924 2260 1998 2323 et
2024 2271 2242 2322 causa
2276 2249 2790 2346 permitterent,
2830 2250 3043 2324 valde
3081 2248 3406 2323 libentius

578 2386 1000 2450 taceremus.
1023 2375 1271 2446 Pareat
1292 2374 1504 2466 igitur
1525 2373 1730 2447 nobis
1752 2374 2141 2447 communis
2171 2373 2453 2447 auditus
2480 2384 2554 2446 et
2581 2384 2815 2448 vester
2845 2374 2909 2446 si
2935 2395 3144 2447 cause
3170 2382 3407 2448 nostre

570 2500 922 2594 justiciam
948 2498 1286 2594 prescribi
1315 2498 1649 2593 temporis
1674 2497 1900 2593 spatio
1927 2520 2072 2571 non
2100 2498 2441 2589 sinerum,
2465 2498 2833 2593 presertim
2857 2521 3025 2570 cum
3051 2519 3141 2572 eo
3164 2520 3239 2572 se
3265 2518 3407 2574 uon

578 2624 892 2722 porrigat
914 2633 1152 2696 nostre
1178 2623 1562 2696 voluntatis
1579 2622 1872 2695 intentio
1894 2622 2010 2694 vel
2043 2623 2385 2718 scripture
2407 2622 2599 2716 quod
2632 2622 2968 2715 derogare
2998 2623 3409 2717 mjmquam

581 2751 766 2821 fame
796 2748 911 2820 vel
936 2725 1078 2840 juri
1111 2769 1239 2842 per
1270 2745 1721 2819 detractionis
1756 2744 2163 2839 obloquium
2201 2746 2670 2817 intendamus.
2702 2747 2790 2819 Et
2824 2745 2928 2818 sic
2971 2744 3412 2840 presentihoe

581 2872 828 2946 litteris
855 2872 1326 2944 innocentiam
1356 2881 1667 2943 nostram
1691 2891 1995 2966 purgare
2021 2869 2318 2942 sufficiat
2341 2879 2423 2940 ut
2457 2871 2529 2940 in
2561 2869 2758 2942 nullo
2793 2891 3074 2965 prorsus
3104 2865 3413 2942 inficiant

584 2996 911 3068 alienam.
945 2996 1293 3080 Quantum
1327 3005 1562 3067 autem
1602 3005 1675 3066 et
1719 2994 2019 3088 qualiter
2048 2992 2140 3065 ad
2178 2992 2520 3088 presentis
2558 3016 2809 3087 guerre
2851 2993 3220 3066 discrimen
3257 3002 3412 3065 tan·

586 3140 799 3214 quam
821 3116 913 3189 ad
935 3118 1352 3190 occisionem
1377 3118 1527 3190 ovis
1546 3128 1616 3189 et
1640 3139 1863 3209 agnus
1887 3116 1979 3189 ad
1998 3117 2351 3190 victimam
2378 3118 2577 3189 tracti
2605 3140 2846 3189 sumus
2863 3118 3087 3209 inviti,
3108 3117 3414 3211 regalem

589 3241 1002 3315 industriam
1045 3250 1283 3313 nostre
1330 3241 1891 3312 mansuetudinis
1931 3240 2164 3313 littere
2204 3262 2370 3336 sepe
2420 3242 2657 3337 sepius
2698 3241 3132 3332 docuerunt3
3178 3239 3306 3314 sed
3346 3251 3417 3314 et

588 3365 995 3461 preteritum
1023 3364 1237 3436 animi
1263 3364 1481 3438 nostn‘
1507 3364 1940 3458 propositum
1965 3365 2407 3459 subsequens
2425 3365 2809 3438 voluntatis
2830 3365 3161 3437 indicium
3188 3363 3418 3437 decla-

590 3489 804 3581 ravit,
822 3489 990 3562 dnm
1014 3490 1289 3562 sublato
1317 3488 1407 3561 de
1437 3487 1671 3562 medio
1698 3488 2058 3581 quondan
2075 3488 2415 3581 Gregorio
2438 3510 2715 3560 summo
2734 3488 3063 3583 pontifice
3086 3511 3207 3584 qm
3187 3488 3420 3565 velut

593 3625 882 3710 paterne
919 3613 1362 3688 dilectionis
1343 3633 1627 3706 ignarus
1655 3612 1733 3686 in
1755 3609 1975 3686 filium
2001 3614 2376 3687 victricans
2405 3613 2575 3685 tanti
2613 3612 3031 3686 discnminis
3063 3612 3258 3706 origo
3290 3613 3421 3685 fuit

595 3750 931 3831 etcausa.²
965 3749 1037 3811 et
1074 3749 1312 3811 tanea
1340 3737 1832 3834 preteritarum
1871 3737 2134 3810 irarum
2173 3736 2438 3811 nedum
2476 3736 2678 3809 obliti
2711 3734 2904 3809 filiali
2943 3736 3419 3831 compassione

594 3886 840 3940 sums
869 3863 1284 3937 viduitatem
1311 3862 1617 3937 Ecclesia
1650 3861 2041 3958 prosecuti,
2072 3883 2329 3936 verum
2369 3861 2578 3934 etiam
2613 3860 2707 3933 ad
2747 3859 3262 3934 restituendum
3290 3861 3423 3936 sihi

596 3989 762 4062 novi
797 3989 1033 4085 sponsi
1067 3989 1403 4062 solacium
1434 4008 1648 4082 opera
1681 3997 1753 4059 et
1783 4008 2068 4083 operam
2100 3986 2422 4060 dedimus
2460 3985 2840 4076 efficacem,
2872 3993 3229 4080 stuporem
3259 4007 3422 4060 seae-

599 4112 787 4184 sibus
811 4112 1177 4184 hominum
1213 4111 1623 4183 inducentes
1654 4110 1775 4203 qui
1807 4109 2234 4183 desiderium
2267 4116 2583 4179 nostrum
2614 4107 2686 4178 in
2721 4107 3068 4180 erectione
3096 4109 3262 4180 novi
3291 4131 3425 4205 pu-

604 4236 762 4327 gilis
791 4236 1169 4309 admodum
1190 4236 1645 4307 mirabantur.
1667 4234 1991 4327 Angebat
2017 4244 2250 4306 tamen
2280 4253 2409 4304 nos
2432 4231 2845 4303 universalis
2863 4233 3028 4304 mali
3044 4235 3428 4329 compassio

605 4367 676 4433 et
703 4361 1038 4456 premissa
1068 4360 1270 4431 nobis
1300 4358 1692 4430 indubitata
1720 4355 1975 4430 fiducia
2013 4358 2103 4429 de
2144 4354 2631 4428 substituendo
2663 4366 2939 4452 pastore
2973 4355 3261 4453 pacifico
3301 4358 3429 4430 de-

606 4480 932 4573 lectabat,
967 4492 1254 4578 propter
1277 4480 1468 4576 quod
1504 4480 1686 4553 sicut
1713 4476 2299 4574 magnificentiam
2331 4478 2596 4571 regiam
2626 4479 2974 4553 credimus
3002 4502 3147 4555 non
3179 4482 3424 4572 latere,

606 4617 879 4678 nostros
907 4606 1367 4678 reseravimus
1397 4625 1713 4677 carceres
1741 4624 1919 4697 quos
1947 4601 2019 4673 in
2055 4601 2550 4677 exterminium
2586 4614 2901 4677 nostrum
2936 4615 3194 4679 temere
3231 4606 3431 4678 navi-
