4364 5738
579 588 780 648 iunior.
810 586 904 663 4.]
1486 581 1880 644 HISTORIA
1933 582 2528 646 DIPLOMATICA.
3288 582 3412 643 443

675 723 992 795 Delectat
1026 741 1155 792 nos
1195 717 1396 792 vobis
1441 718 1532 790 de
1569 729 1803 793 nostre
1846 719 2290 793 felicitatibus
2334 720 2703 793 eventibus
2745 740 2929 793 nova
2976 717 3408 810 describere,

579 867 756 939 quos
785 846 1005 919 multe
1038 841 1203 916 fidei
1235 841 1592 936 multeque
1627 843 2020 917 devotionis
2051 844 2479 940 preclaritas,
2517 843 2695 917 sicut
2715 842 3006 916 firmiter
3031 843 3409 934 credimus,

579 969 826 1042 avidos
858 977 1095 1041 nostre
1125 966 1601 1062 prosperitatis
1626 966 1839 1040 efficit
1868 968 2245 1071 auditores
2276 968 2458 1040 Dum
2487 963 2682 1040 enim‘
2701 968 3159 1061 gratitudines
3189 967 3407 1039 servi-

585 1091 837 1165 tiorum
881 1093 1317 1180 innumeras,
1356 1111 1530 1183 quas
1579 1091 1846 1164 dudum
1887 1094 2074 1165 clare
2126 1092 2460 1165 memorie
2506 1091 2788 1164 domino
2833 1090 3131 1185 genitori
3173 1102 3410 1164 nostro

583 1226 970 1311 prestantes
1014 1224 1416 1288 constanter
1450 1213 1521 1284 in
1564 1212 1782 1287 filium
1826 1217 2298 1308 transtulistiS,
2335 1214 2705 1309 diligenter
2735 1214 3162 1287 advertimus
3183 1268 3203 1306 ,
3240 1215 3410 1288 dum

584 1341 1017 1413 voluntatem
1061 1348 1399 1428 vestram,
1449 1359 1658 1433 quam
1704 1349 1928 1411 mater
1983 1349 2054 1411 et
2094 1339 2380 1412 alumna
2419 1336 2717 1410 fidelitas
2756 1359 3031 1433 semper
3072 1338 3410 1411 hactenus

584 1463 894 1538 servavit
921 1463 1212 1551 illesam,
1243 1461 1532 1535 memori
1567 1463 2016 1537 meditatione
2052 1485 2454 1559 pensamus)
2497 1461 2792 1534 libenter
2818 1461 3178 1534 vobiscum
3205 1463 3407 1535 fami·

587 1587 786 1660 liaria
807 1597 1027 1660 status
1061 1585 1278 1659 nostri
1305 1585 1520 1657 verba
1553 1586 2000 1675 conferimus,
2021 1607 2184 1658 cum
2212 1586 2467 1680 quibus
2493 1585 2791 1658 libenter
2821 1585 3030 1659 etiam
3065 1586 3412 1680 quoslibet

590 1710 1063 1805 prosperitatis
1109 1719 1343 1781 nostre
1385 1729 1744 1781 successus
1781 1710 2292 1806 presentialiter
2338 1709 2785 1805 partiremur.
2817 1709 3162 1783 Noveritis
3201 1710 3412 1805 igitur

587 1834 779 1927 quod
807 1834 1042 1907 divina
1068 1834 1344 1905 favente
1376 1832 1597 1925 gratia
1616 1885 1635 1922 ,
1671 1853 1810 1925 que
1842 1854 2119 1929 semper
2152 1833 2388 1927 dirigit
2416 1855 2693 1926 gressus
2725 1844 3034 1925 nostros,
3064 1834 3412 1930 sospitatis

586 1978 920 2053 corporee
982 1956 1220 2029 votivo
1276 1953 1615 2028 beneficio
1679 1956 2007 2048 fruimur,
2058 1967 2129 2029 et
2176 1956 2599 2030 conculcatis
2652 1956 2962 2050 undique
3015 1957 3411 2032 rebellionis

585 2082 985 2172 obstaculis,
1016 2103 1156 2175 que
1188 2080 1456 2153 dudum
1490 2080 1841 2173 incognito
1891 2080 2199 2176 potentie
2246 2091 2482 2155 nostre
2527 2079 2811 2153 brachio
2852 2082 3189 2178 palpitare
3229 2103 3405 2176 quo·

589 2205 963 2278 dammodo
1014 2205 1469 2294 videbantur,
1526 2203 1594 2275 in
1648 2225 1866 2297 regno
1917 2213 2155 2276 nostro
2218 2203 2448 2275 Sicilie
2496 2214 2817 2299 potenter
2872 2205 3402 2301 triumphamus.

588 2329 845 2401 Verum
878 2350 1275 2422 quanquam
1311 2349 1489 2423 opus
1524 2327 1735 2399 armis
1774 2328 1922 2399 fore
1939 2324 2043 2424 (a)
2061 2326 2151 2399 de
2186 2337 2422 2400 cetero
2455 2325 2968 2419 magnificentia
2997 2339 3232 2401 nostra
3268 2351 3410 2403 non

591 2452 831 2524 credat
848 2505 868 2539 ,
918 2452 1087 2525 dum
1125 2449 1451 2523 fidelibus
1496 2451 1749 2523 nostris
1795 2449 2166 2542 regnicolis
2185 2504 2205 2542 ‚
2256 2450 2654 2523 omnimoda
2702 2471 2874 2545 pace
2914 2450 3406 2544 gaudentihu8‚

593 2578 743 2650 solo
776 2577 991 2648 verbo
1026 2584 1277 2647 cuncta
1313 2573 1782 2668 disponimuS‚
1833 2584 1906 2647 et
1953 2575 2141 2647 solus
2184 2584 2397 2646 nutus
2444 2573 2738 2669 imperat
2779 2584 2850 2647 et
2890 2576 3069 2668 gerit
3110 2575 3412 2648 officium

594 2700 982 2793 gladiorum
1003 2752 1023 2788 ,
1073 2698 1521 2771 nihilominus
1567 2706 1798 2769 tamen
1840 2720 1981 2771 non
2031 2698 2131 2770 sic
2185 2698 2338 2770 ocio
2386 2697 2777 2770 vacandum
2829 2699 2977 2771 fore
3019 2720 3409 2792 censemus,

594 2824 762 2917 quin
805 2823 1185 2919 potentiam
1230 2832 1538 2896 nostram
1583 2832 1764 2894 terre
1810 2822 2157 2918 marisque
2200 2821 2463 2894 viribus
2502 2822 2830 2894 continue
2872 2823 3299 2916 muniamuS,
3337 2834 3417 2899 ut

598 2971 721 3044 per
751 2948 886 3021 hoc
913 2949 1120 3021 etiam
1148 2947 1485 3041 acquisita
1517 2947 1859 3043 possimus
1892 2948 1961 3018 in
1995 2945 2282 3018 brachio
2311 2946 2617 3040 potentie
2648 2955 2882 3018 nostre
2911 2946 3313 3038 defendere,
3346 2958 3419 3021 et

595 3075 779 3146 circa
816 3083 1048 3169 partes
1077 3073 1295 3160 Italic,
1335 3072 1424 3145 de
1457 3074 1658 3165 cujus
1688 3072 1995 3166 negociis
2031 3072 2327 3164 diligens
2368 3092 2496 3144 nos
2530 3092 2698 3143 cura
2729 3072 3085 3163 sollicitat,
3120 3072 3417 3146 habilius

596 3195 961 3270 intendere
991 3195 1371 3267 valeamuS.

707 3705 945 3789 ludex
980 3705 1204 3813 Hugo
1243 3705 1340 3786 de
1384 3704 1628 3787 Sarno
1667 3713 1993 3787 statutus
2040 3730 2269 3814 super
2320 3704 2735 3808 demaniiS‚
2775 3706 3143 3789 revocatis
3178 3716 3253 3786 et
3296 3731 3419 3788 ec-

601 3838 848 3921 clesiis
884 3838 1329 3922 vacantibus
1365 3838 1835 3946 Principatus
1877 3849 1951 3920 et
1985 3849 2229 3922 terrae
2262 3839 2869 3945 Beneventanae,
2911 3840 3008 3921 de
3053 3840 3416 3923 mandato

602 3971 964 4054 Johannis
1027 3970 1312 4055 Moreni
1385 3970 1732 4081 magistri
1801 3972 2314 4081 procuratoris
2382 3972 2635 4053 curiae
2699 3971 2779 4052 in
2850 3970 3281 4079 Principatu
3343 3982 3418 4054 et

605 4106 838 4188 Terra
891 4105 1241 4210 LaboriS,
1300 4105 1555 4217 vigore
1618 4107 1959 4189 mandati
2020 4105 2431 4215 imperialis
2484 4104 2704 4215 cujus
2759 4115 2978 4188 tenor
3025 4104 3410 4215 inseritur,

606 4239 965 4347 praecipit
1009 4238 1355 4321 stalleriis
1390 4251 1801 4346 proventus
1836 4254 2080 4322 terrae
2116 4238 2475 4322 Rohberti
2525 4238 2622 4320 de
2679 4237 2962 4321 Gaiano
3010 4240 3417 4348 proditoris

606 4396 703 4453 ne
745 4397 792 4452 a
839 4371 1087 4480 priore
1132 4382 1207 4453 et
1257 4371 1697 4455 hominibus
1752 4370 2110 4453 ecclesiae
2164 4371 2418 4452 Sancti
2480 4369 2710 4452 Blasii
2761 4371 2857 4452 de
2916 4370 3168 4454 Salvia
3221 4400 3420 4481 quae

607 4502 1066 4585 monasterio
1096 4503 1409 4586 Cavensi
1448 4503 1750 4586 subdita
1793 4515 1938 4610 est,
1980 4527 2215 4584 unam
2254 4526 2499 4609 suem,
2535 4528 2776 4585 unum
2805 4503 3146 4610 arietem,
3184 4531 3418 4587 unam

690 4691 772 4763 (a)
817 4688 889 4751 In
924 4691 1206 4766 impresso
1223 4690 1404 4769 forte.

3585 3721 3712 3778 Apud

3542 3776 3755 3872 {ffssm‘m

3515 3880 3572 3923 de
3589 3883 3788 3931 Olivula.

3551 3933 3602 3978 st
3619 3935 3743 3989 julli.
