4364 5738
535 504 738 562 lxmc‘r.
776 503 864 579 l.]
1439 497 1839 560 HISTORIA
1892 497 2479 559 mPLOMA'rch.
3248 499 3359 558 117

535 638 827 707 fratrum
873 635 1236 728 hospitalis
1297 634 1530 705 Sancti
1577 633 1910 705 Iohannis
1945 633 2524 705 Hierosolimitani
2574 643 2968 705 nostrorum
3013 631 3356 721 fidelium,

535 770 771 832 nostre
808 759 1203 831 celsitudini
1250 758 1666 851 supplicavit
1709 768 1788 828 ut
1823 769 2125 829 castrum
2167 757 2509 828 Ascalone
2551 779 2709 828 cum
2747 758 3182 852 pertinentiis
3220 760 3362 830 suis

539 904 781 954 eorum
819 903 985 953 cure
1036 893 1105 953 et
1138 881 1452 952 custodie
1498 881 1932 952 committere
1964 881 2441 971 dignaremur,
2480 890 2552 951 et
2584 882 2790 952 utiles
2830 891 2901 953 et
2938 883 3362 954 necessarias

540 1027 884 1100 expensas
923 1025 1100 1099 quas
1147 1006 1411 1076 faciunt
1442 1002 1545 1100 (a)
1595 1026 1725 1099 pro
1766 1004 2081 1076 custodia
2116 1004 2324 1075 castri
2366 1004 2714 1096 ejusdem,
2760 1005 3026 1076 restitui
3068 1005 3357 1078 manda-

538 1151 772 1201 remus
811 1129 1098 1201 eisdem.
1141 1130 1282 1199 Nos
1315 1136 1551 1199 autem
1586 1127 1675 1199 de
1711 1125 1852 1199 fide
1889 1137 1961 1197 et
1996 1128 2368 1200 devotione
2404 1128 2710 1221 ipsorum
2752 1129 2871 1221 qui
2914 1138 3110 1221 grata
3160 1131 3361 1202 nobis

539 1253 874 1346 obsequia
902 1252 1239 1324 exhibere
1272 1262 1652 1346 procurant
1693 1251 1764 1321 in
1800 1252 2114 1346 partibus
2157 1251 2657 1342 transmariniS,
2685 1262 3005 1343 gerentes
3035 1250 3361 1325 fiduciam

539 1376 946 1471 specialem,
1006 1376 1312 1469 ipsorum
1375 1375 1996 1470 supplicationibus
2055 1374 2524 1446 favorabiliter
2575 1374 2886 1445 inclinati
2953 1376 3212 1447 Thome
3272 1377 3361 1448 de

539 1480 816 1592 Aquino
847 1499 1045 1590 regni
1078 1498 1655 1570 lherosolimitani
1688 1498 1874 1571 balio
1907 1508 1977 1568 et
2018 1497 2194 1569 sacri
2235 1497 2509 1591 imperii
2549 1497 2619 1566 in
2666 1498 2977 1591 partibus
3018 1508 3359 1570 transma-

539 1622 709 1692 rinis
736 1624 966 1714 legato
989 1620 1125 1718 (l),
1149 1623 1405 1694 dilecto
1435 1620 1624 1693 fideli
1657 1631 1918 1708 nostro,
1955 1621 2203 1692 damus
2241 1621 2496 1692 nostris
2525 1621 2770 1692 litteris
2800 1620 2868 1690 in
2916 1622 3258 1692 mandatis
3285 1633 3365 1693 ut

540 1754 799 1819 statuto
830 1768 958 1841 pro
995 1746 1195 1817 eisin
1229 1754 1457 1817 castro
1493 1745 1808 1839 predicto
1838 1745 2070 1838 aliquo
2102 1746 2255 1816 viro
2291 1745 2545 1816 idoneo
2585 1755 2655 1816 et
2698 1744 2885 1816 fideli
2929 1747 3043 1815 vel
3090 1747 3363 1817 duobus

539 1869 631 1940 ad
668 1869 804 1940 hoc
836 1870 1110 1940 statutis
1137 1869 1193 1938 si
1222 1868 1578 1940 videbitur
1606 1867 1969 1960 expedire,
2003 1868 2092 1939 de
2137 1889 2433 1960 quorum
2471 1867 2608 1939 fide
2642 1853 2713 1938 et
2744 1868 3083 1939 industria
3116 1871 3363 1941 merito

537 1993 749 2086 plene
781 1990 1114 2078 confidat,
1152 1992 1274 2083 qui
1325 1991 1549 2062 sciant
1579 2002 1650 2061 et
1678 1991 1967 2063 videant
2003 2012 2347 2085 expensas
2388 1991 2594 2062 utiles
2630 2001 2701 2061 et
2736 1993 3157 2063 necessarias
3187 2016 3362 2085 quas

538 2136 669 2209 per
702 2115 984 2186 eosdem
1019 2114 1424 2206 magistrum
1462 2123 1533 2185 et
1574 2115 1821 2185 fratres
1856 2112 2006 2184 fieri
2038 2114 2394 2206 continget
2424 2135 2553 2208 pro
2598 2115 2910 2186 custodia
2952 2115 3113 2186 dicti
3158 2118 3362 2188 castri

542 2238 760 2331 etqui
795 2238 1163 2331 diligenter
1204 2238 1557 2332 inquirant
1582 2246 1653 2309 et
1688 2238 1910 2309 sciant
1939 2249 2318 2332 proventus
2345 2259 2588 2310 omnes
2632 2239 2724 2309 ad
2760 2238 3020 2309 curiam
3055 2249 3360 2311 nostram

541 2372 933 2455 spectantes
966 2362 1037 2431 in
1069 2369 1297 2433 castro
1333 2361 1672 2456 predicto,
1701 2370 1782 2432 ut
1811 2371 2300 2455 compensetur
2324 2372 2786 2456 proventuum
2816 2361 3121 2456 ipsorum
3149 2385 3366 2455 quan-

543 2486 700 2555 titas
735 2507 894 2557 cum
931 2484 1295 2579 expensis,
1328 2484 1514 2557 idem
1548 2506 1783 2556 comes
1814 2505 1944 2579 pro
1985 2497 2180 2578 parte
2213 2485 2533 2556 culminis
2576 2485 2790 2556 nostri
2827 2506 3065 2556 curam
3102 2496 3174 2557 et
3202 2509 3363 2557 cus-

546 2608 801 2680 todiam
843 2609 1008 2681 dicti
1048 2609 1253 2680 castri
1305 2609 1645 2680 Ascalone
1682 2630 1843 2680 cum
1886 2608 2316 2701 pertinentiis
2356 2608 2499 2679 suis
2540 2609 2867 2700 magistro
2918 2620 2989 2679 et
3036 2609 3362 2681 fratribus

544 2732 956 2826 supradictis
1012 2731 1337 2805 fidelibus
1392 2732 1647 2804 nostris
1708 2732 2092 2803 committat
2139 2753 2362 2823 usque
2414 2731 2508 2802 ad
2559 2744 2793 2802 nostre
2851 2733 3359 2825 beneplacitum

545 2856 954 2948 majestatis3
1000 2856 1095 2928 ita
1141 2856 1468 2929 videlicet
1508 2855 1701 2950 quod
1744 2856 1836 2927 ad
1879 2853 2401 2949 requisitionem
2443 2863 2746 2926 nostram
2794 2877 2917 2926 seu
2959 2854 3192 2928 dilecti
3237 2854 3359 2928 filii

542 2979 762 3050 nostri
794 2979 1085 3052 Conradi
1119 2980 1190 3050 in
1223 2981 1693 3052 Romanorum
1732 3001 1970 3071 regem
2003 2979 2240 3068 electi,
2275 2999 2549 3073 semper
2578 2979 2855 3070 augusti
2879 2988 2950 3050 et
2975 2978 3169 3070 regni
3195 2979 3358 3050 Hie·

543 3101 997 3174 rosolimitani
1034 3102 1311 3174 heredis
1355 3124 1479 3174 seu
1524 3102 1860 3174 heredum
1894 3124 1978 3174 ac
2023 3102 2425 3196 specialium
2474 3103 2874 3176 nuntiorum
2921 3112 3349 3191 nostrorum,

543 3224 932 3318 predictum
973 3233 1275 3296 castrum
1329 3226 1734 3297 necessariis
1775 3237 1846 3297 et
1884 3226 2167 3297 utilibus
2204 3246 2247 3297 a
2279 3227 2479 3298 nobis
2525 3228 2640 3297 vel
2691 3226 3065 3297 heredibus
3106 3226 3358 3299 nostris

544 3347 804 3418 eisdem
858 3348 1190 3419 restitutis
1246 3348 1608 3443 expensiS,
1676 3349 1824 3419 sine
1879 3348 2210 3421 dilatione
2256 3350 2564 3442 qualibet
2616 3349 2918 3420 debeant
2973 3351 3348 3442 resignare.

542 3471 799 3540 Verum
838 3470 930 3560 si,
970 3471 1160 3561 quod
1201 3472 1414 3559 absit,
1463 3472 1803 3564 majorum
1843 3472 2104 3565 impetu
2140 3473 2392 3543 virium
2430 3474 2541 3544 vel
2584 3475 2788 3564 longe
2828 3474 3206 3544 obsidionis
3245 3473 3352 3542 in-

544 3594 793 3664 stantia
848 3594 1309 3688 hospitalariis
1369 3594 1599 3665 locum
1658 3595 2130 3666 munientibus
2177 3605 2250 3667 et
2293 3595 2839 3668 custodientibus
2894 3595 3155 3667 dictum
3200 3615 3354 3665 cas·

546 3726 729 3787 trum
771 3718 998 3811 ipsum
1041 3718 1262 3790 amitti
1308 3718 1782 3810 contingeret,
1819 3718 1916 3789 ita
1961 3720 2150 3811 quod
2197 3720 2267 3791 in
2316 3720 2415 3791 eis
2456 3719 2693 3807 doluS‚
2725 3719 2929 3812 culpa
2969 3719 3201 3811 aliqua
3241 3719 3354 3788 vel

545 3841 964 3934 negligentia
1000 3842 1226 3914 notari
1263 3862 1405 3914 non
1435 3851 1706 3937 posset,
1756 3842 2205 3914 nihilominus
2248 3844 2596 3938 predictas
2642 3862 2984 3936 expensas
3037 3841 3242 3911 utiles
3286 3851 3355 3912 et

628 4045 709 4124 (a)
750 4047 849 4109 Sic
879 4062 895 4106 ε
927 4045 1175 4107 forsitan
1195 4053 1395 4107 tamen
1424 4047 1739 4125 legendum
1748 4044 2002 4126 sacient.

619 4412 688 4487 (4)
724 4414 819 4471 Vir
840 4414 931 4472 ille
951 4415 1206 4473 Riccardo
1232 4415 1531 4487 Filangerio
1554 4416 1648 4489 qui
1669 4432 1704 4473 a
1727 4415 1950 4474 Venetis
1975 4430 2161 4472 mensa
2184 4414 2314 4485 julio
2340 4414 2478 4472 ⁴240
2501 4413 2676 4470 fuerat
2696 4414 2769 4486 Ty
2779 4428 2838 4470 ro
2865 4413 3118 4487 expulsus
3132 4457 3146 4484 ,
3174 4414 3229 4471 in
3253 4417 3354 4491 Sy·

547 4509 626 4566 ria
654 4518 1004 4582 successerat3
1029 4511 1364 4583 quiquidem
1385 4512 1618 4607 Thomas
1643 4527 1829 4569 mense
1861 4511 2013 4584 junio
2049 4511 2189 4567 ⁴242
2215 4509 2287 4566 ab
2311 4509 2457 4568 Italia
2492 4509 2547 4566 in
2579 4509 2854 4567 Orientem
2874 4509 2992 4568 vela
3019 4512 3279 4581 solverat,
3297 4521 3357 4570 ut

548 4621 645 4663 nos
674 4606 962 4665 Riccarduu
985 4608 1054 4664 de
1090 4609 1292 4666 Sancto
1317 4609 1586 4667 Germano
1613 4612 1816 4666 monet.
