4364 5738
1021 545 1137 606 174
2019 538 2448 602 ansstuct
2495 537 2847 601 SECUNDl
3457 536 3622 614 [Anu.
3661 536 3832 598 1244.

1018 677 1406 750 remittetur
1458 673 1560 745 eis
1604 671 1828 744 omnis
1881 670 2141 745 offensa
2190 694 2401 766 quam
2447 685 2686 768 postea
2738 670 3234 744 commiserunt
3270 678 3515 742 contra
3561 690 3725 744 eum
3774 679 3841 744 et

1018 800 1419 896 imperium3
1460 797 1551 869 de
1586 794 1866 871 offensis
1907 815 2077 869 vero
2119 796 2504 870 commissis
2548 807 2711 870 ante
2751 805 2977 869 ortam
3016 792 3433 868 discordiam
3471 792 3683 866 stabit
3712 793 3836 867 do·

1018 925 1246 998 minus
1270 922 1645 1017 imperator
1674 918 2053 1014 provisioni
2078 929 2149 991 et
2171 920 2592 995 ordinationi
2621 917 2882 993 domini
2910 937 3090 1014 pape
3119 926 3191 988 et
3215 918 3504 991 fratrum
3527 916 3839 991 faciende

1018 1048 1196 1119 infra
1232 1055 1504 1138 tempus
1535 1064 1577 1114 a
1612 1042 1897 1115 domino
1927 1064 2108 1139 papa
2134 1036 2655 1139 prefigendum3
2689 1041 2857 1138 ipsis
2884 1051 2958 1115 et
2985 1041 3310 1114 omnibus
3344 1040 3538 1113 dabit
3563 1041 3840 1136 plenam

1016 1191 1260 1265 pacem
1296 1191 1390 1241 ex
1420 1189 1633 1238 nunc.
1672 1168 1897 1261 Super
1951 1166 2323 1239 securitate
2374 1189 2543 1243 vero
2594 1168 2872 1240 illorum
2914 1165 3004 1238 de
3042 1165 3498 1240 Romandiola
3532 1164 3654 1257 qui
3686 1174 3842 1262 post

1017 1304 1242 1367 ortam
1274 1291 1694 1365 discordiam
1734 1290 2041 1362 Ecclesie
2081 1291 2513 1364 adheserunt
2547 1304 2619 1366 et
2649 1289 2987 1365 nobilium
3025 1289 3114 1363 de
3154 1288 3459 1362 Marchia
3489 1288 3843 1362 Tervisina

1019 1429 1090 1491 ct
1118 1415 1535 1488 marchionis
1569 1414 2060 1487 Montisferrati
2097 1425 2169 1487 et
2202 1415 2498 1487 aliorum
2538 1415 2879 1488 nobilium
2920 1413 3209 1506 ubique,
3244 1413 3342 1486 ita
3376 1412 3583 1486 saciet
3613 1412 3839 1486 domi·

1020 1563 1152 1612 nus
1184 1541 1559 1634 imperator
1589 1537 1915 1609 videlicet
1954 1538 2144 1630 quod
2173 1538 2468 1632 predicti
2501 1538 2770 1610 nobiles
2806 1537 2879 1610 in
2916 1536 3210 1633 propriis
3243 1536 3552 1631 personis
3582 1536 3717 1609 nisi
3751 1536 3843 1611 ad

1020 1663 1486 1759 provisionem
1520 1661 1784 1734 domini
1816 1683 2032 1758 pape,
2070 1661 2196 1734 sed
2223 1683 2352 1757 per
2381 1661 2791 1736 substitutos
2828 1660 3088 1734 servire
3124 1658 3408 1734 domino
3448 1659 3868 1756 imperatori.

1021 1786 1304 1858 minime
1348 1794 1740 1858 teneantur.
1774 1787 1852 1858 In
1889 1785 2232 1879 judicium
2274 1795 2508 1858 autem
2554 1785 2784 1860 vocati
2830 1807 2960 1880 per
3004 1784 3277 1858 nobiles
3320 1794 3393 1857 et
3435 1805 3642 1879 pares
3683 1804 3843 1857 suos

1020 1911 1330 2004 reliquos
1398 1909 1700 2003 regionis
1758 1908 2069 2002 ejusdem
2090 1961 2112 2001 ,
2168 1909 2323 1982 aliis
2381 1909 2880 1985 adherentibus
2926 1908 3232 1982 Ecclesie
3288 1929 3430 1982 non
3495 1908 3837 1998 exclusiS,

1020 2034 1323 2107 debeant
1345 2033 1668 2127 judicari.
1705 2034 1806 2106 De
1835 2033 2317 2128 personalibus
2345 2043 2417 2105 et
2449 2034 2751 2106 realibus
2776 2032 3165 2106 actionibus
3192 2032 3503 2127 impediti
3538 2041 3609 2103 et
3635 2032 3841 2104 etiam

1023 2159 1111 2232 de
1159 2158 1634 2231 criminalibus
1674 2157 1977 2231 accusati
2028 2157 2421 2252 specialiter
2459 2169 2694 2230 autem
2735 2156 2804 2228 in
2837 2156 3327 2248 Romandiola,
3376 2156 3468 2229 ad
3513 2157 3845 2249 majorem

1015 2283 1455 2355 securitatem
1508 2304 1749 2354 eorum
1792 2281 1911 2374 qui
1950 2281 2258 2354 Ecclesie
2305 2281 2768 2371 adheserunt,
2817 2290 3075 2354 statuet
3112 2279 3434 2353 dominus
3472 2279 3845 2375 imperator

1016 2408 1454 2501 capitaneum
1482 2405 1784 2497 aliquem
1818 2405 1908 2476 de
1943 2405 2227 2499 prelatis
2254 2405 2446 2477 Italie
2484 2406 2617 2478 sub
2647 2406 2848 2498 cujus
2878 2405 3094 2478 solius
3121 2403 3442 2477 examine
3477 2403 3846 2496 litigabunt

1014 2551 1239 2624 usque
1281 2528 1372 2600 ad
1412 2527 1926 2622 beneplacitum
1968 2527 2233 2600 domini
2275 2550 2455 2623 pape
2503 2539 2645 2602 tam
2691 2531 2763 2601 in
2807 2528 3127 2601 civilibus
3159 2549 3370 2621 quam
3402 2527 3476 2600 in
3520 2526 3840 2600 crimina·

1019 2654 1200 2724 libus
1232 2652 1483 2724 causis.
1523 2653 1610 2722 Et
1639 2651 1947 2747 prelatus
1976 2651 2123 2746 ipse
2163 2652 2459 2743 eligatur
2491 2652 2581 2724 de
2621 2674 2964 2725 consensu
2996 2651 3261 2727 domini
3296 2672 3476 2746 pape
3510 2651 3843 2744 quamdiu

1020 2774 1343 2846 dominus
1395 2795 1577 2872 papa
1619 2773 1951 2865 voluerit3
2006 2773 2426 2846 munitiones
2465 2785 2700 2847 autem
2754 2775 3069 2871 proprias
3109 2774 3431 2848 dominus
3470 2775 3843 2871 imperator

1021 2920 1144 2993 per
1194 2921 1369 2992 quos
1422 2900 1552 2971 sibi
1605 2900 1941 2993 placuerit
1998 2900 2207 2971 faciet
2255 2899 2620 2991 custodiri3
2685 2900 3109 2972 munitiones
3156 2921 3324 2972 vero
3374 2900 3842 2994 predictorum

1020 3044 1163 3095 non
1205 3023 1393 3095 ledet
1426 3024 1538 3095 vel
1581 3033 1818 3116 tanget
1853 3024 2000 3094 sive
2045 3045 2389 3097 consensu
2433 3027 2585 3116 ejus
2634 3025 2755 3117 qui
2804 3025 3179 3119 deputatus
3216 3023 3423 3097 suerit
3462 3044 3673 3119 super
3707 3022 3833 3095 his,

1022 3148 1158 3216 lllis
1199 3146 1405 3217 etiam
1453 3146 1542 3217 de
1591 3146 1896 3218 Marchia
1945 3147 2299 3218 Tervisina
2348 3147 2745 3242 providebit
2790 3148 3117 3221 dominus
3159 3148 3534 3242 imperator
3581 3147 3841 3242 capita·

1021 3290 1231 3341 neum
1271 3268 1385 3339 cui
1423 3269 1552 3340 soli
1595 3269 1900 3342 debeant
1929 3271 2353 3365 respondere
2382 3271 2479 3342 illi
2527 3270 2617 3361 de
2646 3271 2951 3344 Marchia
2991 3271 3346 3346 Tervisina
3385 3270 3506 3365 qui
3539 3272 3841 3346 Ecclesie

1023 3392 1470 3484 adheserunt,
1509 3391 1598 3463 de
1628 3414 1972 3464 consensu
2007 3394 2217 3466 unius
2250 3396 2536 3466 fratrum
2568 3417 2779 3488 quem
2807 3395 3130 3469 dominus
3162 3396 3536 3491 imperator
3562 3395 3846 3468 duxerit

1022 3515 1443 3607 eligendum.
1482 3516 1804 3610 Captivos
1837 3517 1907 3588 in
1945 3517 2159 3608 galeis
2193 3528 2433 3612 captos
2474 3539 2747 3591 necnon
2784 3540 3025 3592 omnes
3058 3520 3442 3608 Romanos,
3483 3521 3743 3592 Tuscos
3774 3527 3844 3590 et

1022 3640 1193 3710 alios
1221 3660 1462 3710 omnes
1490 3640 1802 3734 captivos
1829 3650 1987 3732 post
2023 3642 2234 3713 latam
2276 3642 2692 3712 sententiam
2734 3642 3469 3715 excommunicationis
3509 3643 3710 3735 cujus
3752 3641 3844 3714 ad

1023 3785 1310 3857 presens
1351 3763 1692 3833 absolutio
1737 3764 2026 3858 petitur,
2083 3764 2441 3856 liberabit3
2495 3775 2566 3837 et
2594 3767 2686 3838 ab
2730 3766 3052 3838 omnibus
3095 3766 3508 3857 juramentis
3552 3775 3623 3837 et
3665 3765 3841 3837 obli-

1020 3886 1415 3979 gationibus
1457 3886 1711 3978 quibus
1753 3880 2179 3978 oblig’assent
2209 3909 2284 3960 se
2326 3899 2484 3983 post
2535 3890 2966 3984 captionem,
3010 3890 3330 3963 absolvet
3377 3898 3518 3961 tam
3561 3908 3682 3962 eos
3725 3888 3843 3981 qui

1024 4012 1292 4083 liberati
1324 4020 1486 4082 sunt
1513 4033 1721 4105 quam
1747 4011 1867 4105 qui
1899 4021 2143 4108 postea
2171 4011 2679 4085 liberabuntur.
2715 4015 2803 4084 Et
2828 4035 3040 4108 super
3066 4012 3201 4086 hoc
3230 4013 3497 4085 litteras
3525 4033 3687 4084 suas
3716 4011 3842 4085 da-

1025 4135 1159 4224 bit,
1205 4134 1525 4206 fidelibus
1573 4136 1715 4208 suis
1756 4135 1874 4228 qui
1921 4137 2102 4232 capti
2150 4146 2314 4208 sunt
2357 4137 2618 4231 ubique
2655 4159 2782 4232 per
2820 4138 3221 4211 detentores
3260 4136 3557 4209 invicem
3594 4136 3845 4208 libera·-

1027 4269 1132 4329 tos
1194 4255 1320 4352 (a).
1376 4259 1648 4349 Eiectos
1716 4260 2078 4332 occasione
2144 4260 2487 4333 discordie
2547 4261 2766 4355 prime
2835 4261 2949 4333 vel
3002 4260 3309 4333 secunde
3366 4270 3505 4332 tam
3560 4234 3847 4332 clericos

1025 4401 1232 4473 quam
1266 4380 1477 4452 laicos
1509 4382 1732 4454 redire
1776 4386 2130 4483 permittet
2163 4384 2255 4456 ad
2301 4384 2579 4479 propria
2627 4395 2697 4455 et
2736 4384 2992 4457 ibidem
3037 4405 3280 4456 secure
3324 4404 3646 4470 manere,
3687 4403 3845 4477 pos-

1109 4641 1195 4721 (a)
1237 4642 1357 4716 Sic,
1395 4643 1638 4705 forsitan
1673 4647 1986 4726 legendum
2015 4646 2356 4710 liberandis.
