4364 5738
547 516 760 572 1811101.
799 512 885 588 1.]
1468 510 1859 571 HISTORIA
1913 512 2504 573 DIPLOMATICA.
3272 517 3378 575 111

561 647 866 736 Salsum,
906 646 1366 740 prudentibus
1408 647 1577 718 viris
1619 647 1963 738 magistris
2007 648 2364 720 foristeriis
2410 657 2482 721 et
2522 648 2860 740 forigeriis
2906 649 3077 720 citra
3124 649 3381 722 flumen

564 771 835 841 Salsum
897 770 1320 859 constitutis,
1380 781 1739 863 presentes
1783 771 2018 843 literas
2068 771 2484 866 inspecturis
2508 823 2528 860 ,
2583 771 2851 844 dilectis
2914 772 3150 845 amicis
3200 775 3380 864 81118,

562 896 855 965 salutem
906 901 976 964 et
1020 893 1462 965 dilectionem
1504 893 1872 964 sinceram.
1915 894 1976 964 A
2011 894 2294 966 domino
2337 904 2575 966 nostro
2607 895 3043 967 serenissimo
3083 896 3383 991 impera-

566 1026 712 1088 tore
746 1038 972 1111 nuper
999 1017 1384 1112 recepimus
1416 1038 1647 1088 sacras
1685 1018 1920 1089 literas
1945 1019 2025 1116 ,in
2057 1017 2190 1089 hac
2226 1020 2448 1090 forma
2479 1045 2497 1088 ε

656 1141 1078 1231 Fridericus,
1117 1150 1284 1229 etc.‚
1331 1141 1695 1213 Thomasio
1744 1143 1836 1214 de
1883 1144 2152 1214 Molisio
2173 1196 2193 1232 ,
2238 1152 2373 1214 etc.
2414 1144 2546 1214 Pro
2596 1154 2792 1237 parte
2852 1144 3210 1217 hominum
3251 1146 3381 1216 Pa-

562 1263 836 1336 nhormi
871 1274 1266 1336 nostrorum
1298 1262 1609 1336 fidelium
1643 1265 1771 1335 fuit
1795 1266 2208 1338 excellentie
2240 1276 2476 1337 nostre
2509 1266 2860 1337 humiliter
2891 1268 3381 1361 supplicatum,

563 1388 754 1479 quod
790 1409 951 1459 cum
983 1388 1148 1481 ipsis
1179 1387 1368 1478 ligna
1405 1387 1544 1458 sint
1571 1409 1697 1481 pro
1743 1388 1887 1460 suis
1921 1389 2164 1460 usibus
2200 1410 2342 1460 non
2383 1389 2734 1461 modicum
2767 1399 3197 1484 opportuna,
3235 1391 3384 1461 sine

565 1511 819 1582 damno
848 1521 920 1583 et
956 1510 1341 1605 prejudicio
1380 1512 1828 1583 venationum
1878 1519 2276 1584 nostrarum
2314 1512 2579 1584 eisdem
2627 1533 2831 1606 posse
2882 1514 3069 1605 ligna
3097 1514 3188 1585 ad
3218 1535 3385 1585 usus

567 1654 804 1707 eorum
843 1633 1151 1707 incidere
1193 1635 1283 1706 de
1323 1635 1546 1728 gratia
1585 1645 1822 1707 nostra
1866 1636 2386 1729 permittamus,
2426 1619 2876 1708 nihilominus
2922 1636 3385 1708 concedentes

567 1758 667 1828 eis
707 1779 911 1852 posse
955 1759 1027 1828 in
1070 1758 1385 1830 cannetis
1427 1759 1579 1829 fuse
1625 1780 1885 1829 cannas
1935 1759 2242 1830 incidere
2297 1760 2386 1830 de
2440 1759 2662 1849 gratia
2708 1768 2947 1830 nostra
2992 1781 3119 1853 pro
3165 1760 3387 1830 vineis

566 1882 999 1954 eorumdem.
1044 1883 1188 1953 Nos
1231 1891 1466 1954 autem
1507 1882 1815 1975 ipsorum
1858 1882 2481 1975 supplicationibus
2527 1882 2872 1970 inclinati,
2914 1891 3029 1952 tue
3074 1881 3385 1954 fidelitati

565 2006 979 2077 mandamus
1029 2014 1375 2097 quatenus
1433 2004 1621 2099 ipsos
1677 2005 1864 2099 apud
1910 2004 2391 2094 Goderanum,
2450 2016 2893 2099 preterquam
2938 2007 3008 2076 in
3060 2007 3269 2099 plano
3316 2018 3387 2078 et

567 2128 756 2223 apud
792 2129 1082 2199 Parcum
1123 2128 1486 2217 Veterem,
1528 2128 1585 2198 si
1627 2127 1727 2198 018
1764 2127 2143 2216 sufficiant,
2195 2127 2502 2222 alioquin
2544 2150 2671 2221 per
2724 2128 2857 2198 alia
2900 2128 3083 2217 loca,
3124 2130 3386 2221 absque

566 2251 754 2323 omni
816 2251 1072 2323 damno
1124 2251 1574 2321 venationum
1623 2260 1694 2322 et
1750 2250 2152 2322 solatiorum
2213 2261 2644 2338 nostrorum,
2699 2251 2882 2342 ligna
2938 2251 3241 2322 incidere
3296 2253 3387 2324 ad

566 2397 730 2446 usus
767 2396 1007 2446 eorum
1047 2374 1439 2467 permittas3
1479 2395 1742 2446 cannas
1776 2374 1983 2445 etiam
2019 2375 2092 2445 111
2125 2375 2436 2446 cannetis
2469 2375 2733 2446 Cassari
2770 2374 2980 2446 incidi
3014 2397 3139 2469 pro
3165 2376 3384 2446 vineis

567 2520 805 2571 eorum
861 2500 1261 2593 permittaS,
1336 2499 1516 2569 sicut
1578 2498 1808 2569 extitit
1868 2499 2251 2592 antiquitus
2316 2508 2750 2570 consuetum.
2809 2497 3386 2590 Significaverunt

567 2634 807 2716 postea
846 2624 1037 2715 quod
1086 2644 1245 2695 cum
1301 2621 1623 2693 foristerii
1673 2622 1891 2692 nostri
1940 2622 2028 2694 de
2075 2622 2470 2693 Panhormo
2517 2642 2556 2691 a
2602 2621 2909 2693 collectis
2957 2633 3029 2694 01
3077 2623 3385 2694 exactio·

566 2746 768 2818 nibus
798 2747 1221 2834 eximantur,
1259 2745 1426 2839 ipsis
1466 2767 1677 2840 super
1709 2745 1815 2815 his
1848 2745 2175 2836 dignetur
2217 2753 2452 2815 nostra
2484 2744 2954 2816 misericordia
2986 2745 3376 2838 providere.

567 2868 793 2953 Quare
844 2869 966 2942 tibi
1016 2868 1429 2940 mandamus
1474 2868 1800 2962 quatinus
1841 2867 1929 2941 de
1979 2868 2145 2963 ipsis
2182 2868 2541 2940 foristeriis
2581 2868 2790 2940 facias
2831 2868 3008 2940 sicut
3048 2892 3174 2964 per
3220 2892 3383 2941 nos-

555 2970 746 3064 tram
782 2993 1044 3064 curiam
1086 3003 1191 3065 est
1228 3003 1583 3064 statutum.
1637 2994 1861 3065 Boves
1903 2992 2110 3064 etiam
2160 3013 2400 3063 eorum
2450 2992 2746 3064 domitos
2793 2993 2949 3063 sine.
2986 2993 3274 3064 canibus
3314 3005 3384 3065 et

569 3116 927 3210 campanis
971 3114 1041 3185 in
1087 3115 1257 3187 locis
1297 3116 1417 3186 ubi
1469 3116 1771 3209 spissure
1826 3137 1967 3188 non
2022 3126 2219 3205 811111,
2271 3137 2398 3210 per
2448 3136 2688 3188 eorum
2736 3117 3059 3188 custodes
3107 3117 3267 3189 duci
3315 3129 3383 3188 et

567 3237 759 3332 pasci
797 3237 1192 3332 permittaS,
1226 3236 1395 3308 dum
1432 3247 1664 3308 tamen
1696 3230 1786 3308 ab
1821 3238 2011 3309 omni
2050 3238 2280 3332 specie
2317 3248 2389 3310 et
2419 3238 2700 3330 ingenio
2734 3248 2805 3310 et
2836 3239 3044 3311 modo
3080 3239 3382 3312 venandi

570 3363 997 3451 abstineant,
1035 3370 1106 3433 et
1159 3360 1451 3452 quilibet
1501 3382 1663 3432 suos
1717 3362 2088 3454 separatim
2137 3363 2386 3453 ducat,
2422 3363 2519 3433 ita
2559 3363 2750 3455 quod
2796 3384 2935 3436 non
2982 3364 3267 3437 veniant
3310 3365 3381 3434 in

570 3495 985 3559 armentum.

666 3612 918 3681 Datum
964 3610 1037 3680 in
1077 3610 1340 3704 campis
1376 3630 1591 3704 prope
1630 3608 1876 3682 Gualdi
1916 3612 2102 3684 Melf.
2142 3609 2277 3705 (⁴),
2314 3610 2501 3681 XXII
2541 3608 2849 3699 augusti,
2892 3610 3112 3703 prime
3159 3610 3378 3682 indic-

574 3733 799 3806 tionis,
1227 3742 1230 3743 ⁷

663 3858 991 3929 Volentes
1043 3857 1253 3950 igitur
1310 3857 1699 3952 predictum
1755 3857 2110 3952 imperiale
2163 3858 2572 3929 mandatum
2623 3856 2814 3927 omni
2863 3875 3001 3947 qua
3056 3855 3383 3926 convenit

569 3980 939 4053 devotione
970 3983 1345 4075 complere,
1387 3980 1796 4053 mandamus
1833 3980 2059 4072 vobiS,
2094 4003 2189 4054 ex
2215 3980 2555 4074 imperiali
2592 3988 2787 4073 parte
2827 3975 3116 4047 firmiter
3145 3977 3379 4068 injun-

572 4104 826 4196 gendo,
862 4117 1207 4198 quatenus
1236 4108 1443 4198 juxta
1482 4115 1794 4178 tenorem
1821 4106 2185 4201 prescripti
2213 4103 2587 4199 imperialis
2623 4099 2957 4190 mandati,
2988 4100 3382 4173 hominibus

573 4227 938 4300 Panhormi
968 4231 1158 4324 apud
1192 4230 1633 4303 Goderanum
1653 4283 1673 4322 ,
1711 4240 2158 4325 preterquam
2191 4229 2262 4299 in
2290 4230 2500 4322 plano
2538 4234 2609 4297 et
2639 4225 2828 4318 apud
2860 4227 3148 4297 Parcum
3173 4225 3379 4297 Vete-

593 4514 598 4515 ’
647 4506 719 4579 (a)
756 4508 1036 4568 Recentius
1062 4483 1160 4569 loci
1191 4527 1387 4593 nomen
1414 4484 1639 4569 forsitan
1669 4508 1808 4566 male
1837 4510 1889 4565 in
1926 4496 2188 4582 impresso
2224 4506 2535 4579 transcripti
2566 4505 2766 4565 frustra
2804 4509 3229 4583 disquisivimus.
3262 4511 3381 4566 Non

572 4610 753 4661 tamen
779 4607 960 4678 procul
987 4608 1185 4666 distare
1207 4608 1381 4682 potest
1409 4623 1442 4665 a
1464 4602 1707 4681 partibus
1732 4604 1968 4677 melfiae,
1999 4604 2091 4662 ubi
2120 4610 2248 4662 tunc
2273 4605 2562 4680 imperator
2586 4605 2930 4665 consistebat.
