<?xml version="1.0" encoding="UTF-8"?>
<!DOCTYPE html PUBLIC "-//W3C//DTD XHTML 1.0 Transitional//EN"
    "http://www.w3.org/TR/xhtml1/DTD/xhtml1-transitional.dtd">
<html xmlns="http://www.w3.org/1999/xhtml" xml:lang="en" lang="en">
 <head>
  <title>
</title>
<meta http-equiv="Content-Type" content="text/html;charset=utf-8" />
  <meta name='ocr-system' content='tesseract 3.04.00' />
  <meta name='ocr-capabilities' content='ocr_page ocr_carea ocr_par ocr_line ocrx_word'/>
</head>
<body>
  <div class='ocr_page' id='page_1' title='image "./historiadiploma00degoog_0553.png"; bbox 0 0 4364 5738; ppageno 0'>
   <div class='ocr_carea' id='block_1_1' title="bbox 614 544 3442 631">
    <p class='ocr_par' dir='ltr' id='par_1_1' title="bbox 614 544 3442 631">
     <span class='ocr_line' id='line_1_1' title="bbox 614 544 3442 631; baseline 0.001 -22"><span class='ocrx_word' id='word_1_1' title='bbox 614 549 816 611; x_wconf 67' lang='lat' dir='ltr'>mmor.</span> <span class='ocrx_word' id='word_1_2' title='bbox 848 546 942 631; x_wconf 84' lang='lat'>5.]</span> <span class='ocrx_word' id='word_1_3' title='bbox 1517 544 1917 610; x_wconf 78' lang='lat' dir='ltr'>msromA</span> <span class='ocrx_word' id='word_1_4' title='bbox 1968 546 2568 614; x_wconf 68' lang='lat' dir='ltr'>mrtoMATmA.</span> <span class='ocrx_word' id='word_1_5' title='bbox 3321 547 3442 612; x_wconf 76' lang='lat'>537</span> 
     </span>
    </p>
   </div>
   <div class='ocr_carea' id='block_1_2' title="bbox 614 681 3563 3399">
    <p class='ocr_par' dir='ltr' id='par_1_2' title="bbox 614 681 3563 3149">
     <span class='ocr_line' id='line_1_2' title="bbox 616 681 3445 783; baseline 0.001 -27"><span class='ocrx_word' id='word_1_6' title='bbox 616 693 722 757; x_wconf 91' lang='lat' dir='ltr'>est</span> <span class='ocrx_word' id='word_1_7' title='bbox 761 683 926 778; x_wconf 90' lang='lat' dir='ltr'>quia</span> <span class='ocrx_word' id='word_1_8' title='bbox 969 690 1313 756; x_wconf 87' lang='lat' dir='ltr'>vocantur</span> <span class='ocrx_word' id='word_1_9' title='bbox 1356 681 1639 773; x_wconf 83' lang='lat' dir='ltr'>armati3</span> <span class='ocrx_word' id='word_1_10' title='bbox 1692 683 2001 757; x_wconf 90' lang='lat' dir='ltr'>secunda</span> <span class='ocrx_word' id='word_1_11' title='bbox 2052 684 2215 779; x_wconf 89' lang='lat' dir='ltr'>quia</span> <span class='ocrx_word' id='word_1_12' title='bbox 2262 685 2335 757; x_wconf 94' lang='lat' dir='ltr'>in</span> <span class='ocrx_word' id='word_1_13' title='bbox 2391 688 2584 759; x_wconf 91' lang='lat' dir='ltr'>nullo</span> <span class='ocrx_word' id='word_1_14' title='bbox 2647 686 3030 783; x_wconf 74' lang='lat' dir='ltr'>predictam</span> <span class='ocrx_word' id='word_1_15' title='bbox 3085 685 3445 782; x_wconf 87' lang='lat' dir='ltr'>requisivit</span> 
     </span>
     <span class='ocr_line' id='line_1_3' title="bbox 614 805 3440 905; baseline 0 -24"><span class='ocrx_word' id='word_1_16' title='bbox 614 808 992 882; x_wconf 79' lang='lat' dir='ltr'><strong>Ecclesiam</strong></span> <span class='ocrx_word' id='word_1_17' title='bbox 1040 808 1231 901; x_wconf 82' lang='lat' dir='ltr'>quod</span> <span class='ocrx_word' id='word_1_18' title='bbox 1274 805 1366 877; x_wconf 91' lang='lat' dir='ltr'>ad</span> <span class='ocrx_word' id='word_1_19' title='bbox 1416 828 1541 879; x_wconf 91' lang='lat' dir='ltr'>sue</span> <span class='ocrx_word' id='word_1_20' title='bbox 1589 808 2017 902; x_wconf 81' lang='lat' dir='ltr'><strong>purgationis</strong></span> <span class='ocrx_word' id='word_1_21' title='bbox 2067 811 2495 905; x_wconf 89' lang='lat' dir='ltr'>propositum</span> <span class='ocrx_word' id='word_1_22' title='bbox 2543 813 2770 884; x_wconf 86' lang='lat' dir='ltr'>facere</span> <span class='ocrx_word' id='word_1_23' title='bbox 2824 810 3182 901; x_wconf 88' lang='lat' dir='ltr'>videatur;</span> <span class='ocrx_word' id='word_1_24' title='bbox 3239 810 3440 882; x_wconf 88' lang='lat' dir='ltr'>tertia</span> 
     </span>
     <span class='ocr_line' id='line_1_4' title="bbox 617 931 3442 1034; baseline 0.001 -31"><span class='ocrx_word' id='word_1_25' title='bbox 617 935 781 1028; x_wconf 90' lang='lat' dir='ltr'>quia</span> <span class='ocrx_word' id='word_1_26' title='bbox 823 931 1303 1006; x_wconf 89' lang='lat' dir='ltr'>detestabilem</span> <span class='ocrx_word' id='word_1_27' title='bbox 1341 931 1430 1002; x_wconf 91' lang='lat' dir='ltr'>de</span> <span class='ocrx_word' id='word_1_28' title='bbox 1469 952 1655 1004; x_wconf 89' lang='lat' dir='ltr'>novo</span> <span class='ocrx_word' id='word_1_29' title='bbox 1698 933 1919 1005; x_wconf 80' lang='lat' dir='ltr'>edidit</span> <span class='ocrx_word' id='word_1_30' title='bbox 1961 935 2432 1026; x_wconf 83' lang='lat' dir='ltr'>sanctionem,</span> <span class='ocrx_word' id='word_1_31' title='bbox 2473 935 2651 1007; x_wconf 91' lang='lat' dir='ltr'>sicut</span> <span class='ocrx_word' id='word_1_32' title='bbox 2696 957 2789 1006; x_wconf 83' lang='lat' dir='ltr'>ex</span> <span class='ocrx_word' id='word_1_33' title='bbox 2834 936 2985 1027; x_wconf 92' lang='lat' dir='ltr'>ejus</span> <span class='ocrx_word' id='word_1_34' title='bbox 3033 943 3273 1034; x_wconf 91' lang='lat' dir='ltr'>tenore</span> <span class='ocrx_word' id='word_1_35' title='bbox 3317 934 3442 1006; x_wconf 87' lang='lat' dir='ltr'>tibi</span> 
     </span>
     <span class='ocr_line' id='line_1_5' title="bbox 620 1056 3441 1154; baseline -0.001 -23"><span class='ocrx_word' id='word_1_36' title='bbox 620 1066 937 1131; x_wconf 82' lang='lat' dir='ltr'>constare</span> <span class='ocrx_word' id='word_1_37' title='bbox 973 1056 1232 1153; x_wconf 90' lang='lat' dir='ltr'>poterit</span> <span class='ocrx_word' id='word_1_38' title='bbox 1267 1056 1660 1151; x_wconf 87' lang='lat' dir='ltr'>apostolicis</span> <span class='ocrx_word' id='word_1_39' title='bbox 1700 1067 2031 1130; x_wconf 85' lang='lat' dir='ltr'>annotato</span> <span class='ocrx_word' id='word_1_40' title='bbox 2066 1059 2311 1130; x_wconf 91' lang='lat' dir='ltr'>litteris</span> <span class='ocrx_word' id='word_1_41' title='bbox 2356 1069 2427 1131; x_wconf 89' lang='lat' dir='ltr'>et</span> <span class='ocrx_word' id='word_1_42' title='bbox 2466 1082 2591 1154; x_wconf 92' lang='lat' dir='ltr'>per</span> <span class='ocrx_word' id='word_1_43' title='bbox 2626 1081 2917 1152; x_wconf 90' lang='lat' dir='ltr'>regnum</span> <span class='ocrx_word' id='word_1_44' title='bbox 2956 1058 3241 1131; x_wconf 87' lang='lat' dir='ltr'>Francie</span> <span class='ocrx_word' id='word_1_45' title='bbox 3281 1058 3441 1131; x_wconf 90' lang='lat' dir='ltr'>des·</span> 
     </span>
     <span class='ocr_line' id='line_1_6' title="bbox 625 1181 3442 1278; baseline -0.001 -23"><span class='ocrx_word' id='word_1_46' title='bbox 625 1184 864 1274; x_wconf 89' lang='lat' dir='ltr'>tinato,</span> <span class='ocrx_word' id='word_1_47' title='bbox 907 1204 1033 1276; x_wconf 91' lang='lat' dir='ltr'>per</span> <span class='ocrx_word' id='word_1_48' title='bbox 1063 1203 1273 1277; x_wconf 89' lang='lat' dir='ltr'>quem</span> <span class='ocrx_word' id='word_1_49' title='bbox 1320 1181 1683 1253; x_wconf 88' lang='lat' dir='ltr'>manifeste</span> <span class='ocrx_word' id='word_1_50' title='bbox 1721 1182 1928 1253; x_wconf 90' lang='lat' dir='ltr'>datur</span> <span class='ocrx_word' id='word_1_51' title='bbox 1968 1183 2257 1275; x_wconf 80' lang='lat' dir='ltr'>intelligi</span> <span class='ocrx_word' id='word_1_52' title='bbox 2290 1184 2481 1278; x_wconf 88' lang='lat' dir='ltr'>quod</span> <span class='ocrx_word' id='word_1_53' title='bbox 2511 1204 2554 1255; x_wconf 92' lang='lat' dir='ltr'>a</span> <span class='ocrx_word' id='word_1_54' title='bbox 2588 1184 2729 1255; x_wconf 89' lang='lat' dir='ltr'>suis</span> <span class='ocrx_word' id='word_1_55' title='bbox 2763 1183 3066 1255; x_wconf 92' lang='lat' dir='ltr'>alienum</span> <span class='ocrx_word' id='word_1_56' title='bbox 3102 1182 3442 1254; x_wconf 87' lang='lat' dir='ltr'>habeatur</span> 
     </span>
     <span class='ocr_line' id='line_1_7' title="bbox 618 1307 3439 1403; baseline -0 -24"><span class='ocrx_word' id='word_1_57' title='bbox 618 1307 977 1380; x_wconf 86' lang='lat' dir='ltr'>affectibus</span> <span class='ocrx_word' id='word_1_58' title='bbox 1007 1319 1088 1378; x_wconf 90' lang='lat' dir='ltr'>ut</span> <span class='ocrx_word' id='word_1_59' title='bbox 1115 1329 1188 1378; x_wconf 92' lang='lat' dir='ltr'>se</span> <span class='ocrx_word' id='word_1_60' title='bbox 1215 1307 1386 1379; x_wconf 89' lang='lat' dir='ltr'>velit</span> <span class='ocrx_word' id='word_1_61' title='bbox 1417 1307 1771 1379; x_wconf 89' lang='lat' dir='ltr'>declarare</span> <span class='ocrx_word' id='word_1_62' title='bbox 1798 1308 2215 1380; x_wconf 89' lang='lat' dir='ltr'>catholicum</span> <span class='ocrx_word' id='word_1_63' title='bbox 2242 1308 2361 1403; x_wconf 88' lang='lat' dir='ltr'>qui</span> <span class='ocrx_word' id='word_1_64' title='bbox 2382 1308 2590 1381; x_wconf 88' lang='lat' dir='ltr'>fidem</span> <span class='ocrx_word' id='word_1_65' title='bbox 2616 1330 2952 1381; x_wconf 91' lang='lat' dir='ltr'>evacuare</span> <span class='ocrx_word' id='word_1_66' title='bbox 2970 1308 3236 1399; x_wconf 89' lang='lat' dir='ltr'>nititur,</span> <span class='ocrx_word' id='word_1_67' title='bbox 3270 1308 3439 1380; x_wconf 90' lang='lat' dir='ltr'>dum</span> 
     </span>
     <span class='ocr_line' id='line_1_8' title="bbox 617 1429 3437 1524; baseline -0 -20"><span class='ocrx_word' id='word_1_68' title='bbox 617 1441 907 1504; x_wconf 88' lang='lat' dir='ltr'>matrem</span> <span class='ocrx_word' id='word_1_69' title='bbox 943 1442 1350 1504; x_wconf 90' lang='lat' dir='ltr'>cunctorum</span> <span class='ocrx_word' id='word_1_70' title='bbox 1381 1429 1720 1523; x_wconf 85' lang='lat' dir='ltr'>fidelium,</span> <span class='ocrx_word' id='word_1_71' title='bbox 1751 1443 2059 1504; x_wconf 81' lang='lat' dir='ltr'>sanctam</span> <span class='ocrx_word' id='word_1_72' title='bbox 2085 1433 2347 1504; x_wconf 91' lang='lat' dir='ltr'>scilicet</span> <span class='ocrx_word' id='word_1_73' title='bbox 2371 1434 2751 1505; x_wconf 85' lang='lat' dir='ltr'>Romanam</span> <span class='ocrx_word' id='word_1_74' title='bbox 2778 1433 3182 1524; x_wconf 87' lang='lat' dir='ltr'>Ecclesiam,</span> <span class='ocrx_word' id='word_1_75' title='bbox 3213 1453 3437 1524; x_wconf 91' lang='lat' dir='ltr'>quan·</span> 
     </span>
     <span class='ocr_line' id='line_1_9' title="bbox 621 1556 3439 1653; baseline -0 -25"><span class='ocrx_word' id='word_1_76' title='bbox 621 1567 768 1628; x_wconf 87' lang='lat' dir='ltr'>tum</span> <span class='ocrx_word' id='word_1_77' title='bbox 797 1557 867 1627; x_wconf 93' lang='lat' dir='ltr'>in</span> <span class='ocrx_word' id='word_1_78' title='bbox 904 1578 988 1629; x_wconf 94' lang='lat' dir='ltr'>eo</span> <span class='ocrx_word' id='word_1_79' title='bbox 1018 1565 1156 1648; x_wconf 92' lang='lat' dir='ltr'>est,</span> <span class='ocrx_word' id='word_1_80' title='bbox 1194 1556 1409 1650; x_wconf 90' lang='lat' dir='ltr'>ipsius</span> <span class='ocrx_word' id='word_1_81' title='bbox 1440 1558 1671 1629; x_wconf 90' lang='lat' dir='ltr'>claves</span> <span class='ocrx_word' id='word_1_82' title='bbox 1704 1556 2028 1629; x_wconf 86' lang='lat' dir='ltr'>habendo</span> <span class='ocrx_word' id='word_1_83' title='bbox 2061 1558 2524 1653; x_wconf 91' lang='lat' dir='ltr'>contemptui,</span> <span class='ocrx_word' id='word_1_84' title='bbox 2558 1556 2895 1629; x_wconf 85' lang='lat' dir='ltr'>suffocare</span> <span class='ocrx_word' id='word_1_85' title='bbox 2930 1556 3232 1628; x_wconf 88' lang='lat' dir='ltr'>molitur.</span> <span class='ocrx_word' id='word_1_86' title='bbox 3270 1556 3439 1629; x_wconf 93' lang='lat' dir='ltr'>Cum</span> 
     </span>
     <span class='ocr_line' id='line_1_10' title="bbox 618 1680 3440 1777; baseline -0.001 -23"><span class='ocrx_word' id='word_1_87' title='bbox 618 1691 853 1754; x_wconf 91' lang='lat' dir='ltr'>autem</span> <span class='ocrx_word' id='word_1_88' title='bbox 901 1690 1060 1777; x_wconf 91' lang='lat' dir='ltr'>post</span> <span class='ocrx_word' id='word_1_89' title='bbox 1105 1683 1328 1754; x_wconf 90' lang='lat' dir='ltr'>Deum</span> <span class='ocrx_word' id='word_1_90' title='bbox 1374 1701 1417 1752; x_wconf 92' lang='lat' dir='ltr'>a</span> <span class='ocrx_word' id='word_1_91' title='bbox 1455 1681 1714 1752; x_wconf 87' lang='lat' dir='ltr'>salubri</span> <span class='ocrx_word' id='word_1_92' title='bbox 1755 1691 1937 1754; x_wconf 89' lang='lat' dir='ltr'>statu</span> <span class='ocrx_word' id='word_1_93' title='bbox 1980 1682 2295 1773; x_wconf 86' lang='lat' dir='ltr'>ejusdem</span> <span class='ocrx_word' id='word_1_94' title='bbox 2340 1681 2646 1755; x_wconf 90' lang='lat' dir='ltr'>Ecclesie</span> <span class='ocrx_word' id='word_1_95' title='bbox 2695 1683 2881 1753; x_wconf 90' lang='lat' dir='ltr'>salus</span> <span class='ocrx_word' id='word_1_96' title='bbox 2923 1690 2994 1753; x_wconf 89' lang='lat' dir='ltr'>et</span> <span class='ocrx_word' id='word_1_97' title='bbox 3038 1680 3237 1772; x_wconf 87' lang='lat' dir='ltr'>vigor</span> <span class='ocrx_word' id='word_1_98' title='bbox 3278 1681 3440 1752; x_wconf 89' lang='lat' dir='ltr'>reli-</span> 
     </span>
     <span class='ocr_line' id='line_1_11' title="bbox 620 1804 3440 1901; baseline 0 -23"><span class='ocrx_word' id='word_1_99' title='bbox 620 1807 843 1901; x_wconf 87' lang='lat' dir='ltr'>gionis</span> <span class='ocrx_word' id='word_1_100' title='bbox 885 1806 1283 1900; x_wconf 86' lang='lat' dir='ltr'>dependeat</span> <span class='ocrx_word' id='word_1_101' title='bbox 1322 1804 1728 1896; x_wconf 84' lang='lat' dir='ltr'>christiane,</span> <span class='ocrx_word' id='word_1_102' title='bbox 1783 1805 1871 1878; x_wconf 94' lang='lat' dir='ltr'>de</span> <span class='ocrx_word' id='word_1_103' title='bbox 1900 1826 2040 1899; x_wconf 90' lang='lat' dir='ltr'>qua</span> <span class='ocrx_word' id='word_1_104' title='bbox 2082 1805 2396 1898; x_wconf 83' lang='lat' dir='ltr'>cogimur</span> <span class='ocrx_word' id='word_1_105' title='bbox 2441 1827 2525 1878; x_wconf 94' lang='lat' dir='ltr'>eo</span> <span class='ocrx_word' id='word_1_106' title='bbox 2565 1805 2785 1900; x_wconf 87' lang='lat' dir='ltr'>magis</span> <span class='ocrx_word' id='word_1_107' title='bbox 2829 1814 3137 1878; x_wconf 87' lang='lat' dir='ltr'>mentem</span> <span class='ocrx_word' id='word_1_108' title='bbox 3182 1804 3440 1878; x_wconf 91' lang='lat' dir='ltr'>habere</span> 
     </span>
     <span class='ocr_line' id='line_1_12' title="bbox 620 1929 3446 2025; baseline 0 -21"><span class='ocrx_word' id='word_1_109' title='bbox 620 1931 902 2023; x_wconf 86' lang='lat' dir='ltr'>vigilem</span> <span class='ocrx_word' id='word_1_110' title='bbox 938 1952 1079 2023; x_wconf 90' lang='lat' dir='ltr'>quo</span> <span class='ocrx_word' id='word_1_111' title='bbox 1116 1930 1331 2024; x_wconf 90' lang='lat' dir='ltr'>ipsius</span> <span class='ocrx_word' id='word_1_112' title='bbox 1364 1929 1679 2022; x_wconf 88' lang='lat' dir='ltr'>regimini</span> <span class='ocrx_word' id='word_1_113' title='bbox 1708 1929 2168 2001; x_wconf 89' lang='lat' dir='ltr'>humilitatem</span> <span class='ocrx_word' id='word_1_114' title='bbox 2200 1939 2508 2002; x_wconf 88' lang='lat' dir='ltr'>nostram</span> <span class='ocrx_word' id='word_1_115' title='bbox 2540 1951 2842 2025; x_wconf 92' lang='lat' dir='ltr'>superna</span> <span class='ocrx_word' id='word_1_116' title='bbox 2866 1931 3187 2022; x_wconf 88' lang='lat' dir='ltr'>majestas</span> <span class='ocrx_word' id='word_1_117' title='bbox 3218 1932 3446 2005; x_wconf 86' lang='lat' dir='ltr'>voluit</span> 
     </span>
     <span class='ocr_line' id='line_1_13' title="bbox 622 2053 3443 2152; baseline 0 -23"><span class='ocrx_word' id='word_1_118' title='bbox 622 2055 976 2152; x_wconf 90' lang='lat' dir='ltr'>deputari,</span> <span class='ocrx_word' id='word_1_119' title='bbox 1014 2053 1501 2126; x_wconf 88' lang='lat' dir='ltr'>discretionem</span> <span class='ocrx_word' id='word_1_120' title='bbox 1546 2063 1737 2125; x_wconf 88' lang='lat' dir='ltr'>tuam</span> <span class='ocrx_word' id='word_1_121' title='bbox 1770 2075 2097 2146; x_wconf 81' lang='lat' dir='ltr'>rogamus</span> <span class='ocrx_word' id='word_1_122' title='bbox 2125 2064 2197 2126; x_wconf 94' lang='lat' dir='ltr'>et</span> <span class='ocrx_word' id='word_1_123' title='bbox 2221 2054 2583 2126; x_wconf 88' lang='lat' dir='ltr'>hortamur</span> <span class='ocrx_word' id='word_1_124' title='bbox 2608 2064 2870 2127; x_wconf 86' lang='lat' dir='ltr'>attente</span> <span class='ocrx_word' id='word_1_125' title='bbox 2902 2075 3033 2151; x_wconf 93' lang='lat' dir='ltr'>per</span> <span class='ocrx_word' id='word_1_126' title='bbox 3064 2055 3443 2151; x_wconf 89' lang='lat' dir='ltr'>apostolica</span> 
     </span>
     <span class='ocr_line' id='line_1_14' title="bbox 624 2178 3442 2275; baseline 0.001 -25"><span class='ocrx_word' id='word_1_127' title='bbox 624 2180 747 2251; x_wconf 81' lang='lat' dir='ltr'>tibi</span> <span class='ocrx_word' id='word_1_128' title='bbox 797 2181 1051 2275; x_wconf 87' lang='lat' dir='ltr'>scripta</span> <span class='ocrx_word' id='word_1_129' title='bbox 1101 2179 1513 2250; x_wconf 86' lang='lat' dir='ltr'>mandantes</span> <span class='ocrx_word' id='word_1_130' title='bbox 1572 2178 1900 2271; x_wconf 88' lang='lat' dir='ltr'>quatinus</span> <span class='ocrx_word' id='word_1_131' title='bbox 1953 2188 2245 2273; x_wconf 84' lang='lat' dir='ltr'>pensato</span> <span class='ocrx_word' id='word_1_132' title='bbox 2290 2180 2673 2275; x_wconf 91' lang='lat' dir='ltr'>prudenter</span> <span class='ocrx_word' id='word_1_133' title='bbox 2720 2190 3057 2273; x_wconf 87' lang='lat' dir='ltr'>quantum</span> <span class='ocrx_word' id='word_1_134' title='bbox 3107 2179 3442 2272; x_wconf 85' lang='lat' dir='ltr'>jamdicta</span> 
     </span>
     <span class='ocr_line' id='line_1_15' title="bbox 621 2303 3443 2400; baseline 0.001 -24"><span class='ocrx_word' id='word_1_135' title='bbox 621 2305 924 2376; x_wconf 88' lang='lat' dir='ltr'>Ecclesia</span> <span class='ocrx_word' id='word_1_136' title='bbox 971 2303 1104 2375; x_wconf 89' lang='lat' dir='ltr'>tuis</span> <span class='ocrx_word' id='word_1_137' title='bbox 1142 2313 1212 2376; x_wconf 86' lang='lat' dir='ltr'>et</span> <span class='ocrx_word' id='word_1_138' title='bbox 1252 2303 1545 2375; x_wconf 90' lang='lat' dir='ltr'>aliorum</span> <span class='ocrx_word' id='word_1_139' title='bbox 1588 2303 2000 2376; x_wconf 90' lang='lat' dir='ltr'>devotorum</span> <span class='ocrx_word' id='word_1_140' title='bbox 2041 2304 2259 2398; x_wconf 89' lang='lat' dir='ltr'>ipsius</span> <span class='ocrx_word' id='word_1_141' title='bbox 2293 2304 2548 2377; x_wconf 90' lang='lat' dir='ltr'>debeat</span> <span class='ocrx_word' id='word_1_142' title='bbox 2574 2305 2807 2396; x_wconf 91' lang='lat' dir='ltr'>juvari</span> <span class='ocrx_word' id='word_1_143' title='bbox 2852 2304 3174 2377; x_wconf 91' lang='lat' dir='ltr'>subsidiis</span> <span class='ocrx_word' id='word_1_144' title='bbox 3213 2306 3443 2400; x_wconf 88' lang='lat' dir='ltr'>operis</span> 
     </span>
     <span class='ocr_line' id='line_1_16' title="bbox 623 2430 3563 2530; baseline 0 -28"><span class='ocrx_word' id='word_1_145' title='bbox 623 2441 695 2502; x_wconf 86' lang='lat' dir='ltr'>et</span> <span class='ocrx_word' id='word_1_146' title='bbox 753 2430 1125 2520; x_wconf 79' lang='lat' dir='ltr'>sermoniS,</span> <span class='ocrx_word' id='word_1_147' title='bbox 1179 2450 1272 2501; x_wconf 84' lang='lat' dir='ltr'>ex</span> <span class='ocrx_word' id='word_1_148' title='bbox 1326 2450 1513 2501; x_wconf 89' lang='lat' dir='ltr'>nunc</span> <span class='ocrx_word' id='word_1_149' title='bbox 1564 2438 1805 2501; x_wconf 90' lang='lat' dir='ltr'>contra</span> <span class='ocrx_word' id='word_1_150' title='bbox 1862 2431 2344 2524; x_wconf 88' lang='lat' dir='ltr'>persequentis</span> <span class='ocrx_word' id='word_1_151' title='bbox 2408 2430 2746 2524; x_wconf 87' lang='lat' dir='ltr'>impetum</span> <span class='ocrx_word' id='word_1_152' title='bbox 2795 2430 3048 2502; x_wconf 88' lang='lat' dir='ltr'>reddas</span> <span class='ocrx_word' id='word_1_153' title='bbox 3100 2430 3326 2502; x_wconf 90' lang='lat' dir='ltr'>taliter</span> <span class='ocrx_word' id='word_1_154' title='bbox 3374 2439 3442 2502; x_wconf 86' lang='lat' dir='ltr'>te</span> <span class='ocrx_word' id='word_1_155' title='bbox 3549 2520 3563 2530; x_wconf 25' lang='grc' dir='ltr'><strong>ι</strong></span> 
     </span>
     <span class='ocr_line' id='line_1_17' title="bbox 623 2552 3442 2649; baseline 0 -23"><span class='ocrx_word' id='word_1_156' title='bbox 623 2555 965 2626; x_wconf 87' lang='lat' dir='ltr'>munitum</span> <span class='ocrx_word' id='word_1_157' title='bbox 999 2564 1078 2625; x_wconf 90' lang='lat' dir='ltr'>ut</span> <span class='ocrx_word' id='word_1_158' title='bbox 1104 2576 1262 2626; x_wconf 92' lang='lat' dir='ltr'>cum</span> <span class='ocrx_word' id='word_1_159' title='bbox 1291 2575 1501 2649; x_wconf 90' lang='lat' dir='ltr'>super</span> <span class='ocrx_word' id='word_1_160' title='bbox 1519 2552 1650 2625; x_wconf 91' lang='lat' dir='ltr'>hoc</span> <span class='ocrx_word' id='word_1_161' title='bbox 1681 2554 2003 2625; x_wconf 89' lang='lat' dir='ltr'>nuntium</span> <span class='ocrx_word' id='word_1_162' title='bbox 2026 2565 2338 2627; x_wconf 88' lang='lat' dir='ltr'>nostrum</span> <span class='ocrx_word' id='word_1_163' title='bbox 2367 2564 2435 2627; x_wconf 89' lang='lat' dir='ltr'>et</span> <span class='ocrx_word' id='word_1_164' title='bbox 2463 2555 2717 2649; x_wconf 89' lang='lat' dir='ltr'>scripta</span> <span class='ocrx_word' id='word_1_165' title='bbox 2739 2555 3112 2649; x_wconf 82' lang='lat' dir='ltr'>receperiS,</span> <span class='ocrx_word' id='word_1_166' title='bbox 3142 2565 3281 2626; x_wconf 91' lang='lat' dir='ltr'>tam</span> <span class='ocrx_word' id='word_1_167' title='bbox 3306 2556 3442 2627; x_wconf 91' lang='lat' dir='ltr'>cito</span> 
     </span>
     <span class='ocr_line' id='line_1_18' title="bbox 624 2678 3445 2775; baseline 0 -23"><span class='ocrx_word' id='word_1_168' title='bbox 624 2681 994 2752; x_wconf 88' lang='lat' dir='ltr'>subvenias</span> <span class='ocrx_word' id='word_1_169' title='bbox 1036 2679 1262 2751; x_wconf 86' lang='lat' dir='ltr'>eidem</span> <span class='ocrx_word' id='word_1_170' title='bbox 1305 2678 1608 2751; x_wconf 91' lang='lat' dir='ltr'>Ecclesie</span> <span class='ocrx_word' id='word_1_171' title='bbox 1654 2680 1832 2751; x_wconf 87' lang='lat' dir='ltr'>sicut</span> <span class='ocrx_word' id='word_1_172' title='bbox 1874 2680 2024 2771; x_wconf 85' lang='lat' dir='ltr'>ejus</span> <span class='ocrx_word' id='word_1_173' title='bbox 2062 2679 2307 2751; x_wconf 91' lang='lat' dir='ltr'>honori</span> <span class='ocrx_word' id='word_1_174' title='bbox 2354 2679 2613 2751; x_wconf 87' lang='lat' dir='ltr'>videris</span> <span class='ocrx_word' id='word_1_175' title='bbox 2655 2679 3026 2774; x_wconf 86' lang='lat' dir='ltr'>expedire,</span> <span class='ocrx_word' id='word_1_176' title='bbox 3067 2679 3163 2752; x_wconf 93' lang='lat' dir='ltr'>ita</span> <span class='ocrx_word' id='word_1_177' title='bbox 3202 2691 3283 2752; x_wconf 90' lang='lat' dir='ltr'>ut</span> <span class='ocrx_word' id='word_1_178' title='bbox 3318 2702 3445 2775; x_wconf 91' lang='lat' dir='ltr'>per</span> 
     </span>
     <span class='ocr_line' id='line_1_19' title="bbox 626 2803 3445 2900; baseline 0 -23"><span class='ocrx_word' id='word_1_179' title='bbox 626 2806 758 2879; x_wconf 93' lang='lat' dir='ltr'>hoc</span> <span class='ocrx_word' id='word_1_180' title='bbox 796 2804 1031 2877; x_wconf 90' lang='lat' dir='ltr'>divina</span> <span class='ocrx_word' id='word_1_181' title='bbox 1063 2803 1285 2897; x_wconf 87' lang='lat' dir='ltr'>gratia</span> <span class='ocrx_word' id='word_1_182' title='bbox 1313 2803 1729 2900; x_wconf 87' lang='lat' dir='ltr'>propitiante</span> <span class='ocrx_word' id='word_1_183' title='bbox 1763 2803 2126 2899; x_wconf 88' lang='lat' dir='ltr'>proveniat</span> <span class='ocrx_word' id='word_1_184' title='bbox 2157 2803 2348 2898; x_wconf 91' lang='lat' dir='ltr'>quod</span> <span class='ocrx_word' id='word_1_185' title='bbox 2373 2803 2581 2877; x_wconf 91' lang='lat' dir='ltr'>homo</span> <span class='ocrx_word' id='word_1_186' title='bbox 2611 2803 2862 2898; x_wconf 91' lang='lat' dir='ltr'>impius</span> <span class='ocrx_word' id='word_1_187' title='bbox 2895 2804 2982 2877; x_wconf 93' lang='lat' dir='ltr'>de</span> <span class='ocrx_word' id='word_1_188' title='bbox 3017 2804 3160 2877; x_wconf 90' lang='lat' dir='ltr'>suis</span> <span class='ocrx_word' id='word_1_189' title='bbox 3191 2804 3445 2899; x_wconf 89' lang='lat' dir='ltr'>iniquis</span> 
     </span>
     <span class='ocr_line' id='line_1_20' title="bbox 626 2928 3446 3023; baseline 0.001 -21"><span class='ocrx_word' id='word_1_190' title='bbox 626 2929 927 3002; x_wconf 89' lang='lat' dir='ltr'>consiliis</span> <span class='ocrx_word' id='word_1_191' title='bbox 955 2939 1026 3000; x_wconf 90' lang='lat' dir='ltr'>et</span> <span class='ocrx_word' id='word_1_192' title='bbox 1052 2928 1396 3023; x_wconf 89' lang='lat' dir='ltr'>perversis</span> <span class='ocrx_word' id='word_1_193' title='bbox 1414 2928 1943 3021; x_wconf 89' lang='lat' dir='ltr'>cogitationibus</span> <span class='ocrx_word' id='word_1_194' title='bbox 1965 2930 2356 3021; x_wconf 88' lang='lat' dir='ltr'>erubescat,</span> <span class='ocrx_word' id='word_1_195' title='bbox 2389 2950 2471 3000; x_wconf 91' lang='lat' dir='ltr'>ac</span> <span class='ocrx_word' id='word_1_196' title='bbox 2500 2929 2755 3002; x_wconf 85' lang='lat' dir='ltr'>exinde</span> <span class='ocrx_word' id='word_1_197' title='bbox 2782 2930 2905 3002; x_wconf 91' lang='lat' dir='ltr'>tibi</span> <span class='ocrx_word' id='word_1_198' title='bbox 2932 2939 3004 3001; x_wconf 90' lang='lat' dir='ltr'>et</span> <span class='ocrx_word' id='word_1_199' title='bbox 3030 2931 3446 3004; x_wconf 87' lang='lat' dir='ltr'>monasterio</span> 
     </span>
     <span class='ocr_line' id='line_1_21' title="bbox 628 3051 3122 3149; baseline 0.001 -23"><span class='ocrx_word' id='word_1_200' title='bbox 628 3063 748 3126; x_wconf 89' lang='lat' dir='ltr'>tuo</span> <span class='ocrx_word' id='word_1_201' title='bbox 781 3055 852 3124; x_wconf 94' lang='lat' dir='ltr'>in</span> <span class='ocrx_word' id='word_1_202' title='bbox 886 3065 1241 3146; x_wconf 88' lang='lat' dir='ltr'>posterum</span> <span class='ocrx_word' id='word_1_203' title='bbox 1278 3054 1492 3125; x_wconf 90' lang='lat' dir='ltr'>Sedes</span> <span class='ocrx_word' id='word_1_204' title='bbox 1521 3051 1915 3149; x_wconf 86' lang='lat' dir='ltr'>Apostolica</span> <span class='ocrx_word' id='word_1_205' title='bbox 1954 3064 2276 3127; x_wconf 88' lang='lat' dir='ltr'>teneatur</span> <span class='ocrx_word' id='word_1_206' title='bbox 2305 3054 2398 3126; x_wconf 91' lang='lat' dir='ltr'>ad</span> <span class='ocrx_word' id='word_1_207' title='bbox 2431 3054 2691 3149; x_wconf 91' lang='lat' dir='ltr'>premia</span> <span class='ocrx_word' id='word_1_208' title='bbox 2721 3055 3122 3147; x_wconf 88' lang='lat' dir='ltr'>gratiarum.</span> 
     </span>
    </p>

    <p class='ocr_par' dir='ltr' id='par_1_3' title="bbox 725 3177 3317 3277">
     <span class='ocr_line' id='line_1_22' title="bbox 725 3177 3317 3277; baseline 0.002 -28"><span class='ocrx_word' id='word_1_209' title='bbox 725 3179 975 3249; x_wconf 89' lang='lat' dir='ltr'>Datum</span> <span class='ocrx_word' id='word_1_210' title='bbox 1008 3177 1355 3268; x_wconf 91' lang='lat' dir='ltr'>Lugduni,</span> <span class='ocrx_word' id='word_1_211' title='bbox 1389 3178 1477 3249; x_wconf 94' lang='lat'>111</span> <span class='ocrx_word' id='word_1_212' title='bbox 1509 3178 1844 3249; x_wconf 87' lang='lat' dir='ltr'>kalendas</span> <span class='ocrx_word' id='word_1_213' title='bbox 1869 3180 2076 3270; x_wconf 88' lang='lat' dir='ltr'>junii,</span> <span class='ocrx_word' id='word_1_214' title='bbox 2110 3178 2551 3277; x_wconf 84' lang='lat' dir='ltr'>pontificatus</span> <span class='ocrx_word' id='word_1_215' title='bbox 2584 3179 2799 3251; x_wconf 87' lang='lat' dir='ltr'>nostri</span> <span class='ocrx_word' id='word_1_216' title='bbox 2832 3202 3018 3253; x_wconf 91' lang='lat' dir='ltr'>anno</span> <span class='ocrx_word' id='word_1_217' title='bbox 3045 3190 3317 3274; x_wconf 86' lang='lat' dir='ltr'>quarto.</span> 
     </span>
    </p>

    <p class='ocr_par' dir='ltr' id='par_1_4' title="bbox 725 3300 3447 3399">
     <span class='ocr_line' id='line_1_23' title="bbox 725 3300 3447 3399; baseline 0.001 -25"><span class='ocrx_word' id='word_1_218' title='bbox 725 3304 802 3374; x_wconf 93' lang='lat' dir='ltr'>In</span> <span class='ocrx_word' id='word_1_219' title='bbox 840 3301 1163 3374; x_wconf 90' lang='lat' dir='ltr'>eumdem</span> <span class='ocrx_word' id='word_1_220' title='bbox 1197 3302 1343 3374; x_wconf 86' lang='lat' dir='ltr'>fere</span> <span class='ocrx_word' id='word_1_221' title='bbox 1372 3300 1658 3373; x_wconf 92' lang='lat' dir='ltr'>modum</span> <span class='ocrx_word' id='word_1_222' title='bbox 1688 3301 2020 3395; x_wconf 88' lang='lat' dir='ltr'>scriptum</span> <span class='ocrx_word' id='word_1_223' title='bbox 2049 3311 2156 3373; x_wconf 89' lang='lat' dir='ltr'>est</span> <span class='ocrx_word' id='word_1_224' title='bbox 2189 3303 2620 3374; x_wconf 90' lang='lat' dir='ltr'>Narbonensi</span> <span class='ocrx_word' id='word_1_225' title='bbox 2648 3300 3202 3399; x_wconf 91' lang='lat' dir='ltr'>archiepiscopo,</span> <span class='ocrx_word' id='word_1_226' title='bbox 3235 3305 3296 3377; x_wconf 89' lang='lat' dir='ltr'><strong>V</strong></span> <span class='ocrx_word' id='word_1_227' title='bbox 3326 3305 3447 3377; x_wconf 86' lang='lat' dir='ltr'>ka-</span> 
     </span>
    </p>
   </div>
   <div class='ocr_carea' id='block_1_3' title="bbox 629 3425 3449 3639">
    <p class='ocr_par' dir='ltr' id='par_1_5' title="bbox 629 3425 3449 3639">
     <span class='ocr_line' id='line_1_24' title="bbox 629 3425 3449 3521; baseline 0.001 -22"><span class='ocrx_word' id='word_1_228' title='bbox 629 3427 871 3499; x_wconf 91' lang='lat' dir='ltr'>lendas</span> <span class='ocrx_word' id='word_1_229' title='bbox 894 3425 1104 3519; x_wconf 89' lang='lat' dir='ltr'>junii,</span> <span class='ocrx_word' id='word_1_230' title='bbox 1137 3445 1323 3499; x_wconf 90' lang='lat' dir='ltr'>anno</span> <span class='ocrx_word' id='word_1_231' title='bbox 1350 3426 1478 3516; x_wconf 89' lang='lat' dir='ltr'>IV;</span> <span class='ocrx_word' id='word_1_232' title='bbox 1514 3425 1713 3517; x_wconf 92' lang='lat' dir='ltr'>cujus</span> <span class='ocrx_word' id='word_1_233' title='bbox 1744 3425 1977 3497; x_wconf 90' lang='lat' dir='ltr'>bullae</span> <span class='ocrx_word' id='word_1_234' title='bbox 2012 3426 2352 3518; x_wconf 90' lang='lat' dir='ltr'>originale</span> <span class='ocrx_word' id='word_1_235' title='bbox 2379 3448 2657 3520; x_wconf 90' lang='lat' dir='ltr'>quoque</span> <span class='ocrx_word' id='word_1_236' title='bbox 2684 3427 2910 3520; x_wconf 90' lang='lat' dir='ltr'>adest,</span> <span class='ocrx_word' id='word_1_237' title='bbox 2942 3426 3215 3513; x_wconf 82' lang='lat' dir='ltr'>ibidem,</span> <span class='ocrx_word' id='word_1_238' title='bbox 3255 3430 3449 3521; x_wconf 76' lang='lat' dir='ltr'>fonds</span> 
     </span>
     <span class='ocr_line' id='line_1_25' title="bbox 630 3551 1180 3639; baseline -0.004 -14"><span class='ocrx_word' id='word_1_239' title='bbox 630 3551 910 3639; x_wconf 78' lang='lat' dir='ltr'>Baluze,</span> <span class='ocrx_word' id='word_1_240' title='bbox 946 3557 1022 3623; x_wconf 80' lang='lat' dir='ltr'>n⁰</span> <span class='ocrx_word' id='word_1_241' title='bbox 1059 3552 1180 3623; x_wconf 80' lang='lat'>53.</span> 
     </span>
    </p>
   </div>
   <div class='ocr_carea' id='block_1_4' title="bbox 1054 3858 1506 3870">
    <p class='ocr_par' dir='ltr' id='par_1_6' title="bbox 1054 3858 1506 3870">
     <span class='ocr_line' id='line_1_26' title="bbox 1054 3858 1506 3870; baseline -0.002 0"><span class='ocrx_word' id='word_1_242' title='bbox 1054 3858 1506 3870; x_wconf 42' lang='grc' dir='ltr'>*ἢ*</span> 
     </span>
    </p>
   </div>
   <div class='ocr_carea' id='block_1_5' title="bbox 632 4125 3843 4635">
    <p class='ocr_par' dir='ltr' id='par_1_7' title="bbox 632 4125 3843 4635">
     <span class='ocr_line' id='line_1_27' title="bbox 742 4125 3843 4252; baseline 0.002 -46"><span class='ocrx_word' id='word_1_243' title='bbox 742 4125 1165 4212; x_wconf 89' lang='lat' dir='ltr'>Fridericus</span> <span class='ocrx_word' id='word_1_244' title='bbox 1212 4130 1308 4211; x_wconf 92' lang='lat' dir='ltr'>de</span> <span class='ocrx_word' id='word_1_245' title='bbox 1359 4126 1798 4233; x_wconf 84' lang='lat' dir='ltr'>Antiochia,</span> <span class='ocrx_word' id='word_1_246' title='bbox 1856 4128 2152 4237; x_wconf 86' lang='lat' dir='ltr'>imperii</span> <span class='ocrx_word' id='word_1_247' title='bbox 2209 4128 2283 4208; x_wconf 90' lang='lat' dir='ltr'>in</span> <span class='ocrx_word' id='word_1_248' title='bbox 2340 4128 2613 4210; x_wconf 89' lang='lat' dir='ltr'>Tuscia</span> <span class='ocrx_word' id='word_1_249' title='bbox 2656 4129 2980 4212; x_wconf 85' lang='lat' dir='ltr'>vicarius</span> <span class='ocrx_word' id='word_1_250' title='bbox 3036 4129 3446 4240; x_wconf 83' lang='lat' dir='ltr'>generalis,</span> <span class='ocrx_word' id='word_1_251' title='bbox 3533 4144 3843 4252; x_wconf 42' lang='lat' dir='ltr'>„¹333ss</span> 
     </span>
     <span class='ocr_line' id='line_1_28' title="bbox 636 4253 3788 4374; baseline 0.003 -37"><span class='ocrx_word' id='word_1_252' title='bbox 636 4257 893 4339; x_wconf 89' lang='lat' dir='ltr'>comiti</span> <span class='ocrx_word' id='word_1_253' title='bbox 953 4261 1279 4344; x_wconf 91' lang='lat' dir='ltr'>Guidoni</span> <span class='ocrx_word' id='word_1_254' title='bbox 1334 4260 1685 4369; x_wconf 86' lang='lat' dir='ltr'>potestati</span> <span class='ocrx_word' id='word_1_255' title='bbox 1740 4260 1971 4341; x_wconf 89' lang='lat' dir='ltr'>Aretii</span> <span class='ocrx_word' id='word_1_256' title='bbox 2026 4261 2345 4343; x_wconf 90' lang='lat' dir='ltr'>mandat</span> <span class='ocrx_word' id='word_1_257' title='bbox 2399 4272 2482 4343; x_wconf 90' lang='lat' dir='ltr'>ut</span> <span class='ocrx_word' id='word_1_258' title='bbox 2540 4261 2949 4369; x_wconf 77' lang='lat' dir='ltr'>prohibeat·</span> <span class='ocrx_word' id='word_1_259' title='bbox 2991 4288 3088 4344; x_wconf 90' lang='lat' dir='ltr'>ne</span> <span class='ocrx_word' id='word_1_260' title='bbox 3139 4265 3453 4374; x_wconf 90' lang='lat' dir='ltr'>quidam</span> <span class='ocrx_word' id='word_1_261' title='bbox 3594 4253 3788 4357; x_wconf 65' lang='grc' dir='ltr'><strong><em>ιξὲἒὲυ,</em></strong></span> 
     </span>
     <span class='ocr_line' id='line_1_29' title="bbox 632 4356 3775 4508; baseline 0.003 -38"><span class='ocrx_word' id='word_1_262' title='bbox 632 4386 927 4497; x_wconf 86' lang='lat' dir='ltr'>judices</span> <span class='ocrx_word' id='word_1_263' title='bbox 980 4419 1025 4474; x_wconf 90' lang='lat' dir='ltr'>a</span> <span class='ocrx_word' id='word_1_264' title='bbox 1079 4393 1511 4476; x_wconf 90' lang='lat' dir='ltr'>Marcellino</span> <span class='ocrx_word' id='word_1_265' title='bbox 1574 4393 1925 4501; x_wconf 90' lang='lat' dir='ltr'>episcopo</span> <span class='ocrx_word' id='word_1_266' title='bbox 1981 4394 2291 4475; x_wconf 87' lang='lat' dir='ltr'>Aretino</span> <span class='ocrx_word' id='word_1_267' title='bbox 2352 4393 2647 4502; x_wconf 86' lang='lat' dir='ltr'>imperii</span> <span class='ocrx_word' id='word_1_268' title='bbox 2698 4394 3079 4503; x_wconf 85' lang='lat' dir='ltr'>proditore</span> <span class='ocrx_word' id='word_1_269' title='bbox 3133 4397 3457 4508; x_wconf 86' lang='lat' dir='ltr'>delegati</span> <span class='ocrx_word' id='word_1_270' title='bbox 3601 4356 3775 4412; x_wconf 65' lang='lat' dir='ltr'>amu.</span> 
     </span>
     <span class='ocr_line' id='line_1_30' title="bbox 647 4520 3460 4635; baseline 0.004 -35"><span class='ocrx_word' id='word_1_271' title='bbox 647 4520 999 4606; x_wconf 85' lang='lat' dir='ltr'>abbatem</span> <span class='ocrx_word' id='word_1_272' title='bbox 1047 4535 1121 4607; x_wconf 88' lang='lat' dir='ltr'>et</span> <span class='ocrx_word' id='word_1_273' title='bbox 1172 4535 1626 4608; x_wconf 88' lang='lat' dir='ltr'>conventum</span> <span class='ocrx_word' id='word_1_274' title='bbox 1665 4524 1983 4606; x_wconf 86' lang='lat' dir='ltr'>Sanctae</span> <span class='ocrx_word' id='word_1_275' title='bbox 2025 4524 2293 4607; x_wconf 91' lang='lat' dir='ltr'>Florae</span> <span class='ocrx_word' id='word_1_276' title='bbox 2338 4523 2688 4606; x_wconf 87' lang='lat' dir='ltr'>Aretinae</span> <span class='ocrx_word' id='word_1_277' title='bbox 2739 4551 2967 4635; x_wconf 88' lang='lat' dir='ltr'>super</span> <span class='ocrx_word' id='word_1_278' title='bbox 3011 4526 3460 4611; x_wconf 91' lang='lat' dir='ltr'>alienatione</span> 
     </span>
    </p>
   </div>
   <div class='ocr_carea' id='block_1_6' title="bbox 652 4653 3143 4855">
    <p class='ocr_par' dir='ltr' id='par_1_8' title="bbox 652 4653 3143 4855">
     <span class='ocr_line' id='line_1_31' title="bbox 652 4653 2776 4767; baseline 0.001 -29"><span class='ocrx_word' id='word_1_279' title='bbox 652 4653 1030 4739; x_wconf 88' lang='lat' dir='ltr'>bonorum</span> <span class='ocrx_word' id='word_1_280' title='bbox 1067 4657 1411 4741; x_wconf 91' lang='lat' dir='ltr'>abbatiae</span> <span class='ocrx_word' id='word_1_281' title='bbox 1447 4658 1788 4766; x_wconf 82' lang='lat' dir='ltr'>ejusdem</span> <span class='ocrx_word' id='word_1_282' title='bbox 1826 4658 2226 4742; x_wconf 89' lang='lat' dir='ltr'>molestare</span> <span class='ocrx_word' id='word_1_283' title='bbox 2261 4667 2776 4767; x_wconf 89' lang='lat' dir='ltr'>praesumant.</span> 
     </span>
     <span class='ocr_line' id='line_1_32' title="bbox 806 4791 3143 4855; baseline 0.001 -3"><span class='ocrx_word' id='word_1_284' title='bbox 806 4791 935 4852; x_wconf 86' lang='lat' dir='ltr'>v1.·</span> <span class='ocrx_word' id='word_1_285' title='bbox 3067 4803 3143 4855; x_wconf 76' lang='lat' dir='ltr'>ss</span> 
     </span>
    </p>
   </div>
  </div>
 </body>
</html>
