4364 5738
550 587 754 650 lumer.
786 584 880 662 5.]
1439 578 1838 641 HISTORIA
1888 579 2486 645 mPLOMATch.
3254 581 3377 644 ⁴67

549 726 800 810 gnatos
826 727 899 789 et
930 736 1059 812 pro
1091 712 1400 810 ipsorum
1429 712 1746 785 exercitu
1775 712 2048 787 deferre
2069 726 2501 811 presumant,
2526 725 2598 787 et
2622 715 3016 811 specialiter
3043 715 3237 810 quod
3258 732 3379 789 eas

551 841 624 912 in
658 839 1107 913 necessitates
1144 848 1216 909 et
1244 836 1579 908 utilitates
1596 836 2103 910 Acconensium
2136 861 2261 932 seu
2290 839 2763 934 quorumlibet
2786 839 3381 932 bannitorum‚in·
3425 933 3427 936 ι

551 961 863 1037 fidelium
903 983 1028 1034 seu
1067 960 1504 1033 inimicorum
1550 970 1947 1032 nostrorum
1979 972 2051 1033 et
2079 962 2352 1059 imperii
2395 983 2538 1035 non
2575 972 3010 1036 convertant.
3042 963 3381 1049 Quocirca

552 1086 980 1184 presentium
1037 1084 1448 1158 auctoritate
1504 1084 1917 1157 mandamus
1964 1095 2313 1180 quatenus
2369 1087 2604 1158 nullus
2654 1086 2744 1158 sit
2792 1086 2916 1180 qui
2960 1096 3380 1159 mercatores

554 1212 744 1308 ipsos
774 1232 935 1283 cum
961 1208 1380 1281 victualibus
1408 1217 1480 1280 et
1505 1208 1716 1280 rebus
1741 1208 1897 1280 aliis
1924 1230 2100 1303 quas
2125 1231 2364 1283 secum
2392 1210 2711 1284 deferent
2735 1209 2827 1282 ad
2850 1210 3225 1306 predictos,
3245 1210 3377 1281 im·

554 1334 796 1430 pedire
829 1332 1192 1407 temerarie
1224 1352 1349 1403 seu
1377 1333 1744 1404 molestare
1776 1343 2156 1428 presumat.

651 1457 908 1530 Datum
959 1454 1243 1526 Lucerie
1263 1507 1284 1546 ,
1324 1473 1512 1528 anno
1560 1453 1906 1528 dominice
1951 1455 2444 1529 incarnationis
2490 1456 2856 1528 millesimo
2900 1456 3376 1530 ducentesimo

554 1577 1089 1676 quadragesimo
1113 1588 1343 1669 sexto,
1375 1598 1614 1650 mense
1643 1578 2068 1670 novembris,
2099 1579 2342 1674 quinte
2373 1578 2792 1653 indictionis.

665 2143 1055 2254 Magnetes
1092 2143 1450 2227 Franciae
1485 2145 1586 2226 ad
1623 2143 2181 2254 reprimendam
2211 2142 2662 2228 clericorum
2691 2143 3208 2252 arrogantiam
3245 2144 3379 2254 qui
3465 2152 3768 2207 mm.)

562 2276 642 2356 in
707 2275 1175 2359 secularibus
1239 2275 1545 2385 judiciis
1609 2302 1690 2358 se
1751 2274 2372 2380 intromiserunt,
2437 2274 2583 2358 sub
2640 2301 2886 2384 poena
2947 2275 3378 2359 amissionis

564 2407 945 2492 bonorum
1007 2419 1082 2490 et
1131 2406 1629 2491 mutilationis
1675 2407 1999 2491 membri
2046 2418 2390 2491 statuunt
2438 2418 2526 2489 ut
2576 2406 2837 2490 nullus
2884 2407 3202 2491 clericus
3259 2407 3380 2491 vel

566 2540 807 2623 laicus
844 2540 1181 2651 aliquem
1223 2541 1302 2619 in
1339 2566 1653 2621 causam
1688 2540 1977 2642 trahat,
2020 2540 2168 2621 nisi
2195 2566 2336 2649 pro
2371 2540 2705 2648 haeresi,
2745 2540 3231 2624 matrimonio
3261 2540 3383 2624 vel

563 2673 849 2779 usuris,
892 2683 979 2756 ut
1012 2674 1119 2755 ita
1154 2671 1401 2755 clerici
1441 2673 1539 2753 ad
1576 2680 1859 2754 statum
1890 2671 2269 2755 Ecclesiae
2302 2671 2723 2780 primitivae
2757 2672 3241 2754 reducantur.

733 2898 920 2979 (Edit.
951 2917 1050 2977 ap.
1078 2902 1281 2962 Mum.
1315 2901 1547 2972 Panis„
1579 2900 1733 2961 Hm.
1759 2900 1904 2981 maj.
1933 2897 2205 2981 Anqlor„
2231 2901 2308 2960 ad
2336 2918 2479 2962 ann.
2505 2908 2682 2980 1247,
2703 2917 2764 2977 p.
2795 2908 2934 2960 483.
2954 2900 3263 2962 -Ρνσιιυ,
3288 2900 3386 2962 dee

808 3003 999 3066 libert.
1027 3002 1097 3064 de
1124 2988 1361 3084 Pli'qlise
1386 3003 1702 3085 pullicum,
1743 3011 1791 3067 t.
1821 3007 1873 3078 Ι,
1908 3025 1969 3084 p.
1996 3015 2105 3078 99,
2134 3023 2210 3065 ex
2249 3007 2487 3065 archlvo
2517 3005 2726 3078 Pal-Is„
2763 3005 2969 3065 Trdsor
3002 3004 3100 3066 dee
3131 3006 3379 3081 chartea,

810 3112 1106 3189 Layettes‚
1141 3108 1533 3193 Ckampaqu,
1557 3114 1666 3191 VI,
1695 3121 1760 3171 n⁰
1787 3120 1897 3184 843
1927 3129 2087 3172 nunc
2113 3128 2256 3172 vero
2282 3109 2533 3190 deficit.)

672 3309 849 3393 Quia
881 3309 1293 3381 clericorum
1333 3310 1729 3403 superstitio
1763 3331 1906 3381 non
1945 3309 2313 3381 attendens
2349 3309 2539 3401 quod
2579 3308 2782 3381 bellis
2820 3319 2892 3380 et
2928 3311 3388 3402 quorumdam

574 3431 912 3525 sanguine
952 3434 1082 3504 sub
1123 3433 1365 3505 Carolo
1402 3454 1656 3524 magno
1697 3442 1768 3504 et
1806 3432 1959 3503 aliis
1991 3452 2284 3522 regnum
2317 3430 2603 3502 Francie
2633 3429 2723 3501 de
2755 3452 2990 3502 errore
3029 3435 3391 3525 gentilium

574 3557 665 3628 ad
682 3555 894 3629 fidem
917 3556 1328 3628 catholicam
1359 3556 1448 3628 sit
1478 3578 1915 3646 conversum,
1938 3556 2160 3651 primo
2184 3556 2487 3648 quadam
2513 3554 2900 3626 humilitate
2927 3576 3055 3628 nos
3080 3557 3386 3647 seduxit,

576 3677 701 3779 [et]
728 3681 926 3774 quasi
958 3682 1206 3776 vulpes
1233 3702 1307 3752 se
1336 3680 1539 3753 nobis
1568 3688 2002 3776 opponentes
2030 3701 2124 3750 ex
2149 3679 2456 3773 ipsorum
2488 3686 2872 3749 castrorum
2912 3679 3218 3771 reliquiis
3253 3702 3393 3774 que

577 3825 619 3875 a
669 3804 871 3876 nobis
912 3803 1298 3875 habuerant
1345 3803 1909 3890 fundamentum,
1941 3801 2495 3894 jurisdictionem
2547 3800 2960 3872 secularium
3006 3803 3392 3898 principum

579 3926 677 3997 sic
721 3926 1097 3999 absorbent
1139 3937 1217 3998 ut
1253 3924 1376 3997 filii
1417 3948 1779 3997 servorum
1814 3924 2196 3997 secundum
2246 3945 2407 3996 suas
2446 3925 2636 4015 leges
2667 3921 2985 4014 judicent
3022 3925 3277 3998 liberos
3323 3934 3395 3998 et

579 4046 756 4121 filios
788 4049 1189 4140 liberorum,
1228 4050 1547 4143 quamvis
1576 4048 1960 4121 secundum
1995 4051 2185 4142 leges
2230 4047 2538 4143 priorum
2578 4045 3152 4140 triumphatorum
3180 4048 3396 4122 debe·

584 4182 738 4243 rent
768 4193 810 4242 a
841 4172 1041 4244 nobis
1069 4173 1296 4268 potius
1318 4170 1618 4263 judicari
1650 4182 1720 4243 et
1747 4194 1872 4268 per
1901 4193 2120 4244 novas
2151 4169 2673 4242 constitutiones
2706 4188 2850 4239 non
2882 4168 3173 4242 deberet
3200 4182 3397 4246 ante·

454 4368 463 4375 ,
580 4315 933 4366 cessorum
960 4305 1354 4369 nostrorum
1383 4295 2003 4367 consuetudinibus
2034 4293 2388 4387 derogari3
2429 4313 2590 4363 cum
2616 4312 2746 4363 nos
2770 4291 3133 4366 deterioris
3167 4297 3403 4370 condi·

583 4417 788 4489 tionis
812 4417 1070 4488 faciant
1098 4439 1308 4511 quam
1338 4420 1524 4490 Deus
1555 4420 1764 4489 etiam
1796 4418 2016 4492 voluit
2048 4439 2199 4489 esse
2232 4416 2525 4510 gentiles
2567 4437 2727 4487 cum
2759 4415 3017 4489 dixerit
3052 4440 3070 4484 ε
3107 4419 3402 4494 Reddite

586 4561 724 4634 que
765 4551 927 4612 sunt
962 4541 1228 4627 Cesaris
1263 4541 1493 4614 Cesari
1534 4551 1608 4632 et
1642 4562 1781 4635 que
1824 4552 1984 4612 sunt
2024 4541 2151 4612 Dei
2197 4542 2381 4630 Deo;
2419 4559 2547 4610 nos
2586 4560 2829 4611 omnes
2873 4542 3070 4633 regni
3107 4546 3406 4636 majores

583 4673 847 4735 attento
892 4663 1125 4737 animo
1165 4665 1626 4760 percipientes
1665 4664 1855 4759 quod
1898 4684 2190 4756 regnum
2232 4683 2373 4734 non
2414 4683 2542 4756 per
2563 4663 2682 4755 jus
2728 4662 3060 4759 scriptum
3104 4687 3236 4737 nec
3279 4687 3407 4762 per
