4364 5738
992 586 1104 646 106
1987 587 2411 648 munemel
2463 587 2811 648 suenum
3420 588 3583 666 [An.
3622 590 3793 651 1243.

985 743 1161 802 cum
1224 718 1556 801 Ecclesia
1608 718 1949 801 Romana
2016 719 2638 825 compositionem
2691 719 2883 799 inire
2946 718 3377 827 contigerit,
3440 719 3644 828 ipsos
3702 723 3798 803 ab

987 851 1251 933 eadem
1283 851 1827 961 compositione
1863 876 2017 933 non
2055 851 2383 958 patietur
2417 850 2742 934 excludi.

1150 1078 1392 1158 (Incdlt.
1424 1096 1499 1138 ex
1525 1081 1795 1159 originali
1823 1083 1884 1140 in
1912 1080 2153 1142 archivo
2179 1082 2344 1140 clvtt.
2377 1080 2678 1142 Wormat.
2709 1078 3061 1157 asservato.)

1081 1280 1505 1370 FridericuS,
1548 1279 1672 1350 Dei
1711 1279 1942 1369 gracia
1972 1281 2441 1351 Romanorum
2481 1267 2857 1373 imperator
2899 1299 3171 1372 semper
3202 1287 3570 1369 augustuS,
3606 1280 3797 1350 Jeru-

989 1404 1203 1474 salem
1248 1414 1318 1474 et
1357 1403 1584 1474 Sicilie
1622 1425 1775 1473 rex.
1824 1383 2090 1474 Tenore
2126 1403 2554 1497 presentium
2596 1412 2840 1473 notum
2883 1401 3030 1473 fieri
3081 1403 3402 1473 volumus
3432 1402 3796 1491 universiS‚

989 1527 1180 1620 quod
1223 1548 1352 1597 nos
1391 1526 1828 1596 attendentes
1873 1526 2259 1596 inmensam
2310 1524 2519 1597 fidem
2571 1534 2641 1595 et
2694 1526 2946 1596 devota
2998 1523 3287 1595 servicia
3338 1523 3569 1594 dilecti
3610 1523 3796 1617 prin-

991 1649 1162 1742 cipis
1196 1650 1411 1720 nostri
1457 1652 1532 1720 L.
1572 1650 1987 1720 venerabilis
2026 1649 2546 1720 Wormatiensis
2591 1649 2931 1743 episcopi,
2983 1648 3201 1718 tocius
3241 1649 3404 1718 cleri
3456 1658 3526 1719 et
3567 1647 3791 1719 devoti

993 1772 1229 1867 populi
1265 1773 1481 1843 nostri
1510 1770 1923 1863 wormatia,
1958 1781 2351 1843 nostrorum
2381 1771 2690 1843 fidelium
2719 1785 3109 1843 nostrorum
3141 1769 3321 1866 (sic),
3345 1772 3801 1864 promittimus

991 1896 1180 1989 quod
1217 1896 1273 1966 si
1306 1896 1672 1989 contigerit
1710 1918 1836 1967 nos
1882 1918 2040 1967 cum
2073 1872 2379 1967 Ecclesia
2423 1897 2731 1968 Romana
2778 1895 3346 1991 compositionem
3397 1894 3604 1983 inire,
3645 1915 3798 1987 pre-

993 2019 1254 2090 dictum
1293 2019 1672 2112 principem
1713 2028 2027 2091 nostrum
2075 2019 2649 2090 Wormatiensem
2689 2019 3123 2113 episcopum,
3169 2019 3432 2088 clerum
3473 2028 3544 2088 et
3588 2019 3799 2088 Wor-

992 2143 1396 2213 matiensem
1435 2144 1762 2236 populum
1787 2197 1806 2232 ,
1850 2142 2089 2213 fideles
2122 2153 2426 2233 nostrOS‚
2460 2143 2550 2213 ab
2595 2141 2838 2214 eadem
2876 2142 3374 2235 compositione
3412 2140 3800 2211 nullatenus

992 2265 1334 2358 patiemur
1378 2266 1695 2356 excludi,
1738 2275 1819 2336 ut
1865 2266 2043 2337 sicut
2087 2266 2447 2338 nobiscum
2493 2275 2656 2337 sunt
2702 2266 2795 2337 ob
2844 2264 3302 2336 reverentiam
3351 2273 3421 2335 et
3474 2264 3802 2335 honorem

992 2400 1209 2461 status
1254 2391 1471 2462 nostri
1515 2391 1587 2459 in
1624 2389 2040 2461 adversitate
2092 2389 2494 2483 participes,
2540 2390 2638 2460 sic
2680 2390 3059 2482 composite
3105 2387 3611 2479 tranquillitatis
3651 2409 3796 2458 esse

991 2535 1134 2586 non
1180 2513 1486 2584 debeant
1533 2513 1956 2606 inexpertes,
2008 2512 2117 2583 Ad
2165 2513 2363 2601 cujus
2406 2512 2507 2581 rei
2563 2512 2967 2584 memoriam
3010 2522 3079 2583 et
3124 2513 3406 2583 tutelam
3449 2517 3797 2605 presentes

993 2637 1256 2707 litteras
1302 2635 1641 2707 conscribi
1682 2647 1752 2706 et
1794 2634 2111 2706 culminis
2157 2635 2374 2706 nostri
2423 2636 2649 2725 sigillo
2693 2636 3025 2727 jussimus
3072 2633 3504 2708 communiri.

1091 2760 1341 2829 Datum
1390 2759 1668 2848 Ariani,
1723 2781 1908 2830 anno
1960 2759 2301 2831 dominice
2359 2759 2849 2829 incarnationis
2906 2758 3268 2829 millesimo
3333 2757 3799 2829 ducentesimo

993 2885 1522 2977 quadragesimo
1558 2883 1798 2972 tercio,
1837 2905 2074 2954 mense
2106 2884 2417 2974 augusti,
2463 2883 2681 2976 prime
2714 2882 3131 2954 indictionis.

1443 3196 1529 3205 --ιο-4
1541 3198 1571 3204 -.
1585 3197 1618 3203 .-
1630 3195 2108 3203 ..ffl.——-—.

1101 3466 1523 3549 Fridericus
1541 3528 1564 3572 ,
1629 3465 2143 3550 Romanorum
2211 3467 2644 3575 imperator,
2717 3468 3094 3550 civitatem
3167 3467 3796 3552 Wormatiensem

994 3600 1308 3708 deputat
1355 3601 1455 3681 ad
1506 3598 1992 3682 celebrandas
2048 3600 2444 3683 annuatim
2516 3600 2978 3684 universales
3032 3601 3415 3684 nundinas
3477 3601 3797 3709 quinta-

993 3733 1288 3818 decima
1332 3731 1455 3814 die
1498 3743 1668 3841 post
1719 3732 2005 3813 Pascha
2056 3743 2130 3814 et
2180 3732 2457 3814 abinde
2526 3733 2793 3814 diebus
2846 3734 3285 3842 quindecim
3339 3734 3506 3816 aliis
3558 3734 3800 3816 dura-

994 3876 1230 3949 turaS.

1158 4091 1404 4168 (InedIt.
1435 4090 1869 4152 exchartularlo
1895 4091 2218 4167 wormat„
2248 4089 2345 4150 fol.
2385 4100 2458 4151 30
2488 4096 2670 4164 recto,
2697 4093 2760 4151 ln
2788 4091 3025 4153 archivo
3050 4089 3567 4168 Darmstadtensi.)

1092 4288 1513 4379 FridericuS,
1550 4293 1673 4363 Dei
1715 4293 1938 4386 gratia
1965 4293 2433 4364 Romanorum
2469 4291 2845 4387 imperator
2886 4312 3161 4387 semper
3195 4301 3567 4383 augustus,
3601 4291 3797 4361 Jeru-

998 4412 1213 4485 salem
1250 4423 1321 4483 et
1355 4413 1580 4486 Sicilie
1620 4437 1772 4487 rex.
1812 4416 1926 4488 Ad
1973 4415 2107 4488 hoc
2152 4415 2223 4485 in
2273 4415 2629 4510 oportunis
2674 4415 2843 4487 locis
2885 4415 3248 4507 generales
3284 4414 3597 4486 nundine
3638 4422 3799 4485 sunt

998 4534 1279 4606 invente
1337 4545 1417 4606 ut
1477 4538 1858 4609 communis
1913 4538 2174 4610 utilitas
2233 4559 2443 4632 quam
2497 4540 2702 4631 longe
2766 4539 3041 4630 lateque
3109 4538 3412 4609 humana
3476 4543 3800 4632 procurat

997 4658 1367 4750 industria,
1417 4660 1873 4731 communiter
1924 4662 2208 4733 alternis
2260 4663 2689 4736 commerciis
2738 4672 3170 4756 procuretur.
3231 4662 3407 4734 Hinc
3457 4669 3563 4734 est
3607 4657 3797 4753 quod
