4364 5738
1017 587 1097 645 86
2016 581 2445 642 anssmcl
2489 582 2832 644 sncuxm
3454 582 3618 659 [Ass.
3658 583 3827 645 1243.

1174 773 1367 852 (Edit.
1412 788 1508 849 ap.
1554 770 2026 841 Ssucnnnuo,
2066 766 2291 830 Selecta
2315 769 2480 850 juris
2519 776 2575 830 et
2600 768 2927 843 historiar„
2958 775 3006 829 t.
3040 769 3131 844 11,
3160 785 3222 845 p.
3252 777 3389 829 268.
3424 801 3503 814 —
3533 770 3833 851 Sum,

1262 876 1452 940 Gescln.
1492 875 1899 959 wirtember-qs,
1929 882 1979 937 t.
2013 878 2062 949 1,
2092 894 2151 954 p.
2189 880 2348 950 70⁷.)

1118 1068 1501 1141 Fridericus
1522 1121 1542 1158 ,
1574 1067 1699 1139 Dei
1740 1066 1962 1158 gratia
2006 1068 2472 1139 Romanorum
2506 1066 2887 1160 imperator
2923 1085 3200 1159 semper
3237 1073 3609 1156 augustus,
3642 1067 3837 1139 Jeru-

1026 1195 1239 1267 salem
1274 1201 1344 1264 et
1370 1191 1598 1264 Sicilie
1627 1212 1781 1262 rex.
1815 1191 1919 1261 Ne
1950 1190 2323 1262 conventio
2359 1188 2727 1284 emptionis
2759 1187 2848 1260 de
2880 1189 3210 1260 comitatu
3238 1188 3309 1259 in
3341 1187 3686 1282 Albegow
3715 1211 3839 1285 per

1021 1338 1151 1391 nos
1178 1338 1339 1388 cum
1372 1315 1624 1387 comite
1655 1315 2082 1385 Hartmanno
2128 1313 2219 1385 de
2246 1311 2642 1405 Groningen
2683 1313 2864 1383 facta
2896 1313 2967 1383 in
3001 1311 3291 1384 dubium
3329 1313 3572 1385 venire
3612 1315 3839 1386 valeat

1022 1452 1144 1513 aut
1195 1441 1433 1533 aliquo
1473 1439 1683 1511 modo
1736 1436 2131 1527 retractari,
2184 1459 2311 1532 per
2348 1457 2637 1533 presens
2682 1436 3015 1531 scriptum
3057 1433 3464 1532 profitemur
3513 1457 3640 1509 nos
3682 1458 3839 1533 pre-

1025 1567 1286 1639 dictum
1324 1565 1727 1637 comitatum
1765 1564 1837 1633 in
1876 1563 2264 1656 Albegowe
2297 1584 2457 1635 cum
2498 1572 2724 1635 castro
2760 1562 3192 1654 Megesolves
3225 1559 3364 1658 (l),
3409 1560 3834 1654 hominibus,

1027 1688 1575 1786 possessionibus
1605 1696 1675 1759 et
1701 1686 2023 1759 omnibus
2049 1686 2487 1783 pertinentiis
2504 1687 2646 1758 suis
2676 1707 2718 1756 a
2748 1684 3064 1780 predicto
3081 1686 3168 1757 H.
3197 1685 3446 1757 comite
3474 1708 3604 1781 pro
3624 1685 3838 1758 tribus

1027 1813 1332 1885 millibus
1376 1821 1447 1883 et
1490 1811 2106 1884 ducentis-marcis
2156 1809 2426 1901 argenti
2462 1810 2553 1882 ad
2594 1809 2870 1905 pondus
2913 1809 3192 1882 Colonie
3231 1830 3710 1905 comparasse;
3754 1810 3841 1885 de

1028 1935 1283 2029 quibus
1327 1934 1421 2008 ad
1455 1955 1742 2031 presens
1791 1933 2123 2006 solvimus
2169 1934 2234 2005 ei
2281 1935 2754 2029 septingentas
2810 1953 3079 2005 marcas
3126 1932 3393 2026 argenti
3436 1933 3526 2005 de
3570 1954 3842 2007 camera

1029 2071 1266 2133 nostra
1315 2059 1408 2131 ad
1448 2057 1724 2155 pondus
1767 2057 2199 2154 predictum,
2240 2067 2311 2129 et
2348 2058 2418 2129 in
2464 2060 2641 2131 festo
2681 2057 2914 2129 Sancti
2943 2055 3296 2129 Michaelis
3328 2058 3646 2152 proxime
3673 2079 3841 2130 ven-

1031 2193 1187 2255 turo
1231 2184 1538 2255 secunde
1569 2182 1966 2255 indictionis
2001 2183 2229 2254 solvet
2272 2181 2337 2254 ei
2385 2202 2513 2276 pro
2550 2189 2747 2275 parte
2791 2188 3028 2252 nostra
3063 2180 3391 2276 Wippoto
3422 2180 3512 2252 de
3552 2181 3844 2254 Wizem·

1026 2309 1209 2400 burg
1246 2306 1470 2378 fidelis
1506 2316 1740 2377 noster
1768 2306 2184 2400 quingentas
2221 2326 2491 2377 marcas
2523 2306 2611 2377 de
2648 2304 2959 2399 precaria
2986 2325 3126 2397 que
3158 2305 3349 2400 apud
3385 2304 3747 2397 Esslingen
3778 2314 3848 2377 et

1026 2432 1487 2505 Gamundiam
1528 2431 1619 2502 ad
1656 2452 1834 2523 opus
1875 2431 2066 2500 curie
2104 2439 2339 2502 nostre
2380 2429 2699 2525 primitus
2738 2429 3159 2523 imponetur.
3201 2429 3280 2499 In
3314 2430 3634 2523 proximo
3673 2449 3846 2523 quo·

1030 2577 1169 2646 que
1219 2557 1393 2625 festo
1440 2552 1986 2623 Resurrectiouis
2031 2551 2377 2623 dominice
2430 2552 2741 2645 predicte
2787 2551 3184 2624 indictionis
3233 2552 3422 2626 mille
3469 2573 3738 2626 marcas
3787 2553 3848 2622 ei

1034 2679 1210 2750 solvi
1245 2678 1611 2767 faciemus3
1652 2699 1788 2769 que
1822 2677 1880 2747 si
1915 2677 1985 2746 in
2019 2677 2269 2749 eodem
2305 2678 2599 2749 termino
2626 2677 2759 2749 sibi
2790 2678 3013 2749 solute
3045 2698 3186 2749 non
3229 2678 3520 2767 fuerint,
3562 2700 3657 2750 ex
3688 2688 3852 2751 tunc

1034 2801 1420 2896 obligamus
1452 2801 1517 2872 ei
1548 2823 1675 2897 per
1704 2821 1952 2874 manus
1985 2801 2151 2874 dicti
2184 2803 2295 2875 W.
2331 2801 2667 2898 oppidum
2698 2810 3012 2874 nostrum
3044 2801 3317 2898 Essling
3343 2822 3503 2873 cum
3531 2801 3853 2876 omnibus

1028 2927 1302 3019 juribus
1345 2947 1430 2999 ac
1472 2926 1907 3021 pertinentiis
1956 2928 2138 3017 suis,
2192 2928 2372 2999 sicut
2424 2948 2552 2998 nos
2603 2927 2832 3022 ipsum
2880 2936 3236 3017 tenemus,
3297 2926 3497 3000 titulo
3549 2927 3854 3023 pignoris

1038 3050 1416 3124 tenendum
1464 3071 1686 3143 usque
1734 3051 1826 3122 ad
1869 3051 2211 3142 integram
2251 3050 2666 3122 solutionem
2711 3051 2901 3121 mille
2941 3071 3355 3123 marcarum.
3414 3051 3492 3122 In
3535 3052 3853 3146 proximo

1039 3195 1207 3246 vero
1263 3175 1437 3244 sesto
1495 3175 1714 3245 sancti
1766 3174 2001 3246 Jacobi
2063 3174 2359 3268 apostoli
2417 3173 2734 3246 homines
2785 3175 3153 3247 comitatus
3214 3174 3528 3267 ejusdem
3586 3178 3855 3249 solvent

1040 3296 1265 3367 eidem
1299 3295 1533 3366 comiti
1560 3306 1683 3367 aut
1714 3298 1864 3388 ejus
1892 3306 2083 3369 certo
2116 3298 2363 3368 nuntio
2395 3320 2520 3392 pro
2554 3309 2750 3392 parte
2779 3308 3018 3371 nostra
3041 3299 3354 3371 residuas
3375 3300 3564 3372 mille
3592 3321 3856 3373 marcas

1040 3419 1112 3489 in
1153 3418 1535 3490 subsidium
1573 3420 1968 3515 emptionis,
2014 3421 2219 3506 Quod
2260 3421 2315 3491 si
2353 3422 2743 3517 predictum
2790 3422 3113 3495 comitem
3145 3424 3451 3517 premori
3495 3425 3859 3518 contigerit

1040 3551 1161 3613 aut
1190 3564 1478 3637 presens
1504 3543 1679 3615 forte
1712 3545 1783 3614 in
1817 3545 2152 3616 Teutonia
2189 3566 2329 3616 non
2368 3546 2601 3637 fuerit,
2643 3547 2957 3640 predicta
2994 3548 3290 3643 pecunia
3322 3548 3474 3620 looo
3506 3549 3613 3621 sui
3643 3550 3858 3622 eomi-

1045 3666 1226 3737 tibus
1267 3666 1356 3738 de
1395 3667 1838 3760 Wirtenberg
1885 3668 2258 3763 nepotibus
2302 3669 2443 3739 suis
2492 3668 2818 3741 fidelibus
2861 3671 3115 3743 nostris
3163 3671 3234 3741 in
3287 3673 3675 3746 constitutis
3721 3683 3857 3746 ter·

1037 3790 1243 3861 minis
1276 3791 1737 3884 persolvetur,
1770 3791 2144 3886 prestanda
2189 3793 2389 3863 nobis
2421 3814 2548 3888 per
2587 3793 2774 3889 ipsos
2805 3795 3093 3866 comites
3125 3793 3213 3865 de
3263 3795 3605 3869 solutione
3648 3818 3859 3891 pecu-

1040 3915 1152 3987 nie
1186 3914 1498 4009 plenaria
1530 3914 1875 3986 cautione.
1915 3913 2022 3986 Ad
2067 3914 2275 4006 hujus
2308 3916 2410 3987 rei
2451 3917 2855 3989 memoriam
2888 3940 3180 4012 presens
3224 3919 3557 4013 scriptum
3602 3919 3751 3994 fieri
3794 3930 3863 3993 et

1041 4038 1420 4129 majestatis
1452 4048 1686 4110 nostre
1719 4037 1946 4130 sigillo
1970 4039 2305 4130 jussimus
2336 4040 2771 4112 communiri.

1140 4160 1390 4231 Datum
1449 4163 1678 4256 Capue
1702 4216 1722 4251 ,
1778 4184 1965 4233 anno
2021 4162 2366 4234 dominice
2422 4163 2914 4235 incarnationis
2977 4166 3340 4238 millesimo
3391 4167 3863 4240 ducentesimo

1049 4278 1576 4372 quadragesimo
1611 4286 1839 4377 tertio,
1872 4306 2111 4358 mense
2143 4286 2405 4380 apriliS,
2439 4287 2661 4381 prime
2693 4287 3110 4360 indictionis,

1133 4584 1202 4658 (l)
1241 4586 1386 4643 Idem
1414 4586 1633 4646 videtur
1659 4605 1783 4648 esse
1811 4594 1954 4664 quod
1982 4594 2142 4652 hodie
2171 4602 2393 4654 vocatur
2418 4595 2667 4668 Meylofs.
