4364 5738
604 540 808 599 ῐηυιοτ.
842 537 935 615 3.]
1496 538 1891 601 HISTORIA
1939 539 2536 603 ml’LOMATch.
3306 540 3424 601 277

606 671 1050 744 commissum
1100 680 1230 760 est,
1265 670 1513 744 diebus
1565 673 1713 746 istis
1763 675 2016 768 quibus
2073 697 2214 747 non
2272 677 2498 746 solum
2557 673 2957 746 paschalem
3010 693 3268 764 agnum
3324 672 3425 769 (a)

606 795 1118 868 communicare
1161 794 1601 887 christicolis,
1647 799 1773 870 sed
1807 820 2098 871 exorare
2140 820 2268 893 pro
2299 796 2855 893 persecutoribus
2896 796 3102 867 etiam
3152 807 3422 869 tenere·

608 928 747 1009 tur,
797 917 1173 990 voluntatis
1213 940 1337 990 sue
1373 919 1657 992 arbitrio
1694 919 1791 1017 (b)
1822 923 1979 1016 plus
2022 922 2258 994 debito
2309 923 2560 993 laxatis
2598 920 2923 1009 habenis,
2972 919 3142 991 dum
3186 920 3426 991 credat

606 1040 736 1112 sibi
787 1024 994 1112 licere
1056 1040 1247 1133 quod
1305 1042 1557 1136 libeat,
1622 1044 2051 1139 spiritualem
2106 1055 2348 1117 contra
2406 1066 2534 1116 nos
2592 1043 2901 1136 gladium
2956 1042 3427 1138 temporaliter

607 1173 935 1238 exerceat
970 1175 1041 1235 et
1079 1165 1415 1261 procedat
1454 1166 1527 1237 in
1572 1167 1808 1261 aliquo
1849 1168 1907 1239 si
1949 1168 2086 1240 dici
2127 1168 2330 1240 liceat
2376 1168 2604 1239 minus
2636 1168 2860 1258 juste;
2905 1187 3066 1237 ecce
3076 1218 3418 1237 .....

611 1339 1605 1362 .............
1658 1289 1763 1387 (l)
1818 1290 2061 1363 fideles
2127 1302 2401 1365 nostros
2465 1291 2557 1363 ad
2621 1301 2926 1362 vestram
3005 1290 3423 1386 presentiam

607 1409 937 1485 duximus
954 1410 1433 1501 destinandOS,
1456 1434 1784 1485 concessa
1809 1414 1908 1485 eis
1932 1415 2023 1486 ab
2043 1415 2459 1487 excellentia
2487 1425 2722 1486 nostra
2748 1423 3089 1508 potestate
3113 1413 3422 1507 plenaria

605 1542 756 1604 uta
785 1535 1189 1626 gravamine
1223 1545 1295 1607 et
1333 1535 1572 1630 iniquo
1612 1558 1942 1631 processu
1985 1539 2203 1633 patris
2235 1538 2547 1631 ejusdem
2588 1560 2821 1610 coram
2869 1547 3010 1608 tam
3042 1536 3425 1608 venerabili

605 1667 761 1730 cetu
802 1665 1076 1752 patrum
1113 1659 1339 1754 primo
1381 1660 1472 1732 ad
1515 1661 1736 1731 Deum
1773 1661 2014 1733 vivum
2049 1663 2247 1753 cujus
2290 1662 2570 1733 nutibus
2612 1660 3052 1733 attribuimus
3092 1660 3425 1754 quicquid

605 1802 881 1869 sumuS,
925 1791 997 1853 et
1029 1782 1473 1881 postmodum
1519 1783 1611 1855 ad
1659 1785 1971 1854 futurum
2021 1806 2366 1855 summum
2414 1783 2846 1879 pontificem,
2887 1784 2978 1855 ad
3026 1786 3424 1875 generalem

606 1902 984 1997 synodum,
1032 1904 1125 1976 ad
1159 1905 1506 1999 principes
1547 1905 1988 1995 Alamannie,
2015 1917 2088 1977 et
2115 1908 2533 1998 generaliter
2575 1908 2667 1979 ad
2713 1908 3076 1979 universos
3116 1928 3314 1999 reges
3355 1918 3427 1978 et

604 2026 954 2121 principes
997 2027 1186 2098 orbis
1226 2037 1406 2099 terre
1443 2050 1527 2099 ac
1564 2037 1832 2100 ceteros
1866 2028 2305 2117 christianos,
2347 2051 2476 2122 pro
2518 2039 2714 2125 parte
2755 2040 2991 2101 nostra
3042 2030 3257 2101 libere
3298 2052 3421 2102 va-

606 2149 796 2220 leant
825 2150 1212 2244 appellare3
1250 2159 1505 2240 ratum,
1539 2162 1815 2243 gratum
1843 2163 1914 2223 et
1940 2148 2217 2222 firmum
2245 2151 2583 2223 habentes
2618 2152 2958 2244 quidquid
2984 2153 3150 2224 dicti
3183 2150 3424 2224 fideles

605 2272 821 2343 nostri
855 2292 1066 2366 super
1092 2272 1228 2345 hiis
1258 2295 1386 2368 pro
1414 2284 1611 2369 parte
1638 2274 1856 2347 nostri
1885 2275 2206 2347 culminis
2235 2275 2566 2348 duxerint
2592 2275 3013 2347 faciendum.

2687 2570 3014 2579 -————-

715 2831 1045 2929 Quidam
1109 2830 1364 2914 fautor
1425 2829 1804 2914 Ecclesiae
1873 2831 1953 2912 in
2009 2831 2353 2940 partibus
2415 2829 2673 2914 ltaliae
2726 2855 2962 2940 agens
3012 2832 3111 2913 ad
3163 2833 3422 2914 cardi-

606 2962 817 3045 nales
865 2965 1070 3072 apud
1112 2963 1577 3072 Lugdunum
1622 2966 1778 3048 duo
1823 2964 2295 3047 memorialia
2340 2963 2599 3073 dirigit
2650 2963 2782 3045 ubi
2835 2964 3174 3047 facinora
3235 2965 3418 3047 Fri-

605 3094 860 3176 derico
903 3091 1341 3202 imperatori
1391 3095 1685 3205 objecta
1728 3097 1894 3178 fuse
1940 3106 2420 3202 enarrantur,
2460 3107 2866 3205 monetque
2912 3123 3009 3178 ne
3063 3097 3207 3180 sub
3261 3098 3421 3182 ulla

606 3225 1036 3308 conditione
1070 3251 1221 3335 pax
1255 3253 1433 3308 cum
1470 3228 1737 3310 eodem
1774 3229 2080 3311 tractari
2115 3229 2425 3333 debeat,
2466 3229 2655 3311 dum
2690 3229 2941 3312 omnis
2985 3256 3231 3337 poena
3265 3257 3420 3340 qua

609 3355 962 3439 mulctari
997 3358 1237 3466 possit
1272 3358 1541 3441 debeat
1574 3359 1887 3443 inferior
1921 3359 2331 3443 sceleribus
2367 3359 2530 3469 ejus
2559 3360 2913 3468 judicari.

693 3515 777 3595 (a)
805 3517 969 3578 Licet
992 3533 1071 3578 ex
1096 3517 1191 3577 his
1217 3517 1435 3596 verbis,
1462 3518 1609 3579 haee
1633 3520 1879 3596 epistola
1904 3519 1984 3581 ad
2009 3505 2293 3580 Pascbale
2307 3524 2562 3595 tempus,
2585 3517 2806 3579 seilicet
2828 3521 2892 3578 in
2917 3519 3177 3579 secunda
3204 3523 3420 3581 mensis

606 3625 807 3703 aprilis
850 3632 1018 3703 parte
1035 3670 1056 3705 ,
1109 3626 1425 3703 rejicienda
1463 3626 1788 3705 videretur,
1827 3627 2189 3688 arbitramur
2253 3633 2453 3688 tamen
2489 3629 2898 3702 imperatorem
2936 3625 3034 3685 hic
3075 3627 3418 3703 generaliter

605 3731 788 3809 loqui.
806 3791 813 3796 ,
832 3733 1176 3793 variantem
1214 3734 1455 3808 insuper
1488 3734 1551 3791 in
1590 3731 1703 3793 boc
1739 3733 1868 3793 loco
1904 3732 2211 3797 lectionem
2248 3730 2532 3792 exhibent
2565 3731 2796 3792 codices
2828 3730 3325 3807 Wilheringensis
3360 3739 3419 3790 et

606 3836 1076 3898 vindobonensis
1108 3836 1383 3897 videlicet
1421 3856 1438 3897 ε
1490 3838 1720 3898 Utinam
1737 3840 1941 3920 justus
1952 3835 2151 3920 judex
2179 3835 2376 3898 diebus
2401 3838 2529 3898 istis
2557 3837 2610 3896 si
2635 3837 2738 3916 qui
2774 3832 2992 3895 Christi
3012 3832 3200 3912 fidem
3234 3853 3417 3894 evan-

606 3939 862 4020 qelizam
911 3945 978 4004 in
1028 3944 1225 4014 terris,
1270 3948 1341 4003 at
1390 3941 1700 4018 credimus,
1740 3962 1861 4005 non
1913 3942 2096 4005 solum
2134 3942 2497 4004 clemenciam
2542 3943 2876 4003 ministrare
2920 3937 3281 4010 christicolis,
3320 3939 3423 4000 sed

607 4061 867 4121 exorare,
902 4054 1002 4109 etc.
2396 4043 2402 4050 ’

692 4150 771 4229 (b)
813 4153 885 4213 In
911 4153 1145 4216 duobus
1167 4156 1602 4233 supralaudatis
1632 4155 1927 4217 codiclbns
1955 4155 2173 4234 legltnr
2194 4170 2210 4215 ε
2232 4149 2522 4214 voluntati
2555 4149 2950 4230 meson-sitan.

682 4438 755 4509 (l)
790 4438 1009 4516 Scilicet
1032 4441 1305 4499 Taddeum
1328 4444 1397 4500 de
1422 4443 1647 4512 Suessa,
1677 4442 1986 4498 Walterum
2015 4439 2084 4496 de
2107 4439 2265 4509 Ocra,
2295 4437 2559 4511 aliosque;
2588 4437 2866 4494 Taddeum
2889 4453 3018 4497 vero
3044 4438 3291 4497 facultate
3316 4440 3423 4533 ista⁴

608 4549 800 4606 usum,
830 4550 867 4591 a
891 4535 1114 4593 concilio
1147 4537 1503 4610 Lugdunensi·
1522 4538 1592 4595 ad
1617 4537 1902 4595 concilium
1931 4535 2173 4609 proximo
2207 4535 2448 4591 futurum
2476 4534 2774 4607 generalius
2811 4535 3112 4609 appellasse
3147 4553 3214 4595 ex
3243 4536 3421 4594 docu-

607 4637 794 4692 mento
815 4632 1089 4705 sequenti,
1122 4635 1190 4692 ⁴7
1214 4634 1352 4706 iulii,
1380 4641 1437 4693 et
1460 4650 1533 4693 ex
1551 4633 1808 4720 Matthaei
1832 4633 2002 4691 Paris.
2029 4631 2337 4691 testimonio
2363 4632 2519 4707 paulo
2540 4631 2684 4694 infra
2707 4631 2933 4706 patebit.
2965 4667 2972 4670 -
3309 4628 3318 4638 “

3544 2843 3762 2947 Am]
