4364 5738
565 534 773 592 lum.
802 529 899 607 3.]
1453 526 1847 593 HISTORIA
1896 529 2489 593 DIPLOMATICA.
3269 528 3396 593 325

569 665 777 759 liquis
802 673 1040 736 autem
1068 664 1269 736 bonis
1295 665 1621 737 omnibus
1653 666 1965 761 spoliatis
1991 676 2063 738 et
2086 666 2173 738 de
2204 667 2357 738 loco
2383 667 2475 737 ad
2509 665 2738 737 locum
2773 663 2844 735 in
2874 684 3091 758 regno
3120 666 3394 738 Scicilie

569 788 1020 883 obprobriose
1079 787 1398 859 deductis
1448 806 1531 860 ac
1575 786 1836 862 ibidem
1894 789 2093 862 duris
2140 788 2535 861 carceribus
2591 788 3032 883 mancipatisg
3092 808 3388 883 quorum

494 937 498 941 ·
568 911 782 1006 aliqui
833 911 1167 982 macerati
1221 912 1664 1004 squaloribus
1724 922 1797 985 et
1857 911 2091 984 inedia
2145 913 2365 1006 pressi
2419 912 2903 984 miserabiliter
2956 912 3385 986 defecerunt.

568 1034 815 1108 Merito
852 1034 1139 1128 insuper
1170 1043 1419 1106 contra
1452 1056 1613 1106 eum
1643 1035 1733 1107 de
1760 1033 2066 1107 heretica
2093 1035 2435 1130 pravitate
2463 1035 2754 1130 suspitio
2790 1044 2897 1106 est
2921 1046 3192 1128 exorta,
3230 1055 3390 1108 cum

567 1167 935 1253 postquam
980 1159 1730 1231 ‚excommunicationis
1800 1159 2214 1231 sententiam
2275 1179 2319 1229 a
2374 1159 2662 1253 prefatis
2713 1159 2773 1230 J.
2822 1158 3182 1231 sabinensi
3241 1159 3392 1254 epi-

570 1302 780 1376 scopo
812 1291 887 1353 et
908 1283 989 1352 T.
1020 1281 1356 1353 cardinali
1387 1284 1726 1376 prolatam
1758 1283 2143 1354 incurreret
2181 1291 2255 1352 et
2288 1281 2517 1353 dictus
2547 1301 2726 1377 papa
2755 1282 3125 1373 Gregorius
3161 1282 3386 1377 ipsum

570 1403 1033 1476 anathematis
1082 1403 1373 1476 ‘vinculo
1424 1405 1897 1497 innodaverit,
1940 1407 2174 1477 claves
2215 1405 2520 1476 Ecclesie
2574 1405 3064 1500 contempserit
3108 1415 3180 1477 et
3220 1424 3394 1477 con-

573 1537 884 1622 tempnat
903 1579 925 1617 ,
964 1527 1098 1598 sibi
1130 1527 1393 1598 faciens
1425 1527 1760 1600 celebrari
1797 1530 1909 1601 vel
1939 1528 2181 1624 pocius
2221 1537 2559 1620 quantum
2599 1527 2674 1598 in
2710 1548 2799 1600 eo
2832 1538 2937 1599 est
2970 1529 3387 1623 prophanari

569 1650 847 1740 divina,
881 1659 953 1720 et
974 1661 1379 1722 constanter
1401 1653 1693 1723 asseruit
1718 1664 1801 1723 ut
1832 1653 2151 1747 superius
2179 1662 2288 1723 est
2316 1660 2672 1725 narratum
2698 1671 2775 1723 se
2805 1652 3054 1746 prefati
3079 1653 3389 1745 Gregorii

570 1793 752 1866 pape
801 1773 1191 1845 sentencias
1241 1795 1386 1845 non
1450 1775 1705 1846 vereri.
1768 1776 2091 1846 Preterea
2158 1776 2570 1866 conjunctus
2621 1774 2934 1846 amicicia
2997 1775 3388 1848 detestabili

571 1896 1004 1987 sarracenis,
1044 1897 1341 1968 nuncios
1377 1906 1453 1967 et
1494 1917 1787 1968 munera
1829 1898 2090 1992 pluries
2140 1898 2522 1969 destinavit
2565 1898 2826 1970 eisdem
2872 1908 2942 1969 et
2983 1899 3075 1970 ab
3124 1899 3386 1972 eisdem

572 2018 872 2091 vicissim
910 2020 1099 2092 omni
1141 2017 1664 2093 honorificentia
1706 2030 1780 2091 et.
1811 2018 2130 2116 ylaritate
2176 2021 2476 2115 recepit,
2528 2021 2971 2114 ipsorumque
3018 2022 3192 2093 ritus
3236 2042 3392 2094 am-

573 2142 921 2236 plectitur,
978 2144 1132 2214 illos
1177 2142 1251 2212 in
1305 2142 1700 2214 cottidianis
1754 2143 1908 2235 ejus
1954 2139 2308 2235 obsequiis
2365 2141 2761 2213 notabiliter
2810 2162 3046 2213 secum
3101 2153 3379 2236 tenens3

570 2267 974 2339 eorumdem
1008 2268 1221 2338 etiam
1249 2287 1467 2356 more,
1504 2266 1839 2337 uxoribus
1883 2286 2058 2359 quas
2082 2265 2330 2337 habuit
2360 2262 2451 2336 de
2484 2264 2696 2359 stirpe
2731 2265 2919 2356 regia
2954 2265 3389 2338 descenden-

573 2389 757 2461 tibus
796 2388 1185 2478 eunuchoS,
1214 2389 1542 2484 precipue
1575 2410 1753 2482 quos
1786 2399 1864 2460 ut
1890 2388 2145 2461 dicitur
2168 2389 2348 2462 serio
2385 2389 2669 2460 castrari
2718 2390 3010 2478 fecerat,
3046 2408 3189 2461 non
3225 2412 3388 2461 eru-

572 2512 724 2583 huit
757 2514 1094 2608 deputare
1131 2512 1478 2584 custodes.
1519 2513 1612 2584 Et
1647 2512 1838 2607 quod
1874 2510 2337 2585 execrabilius
2378 2523 2518 2602 est,
2562 2511 2725 2583 olim
2764 2511 3072 2583 existens
3117 2513 3187 2583 in
3223 2536 3390 2609 par-

572 2634 756 2706 tibus
790 2637 1298 2725 transmarinis,
1343 2637 1525 2707 facta
1563 2634 2060 2730 compositione
2098 2636 2438 2728 quadam,
2484 2636 2697 2706 immo
2736 2636 3115 2707 collusione
3152 2638 3385 2709 verius

573 2779 731 2829 cum
784 2759 1126 2849 Soldano‚
1172 2759 1582 2832 Machometi
1626 2779 1883 2830 nomen
1930 2758 1999 2830 in
2055 2760 2315 2853 templo
2351 2759 2623 2830 Domini
2663 2758 2910 2829 diebus
2953 2769 3023 2830 et
3066 2761 3384 2832 noctibus

574 2884 847 2976 publice
887 2884 1299 2978 proclamari
1337 2884 1673 2978 permisit.
1720 2884 1811 2954 Et
1845 2903 2075 2977 nuper
2106 2883 2400 2954 nuncios
2436 2883 2718 2955 Soldani
2756 2882 3109 2955 Babilonie
3126 2936 3147 2974 ,
3193 2895 3386 2978 post·

574 3027 787 3098 quam
826 3006 1012 3078 idem
1056 3006 1401 3078 Soldanus
1443 3008 1652 3077 Terre
1702 3005 1952 3078 Sancte
1984 3026 2069 3077 ac
2101 3005 2494 3077 christianis
2533 3003 3034 3078 habitatoribus
3073 3008 3226 3098 ejus
3260 3028 3387 3102 per

576 3149 655 3198 se
682 3148 767 3199 ac
794 3148 959 3199 suos
990 3128 1294 3223 dampna
1329 3129 1737 3219 gravissima
1778 3139 1851 3200 et
1898 3129 2409 3200 inextimabiles
2452 3129 2740 3222 injurias
2792 3129 3164 3222 irrogarat,
3225 3131 3392 3203 fecit

578 3271 709 3344 per
728 3269 1025 3342 regnum
1054 3251 1283 3323 Sicilie
1312 3273 1472 3323 cum
1514 3253 1836 3324 laudibus
1861 3253 1952 3324 ad
1983 3250 2295 3345 ejusdem
2336 3253 2620 3346 Soldani
2655 3254 3137 3326 excellentiam
3155 3307 3174 3344 ,
3210 3256 3390 3328 sicut

579 3375 822 3463 fertur,
862 3372 1241 3446 honorifice
1272 3374 1523 3468 suscipi
1564 3385 1635 3445 et
1663 3373 2031 3468 magnifice
2057 3375 2439 3471 procurari.
2489 3374 2797 3448 Aliorum
2826 3397 3105 3471 quoque
3140 3377 3389 3452 infide·

579 3498 747 3569 lium
778 3497 1186 3593 perniciosis
1216 3507 1287 3570 et
1326 3498 1692 3569 horrendis
1728 3471 2077 3591 obsequiis
2117 3509 2360 3572 contra
2387 3498 2628 3571 fideles
2657 3497 2956 3572 abutens
2990 3511 3060 3571 et
3099 3501 3236 3573 illis
3264 3504 3385 3596 qui

578 3621 1112 3716 dampnabiliter
1145 3621 1654 3715 vilipendentes
1684 3621 2152 3715 Apostolicam
2193 3622 2445 3695 Sedem
2476 3621 2567 3692 ab
2598 3622 2863 3693 unitate
2892 3623 3194 3694 Ecclesie
3244 3623 3392 3694 dis·

579 3755 963 3835 cesserunt,
991 3764 1376 3840 procurans
1399 3743 1729 3817 affinitate
1756 3765 1842 3816 ac
1865 3745 2175 3818 amicicia
2199 3745 2532 3842 copulari,
2567 3746 2752 3816 clare
2782 3745 3111 3816 memorie
3138 3744 3385 3816 ducem

578 3869 864 3941 Bavarie
900 3869 1271 3964 specialem
1308 3868 1614 3939 Ecclesie
1651 3869 1957 3940 Romane
1998 3869 2330 3941 devotum
2368 3869 2565 3958 fecit,
2600 3868 2776 3940 sicut
2813 3887 2940 3961 pro
2976 3876 3170 3937 certo
3197 3885 3386 3937 asse·

577 3991 772 4077 ritur,
816 3991 1191 4063 christiana
1223 3991 1552 4083 religione
1580 3991 1940 4086 despecta,
1976 4012 2105 4085 per
2125 3991 2526 4064 Assassinos
2550 3989 2769 4062 occidi
2789 4043 2808 4080 ,
2846 4001 2917 4060 et
2945 3988 3230 4060 Vatacio
3258 3990 3386 4061 Dei

582 4124 652 4184 et
674 4115 981 4190 Ecclesie
1018 4115 1296 4186 inimico
1328 4136 1373 4185 a
1407 4113 1895 4186 communione
1930 4112 2243 4187 fidelium
2283 4135 2411 4209 per
2435 4113 3184 4185 ‘excommunicationis
3227 4134 3390 4185 sen·

581 4237 877 4308 tenciam
910 4259 1071 4310 cum
1114 4237 1548 4329 adjutoribus
1583 4247 1658 4308 et
1695 4237 2247 4309 consiliatoribus
2294 4247 2366 4307 et
2409 4235 2837 4308 fauctoribus
2875 4236 3018 4307 suis
3060 4237 3387 4333 sollemp-

582 4360 767 4430 niter
800 4372 1159 4454 separato,
1185 4360 1397 4432 filiam
1438 4381 1636 4433 suam
1677 4361 1962 4433 tradidit
1990 4358 2060 4429 iu
2092 4379 2415 4431 uxorem.
2456 4357 2958 4431 catholicorum
2999 4382 3165 4433 vero
3196 4362 3389 4456 prin·

584 4482 819 4576 cipum
848 4493 1043 4556 actus
1074 4495 1147 4556 et
1180 4506 1409 4557 mores
1445 4505 1817 4579 respuens,
1850 4485 2168 4575 neglecta
2206 4483 2446 4554 salutis
2476 4503 2599 4554 sue
2636 4492 2707 4554 et
2740 4485 2921 4555 fame
2958 4483 3384 4576 integritate,

584 4605 859 4701 pietat‘n
888 4609 1214 4702 operibus
1239 4630 1385 4681 non
1411 4608 1737 4680 intendit.
1771 4606 2095 4691 Quinimo
2121 4616 2205 4677 ut
2235 4606 2326 4679 de
2353 4605 2495 4679 suis
2520 4607 2801 4679 nefariis
2827 4605 3398 4681 dissolutionibus
