4364 5738
585 3897 917 3998 mess„

648 4007 706 4052 ²1
722 4008 890 4063 tprssiu.
926 3982 944 4009 ⁹

984 523 1107 587 ω
1981 513 2409 580 ruinarum
2457 514 2807 580 suenum
3409 518 3575 598 [Aa
3611 521 3793 589 ιω.

1080 654 1495 745 Fridericus,
1531 663 1666 728 etc.
1699 654 1809 727 Ex
1835 650 2079 726 litteris
2105 651 2355 724 vestris
2384 671 2559 746 quas
2589 659 2823 725 nostre
2854 649 3243 724 celsitudini
3274 649 3671 730 destinastis
3692 657 3796 757 (a)

984 783 1456 858 intelleximus
1480 779 1850 872 diligenter
1875 776 2065 871 quod
2086 775 2610 870 Argentinensis
2632 777 2995 872 episcopus
3021 776 3334 871 proditor
3360 790 3597 853 noster
3618 782 3800 876 inju-

986 911 1124 984 rias
1168 906 1438 1002 injuriis
1472 916 1544 979 et
1577 903 1981 997 gravamina
2015 902 2534 995 gravaminibus
2569 903 2906 978 instanter
2937 902 3419 995 accumulam,
3455 927 3581 1000 per
3627 909 3796 980 sub-

987 1035 1391 1109 tractionem
1428 1039 2016 1104 sacramentorum
2042 1028 2663 1102 ecclesiasticorum
2695 1049 2837 1123 que
2862 1049 3001 1103 non
3035 1040 3546 1104 consueverunt
3571 1031 3802 1106 hacte-

987 1183 1120 1234 nus
1139 1156 1469 1252 denegari
1492 1154 1816 1230 fidelibus
1830 1175 1912 1227 ac
1934 1176 2059 1249 per
2079 1153 2516 1228 obsidionem
2542 1154 2838 1228 civitatis
2860 1164 3090 1228 vestre
3112 1175 3154 1226 a
3178 1152 3317 1229 fide
3339 1164 3411 1228 et
3427 1156 3801 1232 devotione

987 1295 1250 1377 nostra,
1288 1284 1451 1356 licet
1497 1283 1783 1371 frustra,
1825 1289 2139 1353 avertere
2179 1300 2305 1352 vos
2354 1289 2671 1354 conatur.
2714 1279 2940 1374 Super
2983 1280 3236 1373 quibus
3281 1283 3800 1374 gravaminibus

989 1419 1060 1486 et
1103 1410 1372 1505 injuriis
1424 1406 1764 1502 petivistis
1809 1405 2008 1478 vobis
2061 1426 2190 1500 per
2237 1414 2542 1478 nostram
2593 1404 3012 1500 presentiam
3070 1405 3451 1500 provideri.
3494 1408 3798 1481 Dilatum

988 1537 1197 1630 igitur
1237 1533 1496 1608 diutius
1546 1531 1922 1604 adventum
1955 1539 2270 1603 nostrum
2307 1530 2399 1603 ad
2433 1539 2669 1626 partes
2711 1529 3092 1603 Theutonie
3125 1541 3411 1626 propter
3438 1535 3800 1607 continuas

990 1659 1480 1757 occupationes
1515 1656 1707 1730 ltalie
1751 1655 2004 1748 quibus
2033 1677 2166 1750 pro
2196 1654 2637 1728 reformando
2669 1655 2958 1749 imperio
2993 1655 3088 1727 ibi
3124 1657 3534 1730 tenebamur
3562 1658 3799 1732 hacte-

991 1808 1124 1859 uus
1152 1781 1626 1878 multipliciter
1648 1780 2014 1874 implicati,
2051 1779 2311 1852 differri
2344 1780 2633 1853 ulterius
2660 1802 2802 1853 nou
2830 1780 3160 1871 sinentes,
3196 1803 3287 1855 ne
3319 1781 3565 1857 fideles
3588 1785 3802 1858 nostri

991 1912 1243 2007 quibus
1274 1917 1504 2005 preter
1543 1905 2003 1980 desideratam
2056 1905 2476 2000 presentiam
2511 1905 2776 1977 nullum
2816 1915 3130 2000 superest
3160 1906 3410 1980 amodo
3436 1906 3533 2004 (b)
3561 1909 3800 1981 salutis

990 2037 1374 2110 remedium
1394 2087 1414 2123 ,
1439 2032 1793 2104 denostro
1822 2030 2026 2102 diffisi
2054 2029 2360 2102 adventu
2389 2039 2460 2101 et
2486 2039 2721 2102 nostra
2749 2030 3148 2103 defensione
3173 2031 3243 2102 in
3264 2032 3696 2128 precipitium
3707 2032 3797 2131 (c)

989 2161 1467 2259 prolabantur,
1499 2156 1964 2253 expectationi
1996 2165 2226 2228 vestre
2259 2153 2723 2248 significamus
2755 2155 2851 2228 ad
2877 2156 3210 2249 gauffium
3254 2157 3446 2250 quod
3495 2159 3800 2252 negociis

988 2289 1186 2363 italie
1221 2307 1359 2380 que
1403 2293 1594 2358 tante
1639 2303 1833 2356 more
1878 2280 2079 2356 nobis
2123 2280 2645 2375 occupationem
2695 2281 3044 2355 dederuut
3082 2280 3441 2378 hucusque
3476 2307 3604 2380 pro
3637 2295 3799 2359 voto

989 2412 1358 2487 salubriter
1403 2407 1784 2503 expeditiS,
1816 2427 1859 2478 a
1911 2406 2244 2478 Cremona
2292 2426 2534 2480 versus
2575 2404 3006 2480 Alemaniam
3053 2407 3288 2481 liberis
3335 2410 3687 2501 gressibus
3728 2412 3796 2483 iu

989 2535 1272 2614 instanti
1311 2532 1788 2630 procedimus,
1827 2529 2323 2625 impedimento
2353 2530 2588 2624 aliquo
2629 2531 2882 2604 nostris
2907 2531 3160 2606 amodo
3191 2535 3626 2628 processibus
3658 2557 3795 2610 non

990 2663 1344 2751 obstante3
1368 2659 1607 2752 sicque
1636 2658 1769 2732 iter
1794 2665 2108 2730 nostrum
2134 2656 2522 2730 accelerare
2547 2656 2943 2732 curabimus
2968 2657 3163 2750 quod
3185 2669 3347 2753 apta
3377 2670 3683 2756 tempora
3697 2661 3798 2759 (d)

990 2783 1522 2886 depopulacioni
1556 2791 1894 2856 terrarum
1925 2791 2316 2856 nostrorum
2349 2781 2708 2856 rebellium
2737 2802 2881 2854 uon
2904 2782 3307 2878 perdantur.
3330 2784 3543 2858 Vobis
3570 2786 3797 2880 itaque

993 2914 1115 3008 qui
1157 2935 1281 3008 pro
1326 2909 1464 2989 fide
1506 2920 1744 2985 nostra
1780 2930 2029 3000 graves
2068 2908 2142 2983 iu
2187 2907 2498 3001 personis
2545 2908 2817 2983 labores
2859 2917 2931 2981 et
2978 2909 3333 3000 angustias
3371 2920 3442 2983 et
3485 2910 3559 2983 in
3594 2912 3799 2985 rebus

994 3035 1356 3137 dispendia
1386 3032 1797 3130 pertulistis,
1838 3031 1927 3104 de
1965 3031 2462 3124 tranquillitate
2496 3032 2895 3105 omnimoda
2924 3054 3049 3127 per
3079 3033 3349 3106 felicem
3386 3036 3797 3130 presentiam

995 3169 1301 3241 nostram
1353 3156 1748 3235 curabimus
1791 3152 2022 3228 taliter
2057 3155 2427 3250 providere
2479 3156 2673 3249 quod
2720 3156 3005 3230 hostiles
3058 3157 3352 3232 insultus
3399 3180 3523 3233 seu
3569 3160 3801 3253 aliqua

996 3284 1209 3382 quieti
1236 3292 1465 3357 vestre
1501 3281 1847 3354 contraria
1878 3302 2016 3356 nou
2049 3289 2366 3376 oporteat
2397 3301 2519 3353 vos
2549 3282 2838 3355 ulterius
2867 3281 3261 3355 formidare.

1104 3875 1534 3964 Gualterius
1596 3872 1698 3956 de
1749 3872 1985 3980 Ocra,
2051 3870 2458 3982 Capuanus
2519 3870 2799 3954 electus
2818 3930 2842 3976 ,
2909 3867 3260 3953 F-riderici
3324 3867 3798 3979 imperatoris

997 4014 1342 4098 notarius
1398 4021 1472 4095 et
1517 4007 1995 4118 capellanus,
2052 4032 2193 4116 pro
2246 4017 2458 4116 parte
2523 4005 2865 4115 ejusdem
2920 4003 3395 4113 1mperatoris
3445 4030 3527 4087 se
3574 4003 3799 4114 jura-

997 4156 1255 4230 mento
1326 4144 1616 4253 obligat
1685 4167 1867 4251 erga
1929 4141 2349 4224 Amedeum
2413 4139 2839 4225 Sabaudiae
2901 4138 3257 4223 comitem
3316 4148 3394 4222 et
3452 4137 3533 4220 in
3586 4137 3800 4221 Italia

1081 4362 1164 4445 (a)
1209 4363 1282 4423 In
1307 4361 1504 4424 codice
1528 4357 1902 4437 damnate,
1934 4357 2111 4420 malo.

1080 4469 1162 4553 (b)
1205 4472 1276 4532 In
1302 4468 1501 4530 codice
1523 4466 1698 4528 alnto.

1079 4577 1158 4661 (c)
1207 4569 2558 4652 hcodtoeinnoetmdq‘mmpnncfflum,
2586 4571 2855 4650 pessime.

1080 4684 1168 4767 (d)
1211 4685 1285 4747 In
1309 4682 1511 4747 codice
1532 4687 1738 4763 epm
1760 4677 1965 4761 open?
