4364 5738
549 550 758 612 ham.
791 547 883 632 2.]
1446 545 1845 611 ΗΙδΤΟἈῙᾸ
1896 548 2494 611 nlrnouartcA.
3272 554 3393 616 tm

549 686 869 759 omnium
901 685 1218 777 rogitans
1243 696 1319 758 et
1354 686 1719 781 requirens
1759 695 1841 757 nt
1876 685 1971 757 ab
2012 684 2534 780 expugnatione
2554 728 2557 731 <
2581 684 2892 779 predicta
2932 684 3025 756 ob
3055 685 3395 761 honorem

554 805 687 880 Dei
728 818 803 880 et
841 806 1150 881 Ecclesia
1186 828 1352 882 cnm
1396 809 1713 881 exercitu
1757 818 1999 881 nostro
2041 807 2405 881 discedere
2446 808 2901 898 deberemus,
2938 810 3393 884 certissimam

556 951 760 1027 spem
782 933 1007 1026 mne
1035 933 1240 1006 nobis
1261 933 1335 1004 in
1359 933 1554 1029 pacis
1580 933 1861 1025 negotio
1888 934 2383 1029 repromittens
2407 953 2684 1004 necnon
2715 954 2843 1028 pro
2870 943 3068 1027 parte
3085 935 3393 1007 Ecclesia

555 1054 857 1128 „lemni
897 1057 1348 1153 stipulatione
1391 1074 1471 1129 se
1516 1057 1834 1151 obligans
1877 1057 1953 1126 in
2005 1057 2288 1151 publico
2339 1061 2718 1150 conspectu
2764 1058 3146 1128 multorum
3196 1059 3390 1151 quod

553 1180 795 1252 comiti
821 1182 960 1254 isto
985 1182 1417 1254 etmilitibus
1447 1179 1705 1253 nostris
1735 1202 1958 1274 usque
1986 1180 2079 1252 ad
2095 1180 2262 1253 CCC
2282 1181 2404 1274 qui
2424 1201 2587 1252 cum
2615 1201 2702 1251 eo
2732 1190 2933 1252 erant
2957 1181 3133 1252 liber
3160 1182 3392 1254 exitus

553 1301 686 1402 [et]
713 1305 791 1376 in
825 1306 1145 1401 personis
1179 1316 1252 1380 et
1290 1305 1503 1377 rebus
1537 1304 1764 1376 omnis
1797 1304 2269 1400 indempnitas
2312 1313 2775 1400 prestaretur,
2812 1302 3136 1376 fidelibus
3176 1305 3388 1378 etiam

545 1428 807 1501 nostris
833 1429 924 1500 de
949 1429 1231 1501 civitate
1263 1428 1555 1501 viterbii
1578 1437 1717 1500 tam
1743 1428 1925 1499 intra
1950 1437 2117 1498 tunc
2137 1446 2352 1520 quam
2380 1437 2578 1498 extra
2605 1428 3046 1499 manentibus
3072 1429 3391 1501 similiter

545 1551 622 1622 in
656 1552 977 1647 personis
1014 1562 1087 1624 et
1115 1553 1331 1624 rebus
1372 1552 1804 1646 quibuslibet
1852 1551 2358 1647 indempnitate
2380 1549 2421 1641 ,‘
2450 1551 2865 1647 impunitate
2906 1562 2980 1623 et
3014 1554 3388 1627 securitate

551 1676 943 1771 promissio,
986 1683 1197 1772 prout
1245 1676 1381 1748 hec
1430 1676 1666 1748 omnia
1719 1675 2016 1771 publicis
2065 1676 2449 1747 multorum
2494 1675 2906 1747 testimoniis
2949 1687 3024 1747 et
3064 1677 3388 1770 legitimis

547 1797 989 1872 dommentis
1011 1800 1375 1872 manifeste
1397 1800 1807 1895 probantur.
1831 1799 1973 1871 Sed
1993 1799 2287 1871 istorum
2310 1798 2621 1870 omnium
2645 1798 2823 1870 nihil
2853 1808 2957 1870 est
2984 1801 3386 1874 omnimodo

546 1933 935 2014 servatum,
973 1924 1117 1995 imo
1144 1943 1380 1996 comes
1407 1934 1485 1996 ot
1506 1922 1768 1994 milites
1801 1923 2095 2017 predicti
2132 1923 2204 1993 in
2240 1923 2434 1994 exitu
2468 1923 2766 1995 civitatis
2805 1924 3009 1994 bonis
3045 1925 3191 1996 suis
3230 1946 3380 1996 om-

548 2047 765 2118 nibns
797 2047 1080 2140 spoliati
1128 2048 1212 2117 in.
1250 2042 1472 2118 oculis
1524 2046 1893 2117 cardinalis
1931 2045 2250 2138 ejusdem
2290 2044 2418 2116 vix
2459 2046 2547 2117 de
2587 2046 3033 2140 spoliantium
3062 2048 3385 2120 manibus

549 2180 955 2242 evasemnt.
992 2170 1191 2243 Cives
1221 2180 1493 2259 autem,
1534 2168 1862 2258 incenSiS,
1899 2167 2148 2241 dirutis
2182 2177 2258 2239 et
2295 2149 2582 2262 direptis
2613 2168 2940 2240 domibus
2973 2178 3045 2240 et
3082 2170 3385 2242 turribus

548 2295 891 2389 ipsorum,
920 2311 1014 2365 ex
1044 2304 1213 2365 tunc
1238 2310 1463 2386 usque
1495 2293 1567 2363 in
1600 2292 2018 2364 hodiernum
2037 2291 2226 2363 diem
2256 2291 2627 2363 durissimo
2656 2310 2934 2364 carcere
2959 2303 3123 2364 sunt
3154 2294 3381 2367 affecti

545 2427 620 2489 et
633 2417 827 2489 cives
849 2417 1075 2489 exteri
1095 2414 1463 2489 nobiscum
1482 2435 1735 2488 manen
1745 2426 1846 2487 tes
1863 2416 2110 2487 exules
2129 2425 2638 2486 remanserunt.
2666 2419 2763 2487 De
2786 2417 3042 2510 quibus
3060 2418 3382 2490 omnibus

545 2560 709 2613 cum
737 2543 1142 2636 frequenter
1170 2542 1269 2613 ad
1306 2540 1669 2613 dominum
1702 2560 1953 2636 papam
1994 2549 2065 2612 et
2098 2541 2353 2612 fratres
2385 2550 2623 2612 nostra
2667 2541 3074 2634 conquestio
3104 2561 3379 2615 necnon

542 2667 732 2757 justa
753 2666 996 2761 petitio
1014 2662 1439 2757 mitteretur,
1455 2663 1650 2757 quod
1678 2662 1890 2736 fidem
1920 2665 2368 2736 exsolverent
2390 2665 2906 2758 repromissam,
2931 2666 3020 2737 de
3044 2684 3378 2762 responso

547 2787 817 2862 domini
851 2809 1037 2886 pape
1074 2789 1262 2862 istud
1291 2788 1387 2861 ad
1415 2789 1740 2860 ultimum
1782 2785 2008 2884 potuit
2051 2788 2352 2860 obtineri
2392 2788 2584 2881 quod
2629 2788 2927 2861 libenter
2969 2789 3099 2862 hec
3144 2793 3378 2864 omnia

545 2916 809 2987 faceret
831 2915 1187 2987 emendari
1210 2910 1345 2985 nisi
1369 2913 1564 3007 quod
1593 2912 1946 2986 civitatem
1968 2909 2255 2984 timebat
2275 2913 2593 2984 amittere
2618 2914 3112 3008 supradictam.
3130 2916 3377 2990 Videte

543 3036 609 3109 si
633 3047 788 3110 erat
812 3034 946 3110 hec
968 3037 1219 3110 efficax
1239 3043 1312 3110 et
1327 3038 1515 3129 jnsta
1548 3037 1930 3132 responsio,
1957 3035 2150 3129 quod
2167 3055 2302 3132 pro
2326 3037 2572 3109 timore
2598 3037 2945 3132 dispendii
2977 3041 3376 3135 temporalis

538 3161 801 3234 solutio
835 3170 1026 3232 tante
1053 3160 1534 3255 promissionis
1571 3170 1645 3232 et
1673 3159 1838 3232 fidei
1880 3159 2301 3232 tardaretur.
2338 3157 2488 3233 Hec
2524 3166 2690 3233 ante
2740 3173 3101 3235 tractatam
3141 3174 3213 3236 et
3250 3162 3373 3236 fir-

537 3294 806 3357 matam
825 3284 1016 3356 inter
1035 3302 1168 3355 nos
1185 3293 1257 3355 et
1271 3281 1652 3355 Ecclesiam
1678 3283 2127 3356 concordiam
2157 3282 2625 3377 contigerunt.
2646 3282 2789 3358 Nos
2809 3297 3045 3359 autem
3075 3287 3371 3362 nichilo·

538 3408 777 3480 minus
829 3404 1351 3479 considerantes
1393 3403 1816 3480 discordiam
1861 3425 2011 3480 non
2062 3418 2207 3480 tam
2252 3409 2387 3480 sibi
2434 3428 2649 3502 quam
2704 3411 2834 3482 toti
2895 3411 3373 3486 christianitati

538 3532 954 3605 damnosam
1001 3541 1077 3604 et
1115 3549 1361 3627 pacem
1396 3528 1819 3624 generaliter
1853 3532 2334 3626 profuturam,
2374 3532 2473 3604 ad
2513 3532 3074 3605 intercessionem
3121 3537 3375 3608 nobilis

544 3655 678 3727 viri
707 3654 794 3729 R.
830 3656 1104 3728 comitis
1133 3652 1508 3728 'sbolosani
1537 3654 1663 3749 qui
1684 3672 1818 3750 pto
1848 3672 2027 3750 pace
2052 3655 2373 3750 predicta
2402 3655 2571 3727 satis
2602 3657 2942 3727 instanter
2968 3667 3044 3728 et
3074 3656 3374 3730 fideliter

545 3778 923 3870 hbomvit,
969 3779 1298 3875 predicu's
1340 3777 1688 3871 magistris
1733 3779 1809 3850 P.
1856 3777 1946 3851 de
1981 3775 2202 3852 Vinea
2248 3788 2321 3851 et
2358 3781 2437 3850 T.
2484 3778 2575 3852 de
2609 3780 2866 3851 Suessa
2911 3800 3076 3852 cnm
3117 3780 3370 3853 eodem

539 3903 796 3975 comite
825 3900 923 3975 ad
949 3920 1301 3975 summum
1340 3900 1739 3999 pontificem
1777 3902 2169 3993 destinatis,
2202 3898 2335 4000 {in}
2362 3902 2798 3997 infrascripta
2832 3904 3050 3974 forma
3080 3903 3155 3973 in
3186 3905 3371 3977 Cena

543 4027 816 4098 Domini
839 4023 949 4124 (Ι)
983 4027 1175 4122 apud
1194 4028 1453 4100 Urbem
1481 4023 1552 4098 in
1584 4021 1743 4123 [hoc
1763 4023 1984 4123 anno]
2007 4024 2321 4099 secunde
2348 4022 2746 4098 indictionis
2770 4027 2849 4117 ju
2858 4026 3161 4099 ravimus
3187 4037 3371 4101 stare

535 4151 885 4223 mandatis
913 4149 1220 4223 Ecclesia
1255 4148 1395 4247 (2).
1430 4151 1659 4245 Super
1698 4151 1881 4224 sacto
1923 4160 2112 4223 terre
2152 4147 2438 4223 inventa
2484 4158 2590 4220 est
2629 4147 2926 4247 [forma]
2950 4169 3091 4243 que
3139 4153 3372 4249 placet

606 4377 681 4451 (1)
715 4382 777 4434 ⁸⁴
813 4378 1017 4435 martii.
1047 4378 1172 4437 vid.
1199 4394 1397 4452 supra,
1419 4396 1481 4453 p.
1509 4380 1619 4436 ⁴72
1647 4383 1703 4435 et
1730 4380 1850 4436 ⁴⁷6.

608 4476 681 4548 (2)
718 4475 802 4532 Ex
839 4489 984 4532 nunc
1013 4474 1126 4532 iere
1153 4476 1224 4532 de
1249 4475 1415 4533 verbo
1448 4476 1516 4532 ad
1557 4475 1790 4533 verbum
1827 4477 2145 4546 repetuntur
2176 4471 2327 4547 pacis
2365 4470 2601 4543 capitula
2642 4488 2783 4544 quae
2811 4489 2976 4548 supra
3005 4491 3070 4533 ex
3096 4479 3368 4538 Matthaeo

538 4571 825 4629 Parisiensi
849 4571 1113 4628 dedimus.
1144 4570 1325 4640 Quum
1347 4578 1533 4630 autem
1559 4570 1827 4644 quaedam
1851 4569 1905 4625 in
1935 4573 2117 4625 nostro
2149 4566 2337 4626 codice
2357 4564 2752 4641 desiderentur,
2784 4579 2965 4629 utrum
2997 4588 3065 4630 ex
3099 4573 3364 4636 industria

535 4684 608 4727 an
631 4668 1000 4728 tantummodo
1025 4683 1124 4740 pro
1150 4667 1419 4726 brevitate
1445 4667 1645 4725 fuerint
1667 4665 1891 4738 omissa,
1919 4665 2217 4723 decernere
2239 4676 2350 4723 non
2366 4665 2651 4724 undena.
