4364 5738
606 1105 679 1163 [ιτ
696 1103 839 1157 mna

952 535 1073 597 :318
1952 530 2379 595 rmnmuci
2427 530 2773 595 sacuam
3390 529 3557 608 [An.
3591 531 3761 594 1245.

1421 826 2800 839 ffl———ffl-o
2811 826 3017 836 ο-ο--ο
3027 825 3072 834 -ο
3082 824 3323 835 -s-——o

1058 1078 1516 1173 Thaddaeus
1552 1091 1647 1173 de
1684 1088 2000 1196 Suessa,
2047 1087 2462 1198 imperialis
2497 1088 2752 1171 euriae
2789 1086 3022 1198 judex
3062 1095 3137 1169 et
3184 1084 3285 1167 ab
3319 1085 3765 1192 imperatore

957 1224 1036 1303 in
1092 1223 1413 1306 concilio
1484 1221 1974 1332 Lugdunensi
2046 1231 2491 1331 procurator
2549 1220 3042 1326 constitutuS,
3103 1244 3149 1299 a
3187 1215 3576 1299 'sententia
3634 1240 3766 1322 per

959 1381 1349 1437 summum
1398 1355 1829 1463 pontificem
1883 1354 2142 1463 inique
2194 1353 2757 1464 promulganda
2799 1353 2901 1435 ad
2954 1351 3298 1433 futurum
3339 1348 3764 1432 Romanum

958 1485 1392 1593 pontificem
1450 1497 1527 1567 et
1588 1486 1687 1568 ad
1734 1486 2143 1569 concilium
2201 1487 2625 1569 universale
2678 1485 2828 1567 isto
2880 1481 3309 1594 generalius
3367 1505 3510 1589 pro
3557 1488 3766 1587 parte

960 1618 1250 1701 domini
1288 1619 1406 1700 sui
1443 1618 1796 1727 appellat.

1120 1831 1369 1911 (Inedtt.
1401 1850 1478 1893 ex
1504 1833 1639 1894 eod.
1670 1835 1816 1896 Mas.
1847 1832 2129 1895 Biblioth.
2162 1832 2360 1894 Cesar.
2392 1828 3044 1912 Paria,Anciensonds
3067 1827 3252 1905 utin,
3279 1839 3345 1892 n⁰
3378 1836 3567 1902 296⁴,
3595 1828 3700 1890 tol.
3726 1837 3764 1891 2

1191 1932 1416 2017 Verso.)

1053 2123 1224 2194 Cum
1261 2124 1584 2197 dominus
1616 2124 1991 2220 imperator
2032 2124 2282 2197 citatus
2312 2145 2455 2197 non
2480 2124 2612 2196 t'uit
2640 2123 2743 2196 'ad
2777 2123 3180 2212 concilium,
3225 2143 3385 2194 eum
3426 2122 3659 2193 citatio
3697 2121 3766 2192 in

960 2246 1429 2343 predicatione
1466 2250 1646 2319 faeta
1688 2248 1881 2320 nulla
1922 2247 2129 2319 fuerit
2168 2247 2321 2344 ipso
2355 2250 2515 2341 jure
2557 2247 2890 2320 canonico
2935 2255 3006 2317 et
3052 2244 3277 2337 civili,
3319 2255 3388 2316 et
3422 2245 3629 2316 etiam
3659 2244 3764 2315 in·

962 2380 1150 2443 certa
1190 2371 1430 2460 fuerit,
1478 2394 1624 2443 non
1673 2372 2037 2443 continens
2084 2392 2297 2466 super
2341 2394 2481 2465 quo
2527 2370 2848 2443 dominus
2897 2371 3270 2464 imperator
3323 2368 3652 2440 citaretur
3691 2379 3770 2439 ut

958 2495 1233 2566 veniret
1270 2495 1384 2567 vel
1436 2509 1955 2590 procuratorem
2007 2495 2314 2567 mitteret
2369 2495 2441 2566 in
2488 2494 2781 2566 coneilio
2836 2515 3369 2590 responsurum,
3424 2493 3515 2564 sit
3564 2492 3767 2564 etiam

960 2615 1284 2689 dominus
1327 2640 1506 2714 papa
1550 2619 1620 2689 in
1663 2640 1912 2711 guerra
1954 2641 2113 2690 cum
2155 2640 2241 2690 eo
2283 2628 2354 2691 et
2399 2617 2488 2690 sit
2524 2618 2843 2689 inimicus
2878 2618 3129 2713 ipsine,
3176 2627 3247 2689 et
3284 2625 3527 2689 eontra
3565 2637 3767 2688 omne

955 2742 1071 2833 jus
1103 2752 1408 2813 assumat
1439 2753 1671 2837 partes
1703 2743 1959 2837 judicis
1991 2753 2062 2814 et
2096 2742 2374 2832 actoriS,
2407 2752 2479 2813 et
2505 2750 2665 2813 ante
2693 2750 2970 2837 ceptum
2995 2741 3369 2834 judicium,
3399 2749 3769 2833 antequam

962 2863 1052 2937 de
1089 2866 1454 2961 propositis
1495 2877 1798 2958 constet,
1845 2890 2004 2940 oum
2054 2877 2296 2940 eontra
2340 2865 2696 2939 dominum
2736 2865 3223 2961 imperatorem
3263 2863 3616 2960 proposita
3646 2886 3772 2959 per

960 3011 1309 3060 summum
1340 2990 1736 3084 pontificem
1778 3000 1849 3061 et
1879 2992 2050 3063 alios
2085 2991 2369 3063 omnino
2401 2999 2769 3083 negentur,
2800 2990 3115 3062 intendat
3145 2988 3578 3061 diffinitivam
3610 3009 3768 3060 sen·

967 3114 1251 3184 tentiam
1295 3115 1772 3208 promulgare3
1832 3134 1960 3204 ego
1997 3113 2319 3186 Thadeus
2373 3113 2461 3185 de
2512 3115 2803 3203 Suessa,
2860 3134 3111 3208 magne
3157 3113 3532 3208 imperialis
3583 3111 3770 3184 curie

956 3234 1210 3326 judex,
1247 3256 1292 3307 a
1321 3235 1602 3308 domino
1645 3257 1802 3308 meo
1829 3236 2245 3332 imperatore
2270 3247 2681 3332 procurator
2721 3236 2812 3308 ad
2848 3236 2982 3309 hoo
3017 3236 3403 3332 specialiter
3438 3229 3769 3308 constitu-

968 3367 1116 3448 ωε,
1162 3357 1319 3430 dieo
1370 3359 1633 3430 nullam
1679 3362 1825 3431 fore
1872 3359 2288 3432 sententiam
2329 3370 2570 3432 contra
2607 3360 2962 3432 dominum
3004 3382 3238 3431 meum
3285 3360 3770 3457 imperatorem

960 3502 1091 3576 per
1124 3502 1474 3552 summum
1516 3480 1909 3576 pontificem
1954 3483 2022 3554 in
2072 3484 2378 3579 presenti
2434 3484 2726 3556 concilio
2770 3484 3372 3579 promulgandam.
3418 3483 3492 3556 Si
3535 3493 3768 3555 tamen

964 3604 1194 3697 aliqua
1231 3604 1343 3694 sit,
1380 3605 1570 3695 quod
1610 3605 1895 3678 omnino
1931 3606 2255 3699 diffiteor,
2288 3629 2446 3678 cum
2489 3608 2724 3679 nullus
2757 3607 2846 3678 sit
2881 3608 2954 3710 in
2993 3629 3076 3680 ea
3102 3608 3280 3702 juris
3319 3607 3491 3681 ordo
3530 3627 3768 3679 serva·

967 3738 1103 3816 tus,
1134 3728 1225 3799 ab
1264 3728 1415 3821 ipsa
1446 3727 1538 3799 ad
1573 3730 1883 3800 futurum
1917 3752 2280 3803 romanum
2321 3730 2718 3826 pontificem
2752 3740 2823 3803 et
2847 3731 2940 3803 ad
2971 3731 3366 3804 universale
3405 3731 3771 3805 concilium

963 3871 1203 3943 regum
1222 3904 1241 3939 ‚
1276 3850 1667 3946 principum
1699 3862 1771 3924 et
1796 3854 2254 3948 prelatorum,
2291 3875 2449 3926 cum
2480 3876 2767 3950 presens
2793 3854 3160 3928 concilium
3197 3856 3591 3929 universale
3629 3877 3770 3928 non

963 3973 1085 4064 sit,
1122 3995 1250 4069 pro
1279 3983 1476 4068 parte
1513 3974 1777 4046 domini
1811 3976 2247 4072 imperatoris
2281 3977 2557 4072 appello
2591 3977 2652 4073 (⁴
2667 3977 2719 4073 ).

1059 4098 1204 4169 Hoc
1235 4099 1417 4169 facto
1449 4099 1784 4192 prooessit
1814 4120 1993 4194 papa
2019 4100 2110 4172 ad
2140 4100 2646 4195 depositionem
2678 4099 3014 4193 ejusdem.

2591 4268 3750 4280 -——-——————————-————-————

1030 4347 1110 4419 (t)
1152 4367 1179 4400 ι
1200 4348 1270 4405 Et
1290 4365 1413 4406 oum
1427 4354 1694 4426 coepisset
1708 4353 2025 4427 (Tbaddeus)
2044 4371 2167 4411 eum
2194 4354 2588 4412 multiformiter
2605 4371 2865 4413 excusare
2881 4371 2982 4412 nec
3000 4355 3356 4425 exaudiretur,
3372 4353 3657 4428 appellavit
3673 4368 3771 4427 pro

958 4461 1029 4503 eo
1044 4445 1117 4502 ad
1141 4446 1420 4503 concilium
1442 4451 1684 4520 proximo
1703 4451 1941 4508 futurum
1960 4453 2287 4524 generaliua3
2310 4469 2410 4510 nee
2429 4454 2574 4510 enim
2594 4469 2739 4510 nuno
2758 4468 2946 4510 omnes
2967 4452 3190 4525 praelati
3212 4452 3297 4509 wi
3317 4466 3506 4510 eor-tm
3519 4451 3606 4508 vel
3621 4450 3771 4524 puin·

961 4543 1145 4616 eipm
1169 4551 1543 4615 procuratores
1574 4555 1835 4621 apparent
1857 4549 1945 4606 hie
1967 4551 2023 4606 in
2056 4552 2499 4623 praesentiarum.
2529 4551 2628 4608 Cui
2660 4566 2802 4624 papa
2834 4569 2854 4606 ·.
2876 4570 2909 4604 ι
2930 4551 3080 4608 Satis
3099 4556 3188 4608 est
3207 4550 3493 4608 concilium
3522 4548 3773 4621 generale

962 4640 1250 4697 multorum
1277 4641 1368 4713 qui
1401 4640 1600 4698 domini
1629 4644 1705 4700 tui
1739 4645 2098 4704 humilitatem
2126 4647 2381 4705 inutiliter
2407 4663 2515 4705 non
2546 4646 2662 4703 sine
2696 4647 3005 4720 gravamine
3033 4650 3412 4719 expectas-unt,
3437 4643 3773 4719 patriarcha·
