4364 5738
1000 557 1080 618 34
1988 554 2424 620 numenei
2473 556 2819 619 suenum
3433 555 3598 639 [Am.
3633 559 3811 622 1242.

1004 693 1297 763 tolerare
1341 691 1534 762 velut
1570 689 1688 781 qui
1735 710 2012 760 causam
2056 689 2336 762 honoris
2382 691 2738 780 dedimuS,
2790 688 3295 761 restitutionem
3339 693 3673 764 natalium
3715 695 3818 765 in-

1001 817 1370 907 dulgentes
1402 834 1539 905 que
1564 813 1690 884 soli
1723 813 2015 908 principi
2043 813 2352 887 Romano
2374 815 2444 885 in
2468 814 2760 909 imperio
2795 824 3033 885 nostro
3059 813 3379 903 debetur,
3410 815 3536 886 sed
3559 817 3651 888 ad
3680 818 3816 888 tui-

1002 937 1207 1009 tionis
1250 946 1565 1007 tenemur
1607 936 1963 1027 effectum,
2016 938 2430 1010 mandamus
2479 947 2549 1009 et
2597 937 3018 1032 precipimus
3062 934 3353 1008 firmiter
3393 939 3593 1010 vobis
3641 961 3814 1033 qua-

1003 1064 1184 1135 tinus
1230 1061 1411 1133 sicut
1461 1061 1797 1133 honorem
1852 1069 2167 1133 nostrum
2223 1071 2296 1133 et
2355 1060 2627 1157 imperii
2687 1083 2782 1134 ex
2835 1060 3081 1133 debito
3139 1063 3531 1155 vassallagii
3575 1063 3816 1136 {overe

1002 1185 1327 1259 tenemini
1375 1194 1445 1256 et
1496 1182 1795 1257 fideliter
1839 1204 2301 1276 conservare,
2360 1185 2420 1257 si
2463 1183 2753 1280 quando
2797 1206 3013 1281 super
3057 1182 3190 1257 boc
3234 1204 3362 1279 per
3414 1185 3815 1259 violeum

995 1330 1198 1383 casus
1229 1308 1574 1397 inciderit,
1614 1330 1755 1378 non
1788 1308 2204 1403 permittatis
2243 1308 2508 1381 eisdem
2545 1307 2867 1381 fidelibus
2903 1308 3156 1379 nostris
3196 1318 3436 1379 contra
3470 1309 3816 1405 privilegii

996 1433 1214 1507 nostri
1263 1442 1572 1504 tenorem
1610 1432 1943 1503 damnum
1978 1432 2090 1504 vel
2129 1432 2453 1526 injuriam
2496 1432 2812 1525 irrogari,
2851 1431 3289 1524 injuriatores
3328 1454 3566 1504 eorum
3596 1434 3690 1506 ad
3733 1455 3818 1507 ea

996 1579 1134 1651 que
1192 1558 1348 1648 jure
1407 1555 1918 1647 legitimationis
1976 1555 2049 1625 in
2120 1563 2265 1627 toto
2323 1555 2653 1627 comitatu
2711 1555 3072 1651 Haynonie
3122 1554 3451 1649 predictis
3496 1553 3816 1631 fidelibus

998 1682 1251 1754 nostris
1300 1701 1576 1751 cessura
1625 1680 1999 1751 credantur
2043 1680 2440 1751 nullatenus
2480 1679 2882 1768 admissuri3
2934 1678 3236 1750 maxime
3283 1700 3469 1771 cum,
3499 1680 3554 1750 si
3604 1702 3815 1774 quam

996 1826 1208 1901 super
1252 1804 1389 1878 hoc
1433 1803 1871 1896 questionem
1919 1804 2083 1875 oriri
2132 1803 2718 1894 contingeret,ad
2763 1824 3065 1875 examen
3119 1813 3432 1875 nostrum
3481 1813 3811 1897 tanquam

997 1931 1129 2001 sibi
1163 1929 1473 2000 debitum
1503 1927 1594 1999 de
1621 1928 1729 1999 bis
1760 1949 1902 2020 qne
1926 1938 2237 2020 aguntur
2270 1926 2344 1997 in
2373 1926 2694 1999 districtu
2721 1927 2991 2020 imperii
3023 1926 3264 1997 referri
3300 1926 3555 1998 debeat
3590 1937 3661 1999 et
3686 1929 3811 2001 de-

997 2053 1169 2142 cidi,
1216 2074 1358 2125 non
1401 2052 1834 2125 obstantibus
1878 2052 2124 2124 litteris
2169 2051 2516 2144 aliquibus
2563 2052 2678 2123 vel
2736 2050 3069 2146 rescripto
3122 2072 3330 2145 super
3379 2053 3812 2125 successione

998 2177 1477 2273 temporalium
1505 2178 1615 2249 vel
1653 2177 1861 2249 rebus
1898 2176 2169 2273 imperii
2201 2198 2245 2249 a
2272 2176 2450 2248 Sede
2483 2175 2880 2273 Apostolica
2914 2173 3321 2270 impetratis.

1091 2302 1343 2374 Datum
1382 2300 1625 2394 Fogie,
1667 2322 1852 2372 anno
1898 2300 2244 2371 dominice
2286 2297 2777 2371 incarnationis
2812 2296 3191 2386 MCCXLII,
3239 2318 3474 2369 mense
3517 2298 3803 2389 marti0,

994 2426 1235 2519 quinte
1268 2425 1535 2497 decime
1572 2423 1993 2495 indictionis

1431 2721 1958 2734 ——-—----—.--—-—-
1968 2720 2384 2729 ,ψει-

622 3013 912 3120 οορορῃῖξω,
1101 2999 1472 3086 Henricus
1489 3060 1512 3105 ‚
1552 2997 2029 3106 imperatoris
2065 2996 2421 3080 Friderici
2463 2996 2670 3079 filius
2688 3059 2711 3104 ‚
2761 3022 2893 3078 rex
2925 2995 3379 3078 Tur-ritanus
3411 3003 3490 3075 et
3523 2991 3803 3076 Gallu-

679 3121 856 3163 ¹¹²⁸¹¹¹⁰‘
997 3134 1238 3216 rensis
1273 3142 1348 3214 et
1397 3131 1693 3240 imperii
1745 3130 1824 3210 in
1878 3139 2037 3213 tota
2080 3130 2293 3212 Italia
2341 3129 2639 3238 legatus
2667 3127 3070 3240 generali8‚
3122 3127 3563 3210 anctoritate
3581 3126 3806 3235 lega-

996 3265 1224 3349 tionis
1258 3264 1405 3347 sibi
1453 3262 1905 3346 commissae
1937 3263 2440 3345 Berardinnm
2483 3261 2730 3344 filium
2785 3262 3176 3370 quondam
3212 3258 3663 3371 Paganuccii
3704 3258 3802 3339 de

998 3398 1327 3482 Cortona
1362 3396 1752 3506 publicum
1788 3395 2273 3478 tabellionem
2318 3395 2617 3503 imperii
2655 3393 3074 3477 constituit.

1153 3611 1349 3690 (Edit.
1380 3615 1447 3674 in
1471 3612 1666 3690 Epist.
1696 3613 1913 3673 stane.
1942 3611 2245 3687 Βοηιὲσιέἰ,
2275 3605 2456 3672 Arda.
2488 3615 2629 3670 ster.
2667 3606 2947 3688 &dic-o,
2978 3606 3258 3685 anni„
3299 3616 3366 3667 n·
3395 3613 3505 3677 12.
3537 3622 3608 3682 ρ.
3657 3611 3805 3667 407-

1232 3727 1470 3794 4⁶8‚e1
1492 3721 1693 3800 regist.
1727 3726 1847 3781 vet.
1867 3724 2128 3780 coaetan.
2158 3724 2358 3780 notar.
2387 3718 2701 3780 cmoenffl
2728 3719 2796 3778 in
2815 3714 3062 3777 ”achivo
3078 3729 3304 3776 omnm.
3332 3709 3726 3790 Comum)

1082 3908 1460 3998 HenricuS,
1514 3904 1639 3977 Dei
1693 3914 1765 3976 et
1811 3904 2149 3997 imperiali
2196 3903 2451 3996 gratia,
2509 3924 2636 3973 rex
2678 3900 3089 3971 Turritanus
3144 3907 3217 3969 et
3261 3895 3683 3968 Gallurensis
3733 3903 3806 3965 et

993 4033 1170 4105 sacri
1238 4031 1506 4127 imperii
1572 4031 1645 4102 in
1722 4039 1866 4101 tota
1934 4028 2127 4100 Italia
2205 4028 2481 4119 legatus
2571 4024 2915 4116 generalis
3009 4033 3081 4094 et
3147 4020 3409 4094 domini
3471 4017 3804 4092 Friderici

994 4154 1280 4228 secundi
1328 4155 1472 4228 divi
1517 4154 1793 4247 augusti
1837 4151 2043 4224 filius.
2079 4153 2213 4223 Per
2261 4171 2547 4246 presens
2602 4148 2933 4246 scriptum
2987 4156 3229 4218 notum
3283 4166 3432 4216 esse
3484 4143 3806 4214 volumus

994 4278 1336 4351 universis
1388 4278 1655 4375 imperii
1708 4277 2028 4349 fidelibus
2075 4284 2219 4347 tam
2275 4273 2713 4371 presentibus
2763 4293 2974 4366 quam
3018 4268 3266 4341 futuris
3317 4266 3509 4362 quod
3548 4287 3675 4338 nos
3717 4262 3806 4336 de

996 4402 1363 4499 prudentia
1421 4411 1489 4472 et
1531 4401 1861 4474 fidelitate
1912 4399 2272 4471 Berardini
2319 4396 2443 4469 filii
2471 4397 2849 4496 *quondam
2889 4392 3301 4488 Paganuccii
3350 4393 3438 4463 de
3484 4386 3804 4463 Cortonio

994 4528 1218 4601 fidelis
1259 4525 1527 4623 imperii
1568 4524 2029 4616 confidenteS,
2066 4501 2486 4596 auctoritate*
2517 4518 2880 4614 legationis
2914 4518 3116 4590 nobis
3155 4538 3199 4589 a
3231 4514 3514 4587 domino
3548 4513 3803 4584 Frede-

993 4654 1137 4725 rico
1194 4646 1562 4742 magnifico
1608 4649 2075 4720 Romanorum
2132 4649 2550 4743 imperatore
2614 4666 2889 4739 semper
2951 4650 3273 4735 augusto,
3313 4638 3691 4712 Jerusalem
3733 4644 3803 4706 et
