4364 5738
642 535 1005 614 lumenta]
1528 526 1924 589 HISTORIA
1970 526 2566 591 DIPLOMATICA.
3383 523 3462 582 33

1090 786 1107 793 α
1127 784 1166 793 ῳ.
1183 785 1347 793 »ῥ’-’.μω
1364 785 1441 791 -0
1454 784 1521 791 —-
1534 782 1729 790 --ψο-
1748 783 1853 789 ῃῳ-
1866 781 2336 790 -n-m———n--qno

757 1044 1222 1152 FridericuS,
1291 1045 1812 1128 Romanorum
1877 1044 2315 1152 imperator,
2383 1044 2756 1127 universis
2816 1070 2952 1154 per
3020 1044 3465 1128 comitatum

652 1178 1092 1288 Haynoniae
1135 1191 1210 1262 et
1242 1203 1378 1288 per
1422 1177 1830 1286 imperium
1878 1176 2302 1260 constitutis
2347 1178 2664 1260 mandat
2708 1186 2795 1260 ut
2838 1203 2989 1261 non
3031 1177 3471 1286 permittant

653 1310 974 1393 lohanni
1026 1321 1103 1393 et
1144 1310 1522 1393 Balduino
1563 1309 1739 1392 filiis
1787 1309 2216 1392 Bouchardi
2271 1311 2366 1393 de
2412 1309 2730 1394 Avesnis
2775 1319 2850 1392 et
2893 1311 3342 1419 Margaritae
3376 1312 3472 1394 de

652 1442 1046 1552 Flandria,
1089 1444 1370 1554 quibus
1407 1443 1746 1553 legitima
1788 1442 2075 1524 natalia
2112 1442 2458 1550 indulsit,
2500 1442 2599 1525 ab
2634 1443 2786 1525 illis
2822 1443 2918 1525 de
2963 1442 3473 1552 Domnapetra

657 1576 1028 1659 damnum
1063 1576 1182 1659 vel
1219 1575 1578 1685 injuriam
1615 1575 1967 1685 irrogari.

818 1794 1009 1873 (Edit.
1047 1811 1147 1871 ap.
1183 1795 1505 1869 Mun-mm,
1551 1791 1856 1867 Theseum,
1894 1798 1942 1852 t.
1989 1793 2042 1869 I,
2073 1809 2134 1869 p.
2177 1800 2353 1867 1021,
2384 1799 2445 1853 et
2483 1808 2580 1868 ap.
2616 1791 2864 1868 Munna,
2907 1786 3311 1871 Chai-terboek,
3339 1798 3386 1854 t.
3419 1792 3470 1865 1,

896 1919 957 1979 p.
988 1908 1103 1961 217
1120 1916 1139 1977 3
1157 1917 1321 1961 nunc
1346 1898 1545 1960 collat.
1575 1915 1711 1959 cum
1730 1897 2090 1958 chartulario
2111 1897 2500 1972 Bruxellensl,
2529 1898 2596 1957 n'
2630 1907 2731 1972 48,
2761 1898 2860 1958 fol.
2885 1902 3050 1973 211.)

757 2087 1181 2178 Fridericus,
1218 2087 1343 2158 Dei
1384 2086 1607 2179 gratia
1645 2088 2115 2158 Romanorum
2148 2084 2527 2178 imperator
2567 2105 2841 2178 semper
2876 2094 3243 2177 augustuS,
3282 2086 3477 2157 Jeru-

666 2212 878 2283 salem
910 2220 982 2282 et
1015 2210 1243 2283 Sicilie
1279 2232 1438 2301 rex,
1474 2209 1818 2281 universis
1857 2207 2263 2298 baronibus,
2314 2209 2627 2279 vassallis
2659 2208 3041 2300 ceterisque
3091 2206 3481 2280 hominibus

669 2357 792 2429 per
845 2344 1067 2407 totum
1121 2335 1525 2407 comitatum
1584 2334 1946 2429 Haynonie
2000 2354 2083 2403 ac
2135 2353 2264 2426 per
2320 2332 2684 2425 imperium
2728 2332 3114 2403 constitutis
3163 2330 3483 2404 fidelibus

669 2458 810 2531 suis
851 2458 1145 2550 gratiam
1187 2479 1383 2529 suam
1439 2467 1510 2529 et
1559 2478 1765 2528 omne
1820 2456 2109 2527 bonum.
2157 2455 2436 2527 Dudum
2478 2456 2812 2549 petitione
2855 2456 3184 2529 Iohannis
3227 2466 3299 2527 et
3331 2458 3485 2528 Bal-

671 2581 865 2653 duini
922 2579 1223 2652 filiorum
1289 2578 1678 2652 Bouchardi
1745 2579 1834 2650 de
1888 2577 2186 2651 Avesnis
2248 2587 2319 2649 et
2374 2579 2759 2669 Margarete
2822 2578 3075 2650 sororis
3140 2580 3483 2667 comitisse

670 2705 1017 2795 Flandrie,
1049 2702 1361 2776 fidelium
1397 2713 1822 2794 nostrorum,
1859 2702 2213 2797 proposita
2245 2723 2481 2773 coram
2528 2702 2730 2773 nobis
2778 2712 2858 2773 ut
2904 2703 2961 2773 si
2997 2704 3152 2796 quis
3192 2714 3373 2775 esset
3413 2704 3484 2775 in

675 2830 773 2901 eis
827 2828 1140 2901 defectus
1184 2827 1557 2919 natalium,
1604 2826 2118 2919 legitimationis
2164 2824 2507 2898 beneficio
2557 2826 3004 2917 dignaremur
3055 2828 3378 2923 prosequi
3418 2839 3489 2901 et

676 2955 1029 3049 supplere,
1067 2952 1505 3024 meminimus
1546 2973 1666 3024 eos
1705 2973 1799 3023 ex
1829 2961 2018 3024 certa
2059 2951 2478 3042 legitimasse
2524 2951 2807 3022 scientia
2853 2951 2941 3022 de
2981 2961 3216 3023 nostre
3263 2952 3485 3046 pleni-

681 3078 920 3150 tudine
950 3077 1334 3172 potestatis,
1381 3086 1462 3148 ut
1505 3076 1808 3170 paternis
1858 3085 1928 3146 et
1967 3075 2298 3146 maternis
2344 3075 2545 3146 bonis
2586 3075 2959 3147 succedere
3003 3078 3284 3148 valeant
3333 3086 3485 3148 tan-

681 3222 890 3294 quam
929 3201 1215 3293 legitimi
1255 3210 1326 3272 et
1357 3200 1447 3272 de
1490 3199 1690 3272 thoro
1729 3198 2039 3293 legitimo
2073 3199 2442 3294 procreati,
2474 3200 2565 3271 ad
2608 3199 2840 3271 omnia
2863 3200 3052 3293 jura,
3091 3200 3388 3274 honores
3422 3212 3494 3273 et

686 3305 880 3397 actus
919 3324 1261 3416 legitimos
1293 3323 1745 3412 admittendi,
1794 3323 1971 3395 siout
2004 3324 2076 3394 in
2122 3323 2391 3395 iudano
2427 3324 2557 3394 sibi
2590 3324 2810 3414 gratie
2835 3334 3070 3396 nostre
3101 3326 3488 3420 privilegio,

687 3448 1013 3540 insignito
1085 3448 1276 3519 bulla
1335 3469 1548 3518 aurea
1611 3447 1881 3542 typario
1943 3455 2177 3519 nostre
2233 3446 2606 3538 majestatis
2657 3448 2989 3544 impressa
3033 3445 3172 3543 (⁴),
3225 3450 3496 3544 plenius

686 3573 1101 3645 continetur.
1152 3571 1412 3643 Verum
1464 3570 1629 3663 quia
1672 3591 1898 3664 nuper
1950 3569 2041 3641 ad
2095 3571 2519 3642 audientiam
2571 3581 2878 3642 nostram
2933 3572 3329 3644 transmissa
3373 3594 3498 3666 per

689 3696 873 3791 ipsos
926 3695 1421 3788 conquestione
1472 3693 1791 3788 pervenit
1842 3694 2035 3787 quod
2065 3694 2498 3784 Guillelmus,
2534 3694 2758 3767 Guido
2801 3705 2871 3767 et
2897 3695 3271 3784 Iohannes,
3322 3717 3499 3789 quos

688 3818 1000 3912 predicta
1031 3820 1415 3911 Margareta
1456 3818 1545 3890 de
1580 3818 1950 3891 Guillelmo
1986 3817 2076 3889 de
2109 3817 2556 3912 Domnipetra
2592 3819 3034 3915 postmodum
3061 3819 3385 3912 suscepit,
3419 3841 3501 3891 ac

695 3942 810 4014 alii
871 3941 1155 4035 quidam
1212 3951 1453 4013 contra
1507 3950 1744 4013 nostre
1793 3940 2312 4032 legitimationis
2366 3942 2802 4036 privilegium
2860 3952 2931 4013 et
2972 3940 3309 4013 bonorem
3363 3965 3502 4036 quo

697 4064 987 4160 predicti
1016 4065 1365 4138 Iohannes
1392 4074 1463 4136 et
1502 4064 1884 4136 Balduinus
1929 4063 2172 4137 fideles
2212 4065 2429 4137 nostri
2452 4067 2600 4157 jam
2630 4064 2890 4136 diutius
2933 4066 3301 4159 premuniti
3333 4069 3503 4160 legi-

701 4189 881 4261 timis
947 4189 1295 4261 natalibus
1368 4187 1813 4278 decorantur,
1882 4210 2001 4261 eos
2065 4210 2429 4284 perperam
2496 4188 2874 4259 moliuntur
2934 4199 3379 4283 paternorum
3437 4201 3509 4263 et

700 4322 1171 4386 maternorum
1216 4314 1558 4386 bonorum
1603 4313 2038 4385 successione
2079 4313 2393 4407 privare3
2438 4332 2565 4383 nos
2601 4311 2672 4383 id
2715 4312 3030 4385 nolentes
3076 4315 3508 4407 aliquatenus

779 4564 850 4639 (l)
886 4567 999 4624 Hoc
1018 4566 1360 4640 privilegium
1381 4565 1527 4639 quod
1557 4565 1627 4623 ad
1656 4580 1858 4622 annum
1890 4568 2028 4621 ⁴235
2054 4563 2139 4622 vel
2167 4567 2308 4622 4236
2336 4565 2702 4637 reponendum
2728 4581 3030 4638 censemus,
3060 4566 3258 4625 frustm
3286 4567 3390 4623 huc
3422 4585 3511 4624 us-

708 4674 812 4732 quo
839 4662 1258 4735 disquisivimus.

862 4760 975 4850 vl,
1501 4764 1529 4778 ⁴
3161 4773 3196 4822 5

3590 1050 3779 1102 Poggiae
3788 1080 3803 1103 ,

3614 1104 3788 1145 martio.
