4364 5738
573 587 777 649 buter.
809 585 903 664 2]
1473 584 1869 648 HISTORIA
1919 583 2513 649 Dinomenes.
3279 588 3399 653 217

575 721 930 815 resignare
959 718 1331 811 volebant3
1367 719 1648 792 obsides
1684 720 1895 793 etiam
1932 720 2341 810 offerebant,
2371 721 2536 793 licet
2565 722 2654 796 de
2691 744 2986 797 numero
3026 694 3237 818 quem
3271 745 3401 798 nos

578 867 721 920 non
759 866 964 942 posse
1004 843 1372 935 designare
1404 852 1572 916 tunc
1605 844 1937 940 temporis
1973 843 2377 917 dicebamus
2418 854 2490 917 et
2524 846 2615 919 de
2659 856 2967 942 tempore
3005 846 3403 921 retinendo-

578 991 736 1042 rum
767 968 1089 1042 obsidum
1117 966 1361 1040 fuisset
1384 967 1745 1041 altercatio
1784 968 1966 1042 inter
1990 975 2248 1063 partes.
2285 969 2386 1041 De
2415 969 2898 1060 jurisdictione
2932 979 3167 1044 autem
3191 992 3404 1065 quam

581 1114 713 1166 nos
739 1090 1172 1187 simpliciter,
1207 1091 1389 1163 sicut
1420 1090 1715 1184 quilibet
1749 1113 1878 1166 rex
1910 1092 1985 1164 in
2017 1102 2200 1164 terra
2232 1111 2391 1182 sua,
2436 1091 2697 1168 habere
2731 1095 3139 1168 volebamus
3157 1148 3175 1179 ,
3212 1095 3405 1167 simi·

581 1217 741 1289 liter
769 1215 1123 1290 contentio
1158 1214 1313 1306 fuit,
1350 1235 1753 1309 quanquam
1784 1214 2338 1289 Mediolanenses
2362 1236 2438 1286 se
2469 1215 2907 1289 continentes
2930 1217 3273 1290 haberent
3296 1236 3406 1289 re-

581 1339 819 1437 cipere
845 1339 1283 1434 capitaneum
1311 1360 1355 1410 a
1381 1337 1586 1410 nobis
1623 1359 1835 1433 quem
1867 1338 1969 1411 eis
2004 1337 2173 1411 dare
2197 1339 2540 1411 vellemus
2568 1349 2641 1411 et
2668 1339 2930 1412 ibidem
2956 1339 3051 1412 ad
3080 1340 3405 1413 volunta-

585 1474 727 1537 tem
759 1473 1068 1536 nostram
1097 1462 1470 1554 dimittere,
1489 1462 1612 1556 qui
1635 1462 2191 1553 jurisdictionem
2224 1475 2296 1534 et
2329 1484 2600 1536 merum
2633 1464 2997 1560 imperium
3026 1464 3100 1539 in
3130 1463 3407 1536 civitate

583 1586 1204 1661 Mediolanensium
1251 1594 1325 1658 et
1362 1586 1515 1677 ejus
1559 1584 1879 1659 districtu
1914 1608 2042 1682 pro
2082 1595 2283 1682 parte
2322 1597 2560 1659 nostra
2594 1597 2668 1660 et
2704 1587 2976 1682 imperii
3014 1597 3402 1660 exerceret.

684 1712 924 1783 Preter
971 1709 1237 1804 priores
1287 1710 1547 1781 formas
1597 1708 1688 1782 de
1737 1710 2018 1803 negotio
2067 1710 2614 1784 Lombardorum
2662 1710 3038 1783 obtulimus
3089 1731 3409 1807 compro·

589 1835 866 1907 mittere
922 1833 995 1904 in
1042 1833 1404 1906 dominum
1453 1855 1708 1929 papam
1753 1845 1826 1906 et
1878 1836 2160 1926 fratres,
2216 1834 2312 1907 ita
2364 1844 2595 1907 tamen
2648 1834 2841 1928 quod
2888 1835 3081 1930 prius
3128 1836 3413 1908 omnino

590 1968 957 2053 rumpatur
997 1956 1398 2053 promissio,
1434 1956 1772 2052 protectio
1807 1966 1880 2029 et
1907 1949 2222 2052 quelibet
2263 1958 2595 2051 obligatio
2634 1957 2871 2030 habita
2911 1960 3092 2031 inter
3136 1980 3296 2031 eum
3345 1968 3418 2030 et

590 2081 969 2154 Ecclesiam
1001 2102 1096 2152 ex
1129 2101 1273 2152 una
1303 2089 1501 2175 parte
1543 2089 1616 2152 et
1656 2079 2083 2176 Lombardos
2126 2102 2220 2152 ex
2259 2080 2479 2152 altera
2495 2133 2516 2172 ,
2560 2081 2726 2174 quia
2766 2102 2908 2154 non
2957 2081 3240 2155 deceret
3284 2103 3418 2156 nec

594 2203 960 2301 expediret
1000 2204 1204 2276 nobis
1229 2203 1789 2299 compromittere
1831 2203 1920 2275 de
1965 2203 2264 2295 negotiis
2300 2202 2572 2298 imperii
2600 2204 2689 2275 de
2717 2205 2970 2297 quibus
3010 2214 3114 2277 est
3147 2205 3419 2299 questio

591 2338 774 2401 mter
803 2349 933 2401 nos
967 2337 1039 2399 et
1074 2327 1538 2419 Lombardos,
1575 2326 1647 2397 in
1686 2336 2149 2423 protectorem
2194 2326 2559 2399 rebellium
2604 2326 3149 2404 Lombardorum
3205 2337 3277 2399 et
3319 2326 3421 2402 eis

593 2475 807 2549 super
841 2452 974 2524 hiis
1012 2450 1408 2547 specialiter
1442 2451 1866 2544 obligatum;
1914 2459 1988 2523 et
2023 2449 2159 2523 hoc
2197 2452 2394 2522 salvo
2427 2452 2585 2542 jure
2628 2447 2943 2548 [nostro]
2993 2460 3066 2522 et
3111 2449 3417 2546 imperii,

592 2576 897 2650 deducta
928 2574 1315 2671 expressim
1352 2575 1442 2648 de
1477 2574 1973 2670 compromisso
2002 2596 2173 2670 pace
2211 2575 2646 2667 Constancie,
2684 2575 2780 2647 ita
2812 2573 3004 2668 quod
3036 2574 3128 2646 de
3160 2596 3244 2646 ea
3274 2595 3422 2646 ser·

596 2700 828 2773 vanda
856 2700 1180 2773 dominus
1217 2721 1402 2795 papa
1436 2708 1507 2771 et
1537 2700 1787 2771 fratres
1821 2697 2033 2778 nichil
2075 2699 2359 2771 valeant
2399 2698 2760 2788 arbitrari,
2797 2721 2957 2770 cum
3002 2698 3091 2770 sit
3124 2699 3422 2794 promis-

598 2845 753 2897 sum
786 2831 858 2898 et
890 2820 1241 2896 firmatum
1274 2844 1403 2919 per
1443 2822 1793 2919 principes
1838 2821 2110 2918 imperii
2148 2822 2343 2918 quod
2382 2821 2765 2917 predictam
2805 2842 3051 2918 pacem
3095 2831 3427 2918 tanquam

599 2951 856 3022 factam
900 2949 973 3020 in
1015 2948 1308 3021 evidens
1351 2947 1813 3042 prejudicium
1855 2947 2035 3039 juris
2079 2956 2152 3019 et
2206 2946 2490 3021 honoris
2533 2946 2804 3042 imperii
2850 2967 2997 3019 non
3047 2945 3428 3020 debeamus

600 3073 1011 3163 observar03
1047 3072 1144 3144 ita
1177 3081 1412 3143 tamen
1442 3070 1634 3164 quod
1673 3092 1765 3144 ex
1804 3071 2304 3168 compromisso
2336 3069 2653 3167 predicto
2684 3069 2777 3142 ad
2812 3071 3039 3142 nullas
3073 3070 3429 3143 cautiones

601 3196 775 3268 alias
820 3203 1218 3265 teneremur
1252 3195 1368 3266 vel
1409 3194 1878 3287 obligaremur
1907 3196 2041 3268 nisi
2077 3195 2173 3269 ad
2219 3196 2746 3291 promissionem
2782 3195 2896 3268 vel
2937 3195 3429 3287 obligationem

602 3316 903 3391 filiorum
946 3327 1341 3390 nostrorum
1396 3327 1469 3390 et
1517 3318 1910 3415 principum
1959 3330 2032 3392 et
2074 3320 2553 3393 communium
2602 3319 2961 3392 civitatum
3012 3328 3084 3391 et
3135 3319 3429 3393 aliorum

602 3438 917 3514 fidelium
974 3448 1371 3512 nostrorum
1422 3440 1826 3513 Lombardis
1884 3439 2181 3536 proinde
2230 3441 2583 3515 faciendas
2635 3462 2765 3537 pro
2814 3442 3311 3537 compromisso
3360 3451 3433 3514 et

606 3586 778 3661 pace
827 3563 1190 3635 servandis
1211 3616 1230 3653 ,
1291 3562 1611 3659 apposito
1667 3563 1962 3638 termino
2014 3562 2305 3637 finiendi
2377 3565 2645 3637 arbitrii
2697 3576 2904 3659 prout
2963 3564 3035 3637 in
3093 3565 3432 3660 superiori

606 3689 829 3761 forma
876 3687 1297 3761 continetur.
1342 3686 1678 3760 Predictis
1728 3696 1965 3759 autem
2017 3689 2244 3761 modis
2284 3690 2356 3760 in
2404 3689 2764 3762 dominum
2816 3708 3067 3784 papam
3109 3707 3431 3781 compro·

609 3814 878 3884 mittere
909 3810 1284 3884 voluimus.
1317 3810 1521 3897 Quod
1552 3811 1611 3883 si
1636 3820 2002 3907 acceptare
2036 3813 2282 3905 nollet,
2311 3813 2688 3885 obtulimus
2720 3832 2848 3884 nos
2888 3831 3213 3906 passuros
3239 3810 3434 3903 quod

611 3935 848 4007 nuncii
892 3935 1257 4008 rebellium
1312 3934 1861 4009 Lombardorum
1905 3935 2231 4008 venirent
2274 3936 2368 4010 ad
2411 3936 2674 4008 curiam
2712 3936 3094 4009 Romanam
3140 3942 3212 4005 et
3241 3933 3433 4027 quod

609 4057 936 4131 dominus
960 4079 1144 4154 papa
1181 4068 1510 4131 tractaret
1547 4059 1732 4131 inter
1761 4080 1893 4132 nos
1928 4071 2000 4132 et
2035 4081 2196 4152 eos,
2238 4069 2311 4132 et
2355 4060 2450 4132 ex
2496 4069 2790 4132 tractatu
2834 4057 3145 4153 predicto
3188 4058 3431 4152 procul

611 4181 823 4256 dubio
878 4182 1337 4255 credebamus
1384 4183 1828 4257 concordiam
1879 4194 2414 4279 proventuram3
2461 4193 2543 4255 ut
2591 4193 2860 4274 tamen,
2914 4182 3062 4254 sive
3109 4203 3431 4278 compro·

611 4306 894 4381 missum
931 4305 1054 4379 fiat
1087 4306 1238 4379 sive
1282 4317 1612 4379 tractatus
1665 4307 1990 4402 simplex,
2029 4316 2112 4379 ut
2157 4306 2422 4380 dictum
2478 4316 2623 4399 est,
2673 4307 2866 4402 prius
2914 4306 3434 4383 absolveremur

611 4449 822 4522 quam
852 4428 1119 4523 aliquid
1151 4428 1244 4502 de
1277 4430 1590 4524 predicto
1628 4430 1910 4522 negotio
1951 4428 2339 4519 inchoetur,
2393 4429 2526 4502 nisi
2574 4442 2859 4526 propter
2904 4440 3271 4503 tractatum
3320 4431 3435 4502 vel

611 4550 1093 4625 diffinitionem
1139 4553 1484 4625 absolutio
1523 4552 1904 4626 differatur.
1956 4553 2334 4624 Petivimus
2377 4565 2456 4626 ut
2505 4563 2873 4650 postquam
2913 4551 3015 4651 (a)
3052 4553 3185 4625 ista
3224 4550 3429 4644 flant,

699 4693 787 4773 (a)
828 4693 1013 4755 sicin
1040 4695 1342 4769 omnibus,
1372 4695 1477 4757 sed
1503 4695 1750 4756 forsitan
1765 4692 2135 4775 praequam.

777 4799 887 4864 VI.
3039 4808 3116 4862 ²8
