<?xml version="1.0" encoding="UTF-8"?>
<!DOCTYPE html PUBLIC "-//W3C//DTD XHTML 1.0 Transitional//EN"
    "http://www.w3.org/TR/xhtml1/DTD/xhtml1-transitional.dtd">
<html xmlns="http://www.w3.org/1999/xhtml" xml:lang="en" lang="en">
 <head>
  <title>
</title>
<meta http-equiv="Content-Type" content="text/html;charset=utf-8" />
  <meta name='ocr-system' content='tesseract 3.04.00' />
  <meta name='ocr-capabilities' content='ocr_page ocr_carea ocr_par ocr_line ocrx_word'/>
</head>
<body>
  <div class='ocr_page' id='page_1' title='image "./historiadiploma00degoog_0344.png"; bbox 0 0 4364 5738; ppageno 0'>
   <div class='ocr_carea' id='block_1_1' title="bbox 1022 592 3831 673">
    <p class='ocr_par' dir='ltr' id='par_1_1' title="bbox 1022 592 3831 673">
     <span class='ocr_line' id='line_1_1' title="bbox 1022 592 3831 673; baseline -0 -16"><span class='ocrx_word' id='word_1_1' title='bbox 1022 594 1146 657; x_wconf 72' lang='lat' dir='ltr'><strong>aso</strong></span> <span class='ocrx_word' id='word_1_2' title='bbox 2019 592 2450 657; x_wconf 67' lang='lat' dir='ltr'><strong>ramnum</strong></span> <span class='ocrx_word' id='word_1_3' title='bbox 2495 593 2846 655; x_wconf 68' lang='lat' dir='ltr'><strong>saeuum</strong></span> <span class='ocrx_word' id='word_1_4' title='bbox 3456 592 3619 673; x_wconf 63' lang='lat' dir='ltr'><strong>[Am.</strong></span> <span class='ocrx_word' id='word_1_5' title='bbox 3655 593 3831 656; x_wconf 72' lang='lat'>1245:</span> 
     </span>
    </p>
   </div>
   <div class='ocr_carea' id='block_1_2' title="bbox 1026 724 3828 967">
    <p class='ocr_par' dir='ltr' id='par_1_2' title="bbox 1026 724 3828 967">
     <span class='ocr_line' id='line_1_2' title="bbox 1026 724 3828 835; baseline 0.002 -29"><span class='ocrx_word' id='word_1_6' title='bbox 1026 726 1265 808; x_wconf 79' lang='lat' dir='ltr'><strong>factas</strong></span> <span class='ocrx_word' id='word_1_7' title='bbox 1318 753 1453 835; x_wconf 86' lang='lat' dir='ltr'><strong>per</strong></span> <span class='ocrx_word' id='word_1_8' title='bbox 1506 724 1915 807; x_wconf 83' lang='lat' dir='ltr'><strong>Henrioum</strong></span> <span class='ocrx_word' id='word_1_9' title='bbox 1966 749 2225 833; x_wconf 79' lang='lat' dir='ltr'><strong>regom</strong></span> <span class='ocrx_word' id='word_1_10' title='bbox 2274 725 2667 811; x_wconf 78' lang='lat' dir='ltr'>Sardiniae</span> <span class='ocrx_word' id='word_1_11' title='bbox 2715 725 2961 808; x_wconf 88' lang='lat' dir='ltr'><strong>filium</strong></span> <span class='ocrx_word' id='word_1_12' title='bbox 2997 750 3222 807; x_wconf 84' lang='lat' dir='ltr'><strong>sunm</strong></span> <span class='ocrx_word' id='word_1_13' title='bbox 3258 725 3356 806; x_wconf 87' lang='lat' dir='ltr'><strong>de</strong></span> <span class='ocrx_word' id='word_1_14' title='bbox 3400 725 3828 811; x_wconf 80' lang='lat' dir='ltr'><strong>remissione</strong></span> 
     </span>
     <span class='ocr_line' id='line_1_3' title="bbox 1027 856 2842 967; baseline -0.001 -28"><span class='ocrx_word' id='word_1_15' title='bbox 1027 857 1389 964; x_wconf 87' lang='lat' dir='ltr'><strong>pecuniae</strong></span> <span class='ocrx_word' id='word_1_16' title='bbox 1426 856 1569 937; x_wconf 88' lang='lat' dir='ltr'>sibi</span> <span class='ocrx_word' id='word_1_17' title='bbox 1612 857 1809 938; x_wconf 84' lang='lat' dir='ltr'><strong>facta</strong></span> <span class='ocrx_word' id='word_1_18' title='bbox 1854 882 1988 963; x_wconf 88' lang='lat' dir='ltr'><strong>per</strong></span> <span class='ocrx_word' id='word_1_19' title='bbox 2024 883 2282 965; x_wconf 87' lang='lat' dir='ltr'><strong>regem</strong></span> <span class='ocrx_word' id='word_1_20' title='bbox 2321 857 2842 967; x_wconf 70' lang='lat' dir='ltr'><strong>Gotol&#39;redum.</strong></span> 
     </span>
    </p>
   </div>
   <div class='ocr_carea' id='block_1_3' title="bbox 1192 1069 3828 1259">
    <p class='ocr_par' dir='ltr' id='par_1_3' title="bbox 1192 1069 3828 1259">
     <span class='ocr_line' id='line_1_4' title="bbox 1192 1069 3828 1157; baseline 0.001 -27"><span class='ocrx_word' id='word_1_21' title='bbox 1192 1072 1394 1153; x_wconf 81' lang='lat' dir='ltr'><strong>(Edld.</strong></span> <span class='ocrx_word' id='word_1_22' title='bbox 1424 1071 1829 1144; x_wconf 68' lang='lat' dir='ltr'><strong>Momounus,</strong></span> <span class='ocrx_word' id='word_1_23' title='bbox 1854 1070 2115 1133; x_wconf 74' lang='lat' dir='ltr'><strong>Manum.</strong></span> <span class='ocrx_word' id='word_1_24' title='bbox 2145 1069 2465 1157; x_wconf 64' lang='lat' dir='ltr'><strong>aquensia,</strong></span> <span class='ocrx_word' id='word_1_25' title='bbox 2495 1078 2547 1133; x_wconf 87' lang='lat' dir='ltr'><strong>t.</strong></span> <span class='ocrx_word' id='word_1_26' title='bbox 2576 1072 2642 1155; x_wconf 79' lang='lat'><strong>1,</strong></span> <span class='ocrx_word' id='word_1_27' title='bbox 2673 1073 2788 1139; x_wconf 85' lang='lat' dir='ltr'><strong>col.</strong></span> <span class='ocrx_word' id='word_1_28' title='bbox 2820 1079 3111 1144; x_wconf 66' lang='lat' dir='ltr'><strong>ata—219,</strong></span> <span class='ocrx_word' id='word_1_29' title='bbox 3135 1080 3201 1135; x_wconf 66' lang='grc' dir='ltr'><strong>η’</strong></span> <span class='ocrx_word' id='word_1_30' title='bbox 3232 1079 3373 1153; x_wconf 75' lang='lat'><strong>206,</strong></span> <span class='ocrx_word' id='word_1_31' title='bbox 3402 1088 3435 1132; x_wconf 86' lang='lat' dir='ltr'><strong>e</strong></span> <span class='ocrx_word' id='word_1_32' title='bbox 3467 1076 3828 1149; x_wconf 71' lang='lat' dir='ltr'><strong>transumpto</strong></span> 
     </span>
     <span class='ocr_line' id='line_1_5' title="bbox 1266 1174 1643 1259; baseline -0.005 -23"><span class='ocrx_word' id='word_1_33' title='bbox 1266 1178 1408 1236; x_wconf 80' lang='lat' dir='ltr'><strong>anni</strong></span> <span class='ocrx_word' id='word_1_34' title='bbox 1440 1174 1643 1259; x_wconf 78' lang='lat'><strong>1827.)</strong></span> 
     </span>
    </p>
   </div>
   <div class='ocr_carea' id='block_1_4' title="bbox 1029 1360 3836 2684">
    <p class='ocr_par' dir='ltr' id='par_1_4' title="bbox 1029 1360 3836 2684">
     <span class='ocr_line' id='line_1_6' title="bbox 1123 1360 3824 1456; baseline -0.001 -21"><span class='ocrx_word' id='word_1_35' title='bbox 1123 1362 1551 1449; x_wconf 72' lang='lat' dir='ltr'><strong>FridericuS,</strong></span> <span class='ocrx_word' id='word_1_36' title='bbox 1606 1360 1724 1431; x_wconf 87' lang='lat' dir='ltr'><strong>Dei</strong></span> <span class='ocrx_word' id='word_1_37' title='bbox 1764 1361 1985 1452; x_wconf 84' lang='lat' dir='ltr'><strong>gratia</strong></span> <span class='ocrx_word' id='word_1_38' title='bbox 2022 1361 2489 1435; x_wconf 79' lang='lat' dir='ltr'><strong>Romanorum</strong></span> <span class='ocrx_word' id='word_1_39' title='bbox 2535 1363 2912 1456; x_wconf 84' lang='lat' dir='ltr'><strong>imperator</strong></span> <span class='ocrx_word' id='word_1_40' title='bbox 2952 1382 3232 1456; x_wconf 85' lang='lat' dir='ltr'><strong>semper</strong></span> <span class='ocrx_word' id='word_1_41' title='bbox 3268 1370 3644 1452; x_wconf 79' lang='lat' dir='ltr'><strong>augustus,</strong></span> <span class='ocrx_word' id='word_1_42' title='bbox 3676 1362 3824 1433; x_wconf 75' lang='lat' dir='ltr'><strong>Hie·</strong></span> 
     </span>
     <span class='ocr_line' id='line_1_7' title="bbox 1030 1483 3826 1579; baseline -0.001 -22"><span class='ocrx_word' id='word_1_43' title='bbox 1030 1486 1331 1559; x_wconf 82' lang='lat' dir='ltr'><strong>msalem</strong></span> <span class='ocrx_word' id='word_1_44' title='bbox 1369 1493 1440 1554; x_wconf 87' lang='lat' dir='ltr'><strong>et</strong></span> <span class='ocrx_word' id='word_1_45' title='bbox 1466 1484 1695 1555; x_wconf 77' lang='lat' dir='ltr'><strong>Sicilie</strong></span> <span class='ocrx_word' id='word_1_46' title='bbox 1732 1505 1884 1554; x_wconf 83' lang='lat' dir='ltr'><strong>rex.</strong></span> <span class='ocrx_word' id='word_1_47' title='bbox 1918 1483 2279 1575; x_wconf 85' lang='lat' dir='ltr'><strong>Singulare</strong></span> <span class='ocrx_word' id='word_1_48' title='bbox 2312 1484 2526 1556; x_wconf 89' lang='lat' dir='ltr'><strong>decus</strong></span> <span class='ocrx_word' id='word_1_49' title='bbox 2553 1486 2829 1579; x_wconf 84' lang='lat' dir='ltr'><strong>pietatis</strong></span> <span class='ocrx_word' id='word_1_50' title='bbox 2869 1485 2939 1554; x_wconf 84' lang='lat' dir='ltr'><strong>in</strong></span> <span class='ocrx_word' id='word_1_51' title='bbox 2974 1484 3286 1579; x_wconf 81' lang='lat' dir='ltr'><strong>principe</strong></span> <span class='ocrx_word' id='word_1_52' title='bbox 3319 1483 3544 1578; x_wconf 87' lang='lat' dir='ltr'><strong>ipsum</strong></span> <span class='ocrx_word' id='word_1_53' title='bbox 3572 1506 3615 1555; x_wconf 92' lang='lat' dir='ltr'><strong>a</strong></span> <span class='ocrx_word' id='word_1_54' title='bbox 3649 1505 3826 1555; x_wconf 90' lang='lat' dir='ltr'><strong>mor-</strong></span> 
     </span>
     <span class='ocr_line' id='line_1_8' title="bbox 1034 1607 3826 1699; baseline -0.002 -18"><span class='ocrx_word' id='word_1_55' title='bbox 1034 1609 1285 1681; x_wconf 78' lang='lat' dir='ltr'><strong>talibus</strong></span> <span class='ocrx_word' id='word_1_56' title='bbox 1333 1659 2406 1679; x_wconf 88' lang='grc'><strong>..............</strong></span> <span class='ocrx_word' id='word_1_57' title='bbox 2448 1607 2656 1679; x_wconf 86' lang='lat' dir='ltr'><strong>habet</strong></span> <span class='ocrx_word' id='word_1_58' title='bbox 2691 1628 3056 1680; x_wconf 82' lang='lat' dir='ltr'><strong>commune</strong></span> <span class='ocrx_word' id='word_1_59' title='bbox 3098 1629 3256 1679; x_wconf 88' lang='lat' dir='ltr'><strong>cum</strong></span> <span class='ocrx_word' id='word_1_60' title='bbox 3287 1607 3466 1697; x_wconf 74' lang='lat' dir='ltr'><strong>aliis,</strong></span> <span class='ocrx_word' id='word_1_61' title='bbox 3503 1608 3690 1699; x_wconf 83' lang='lat' dir='ltr'><strong>qnod</strong></span> <span class='ocrx_word' id='word_1_62' title='bbox 3729 1608 3826 1676; x_wconf 87' lang='lat' dir='ltr'><strong>in-</strong></span> 
     </span>
     <span class='ocr_line' id='line_1_9' title="bbox 1029 1730 3830 1825; baseline -0.001 -21"><span class='ocrx_word' id='word_1_63' title='bbox 1029 1734 1255 1805; x_wconf 82' lang='lat' dir='ltr'><strong>vicem</strong></span> <span class='ocrx_word' id='word_1_64' title='bbox 1295 1730 1520 1802; x_wconf 84' lang='lat' dir='ltr'><strong>sibiet</strong></span> <span class='ocrx_word' id='word_1_65' title='bbox 1560 1731 1957 1823; x_wconf 69' lang='lat' dir='ltr'><strong>frequenter</strong></span> <span class='ocrx_word' id='word_1_66' title='bbox 1990 1730 2398 1820; x_wconf 75' lang='lat' dir='ltr'><strong>indulgeant</strong></span> <span class='ocrx_word' id='word_1_67' title='bbox 2429 1731 2675 1825; x_wconf 90' lang='lat' dir='ltr'><strong>privati</strong></span> <span class='ocrx_word' id='word_1_68' title='bbox 2705 1730 2989 1825; x_wconf 88' lang='lat' dir='ltr'><strong>privatis</strong></span> <span class='ocrx_word' id='word_1_69' title='bbox 3025 1730 3294 1823; x_wconf 75' lang='lat' dir='ltr'><strong>injuriis</strong></span> <span class='ocrx_word' id='word_1_70' title='bbox 3323 1730 3653 1819; x_wconf 88' lang='lat' dir='ltr'><strong>lacessiti,</strong></span> <span class='ocrx_word' id='word_1_71' title='bbox 3691 1731 3830 1825; x_wconf 81' lang='lat' dir='ltr'><strong>ipse</strong></span> 
     </span>
     <span class='ocr_line' id='line_1_10' title="bbox 1030 1853 3832 1949; baseline -0.002 -21"><span class='ocrx_word' id='word_1_72' title='bbox 1030 1866 1295 1949; x_wconf 81' lang='lat' dir='ltr'><strong>quanto</strong></span> <span class='ocrx_word' id='word_1_73' title='bbox 1326 1853 1753 1947; x_wconf 80' lang='lat' dir='ltr'><strong>frequentius</strong></span> <span class='ocrx_word' id='word_1_74' title='bbox 1791 1854 2007 1945; x_wconf 89' lang='lat' dir='ltr'><strong>magis</strong></span> <span class='ocrx_word' id='word_1_75' title='bbox 2052 1853 2452 1942; x_wconf 81' lang='lat' dir='ltr'><strong>offenditur,</strong></span> <span class='ocrx_word' id='word_1_76' title='bbox 2487 1863 2676 1924; x_wconf 86' lang='lat' dir='ltr'><strong>tanto</strong></span> <span class='ocrx_word' id='word_1_77' title='bbox 2719 1875 2846 1948; x_wconf 89' lang='lat' dir='ltr'><strong>pre</strong></span> <span class='ocrx_word' id='word_1_78' title='bbox 2875 1854 3120 1923; x_wconf 88' lang='lat' dir='ltr'><strong>ceteris</strong></span> <span class='ocrx_word' id='word_1_79' title='bbox 3146 1853 3602 1924; x_wconf 82' lang='lat' dir='ltr'><strong>miserabilius</strong></span> <span class='ocrx_word' id='word_1_80' title='bbox 3634 1853 3832 1922; x_wconf 83' lang='lat' dir='ltr'><strong>mise·</strong></span> 
     </span>
     <span class='ocr_line' id='line_1_11' title="bbox 1031 1975 3830 2071; baseline -0.003 -20"><span class='ocrx_word' id='word_1_81' title='bbox 1031 1991 1248 2052; x_wconf 86' lang='lat' dir='ltr'><strong>retur.</strong></span> <span class='ocrx_word' id='word_1_82' title='bbox 1282 1980 1573 2051; x_wconf 87' lang='lat' dir='ltr'><strong>Preseus</strong></span> <span class='ocrx_word' id='word_1_83' title='bbox 1607 1977 1813 2070; x_wconf 87' lang='lat' dir='ltr'><strong>igitur</strong></span> <span class='ocrx_word' id='word_1_84' title='bbox 1847 1977 2121 2049; x_wconf 88' lang='lat' dir='ltr'><strong>noverit</strong></span> <span class='ocrx_word' id='word_1_85' title='bbox 2146 1987 2218 2047; x_wconf 84' lang='lat' dir='ltr'><strong>ct</strong></span> <span class='ocrx_word' id='word_1_86' title='bbox 2256 1998 2656 2047; x_wconf 88' lang='lat' dir='ltr'><strong>successura</strong></span> <span class='ocrx_word' id='word_1_87' title='bbox 2691 1977 3054 2071; x_wconf 77' lang='lat' dir='ltr'><strong>posteritas</strong></span> <span class='ocrx_word' id='word_1_88' title='bbox 3083 1977 3275 2070; x_wconf 83' lang='lat' dir='ltr'><strong>quod</strong></span> <span class='ocrx_word' id='word_1_89' title='bbox 3304 1998 3433 2048; x_wconf 89' lang='lat' dir='ltr'><strong>nos</strong></span> <span class='ocrx_word' id='word_1_90' title='bbox 3457 1976 3548 2047; x_wconf 89' lang='lat' dir='ltr'><strong>ad</strong></span> <span class='ocrx_word' id='word_1_91' title='bbox 3578 1975 3830 2069; x_wconf 88' lang='lat' dir='ltr'><strong>suppli·</strong></span> 
     </span>
     <span class='ocr_line' id='line_1_12' title="bbox 1033 2096 3832 2173; baseline -0.003 0"><span class='ocrx_word' id='word_1_92' title='bbox 1033 2102 1337 2173; x_wconf 83' lang='lat' dir='ltr'><strong>cationes</strong></span> <span class='ocrx_word' id='word_1_93' title='bbox 1378 2098 1705 2171; x_wconf 83' lang='lat' dir='ltr'><strong>Bonifacii</strong></span> <span class='ocrx_word' id='word_1_94' title='bbox 1746 2098 2163 2170; x_wconf 85' lang='lat' dir='ltr'><strong>marchionis</strong></span> <span class='ocrx_word' id='word_1_95' title='bbox 2198 2098 2683 2170; x_wconf 86' lang='lat' dir='ltr'><strong>Montisferrati</strong></span> <span class='ocrx_word' id='word_1_96' title='bbox 2727 2098 2960 2168; x_wconf 85' lang='lat' dir='ltr'><strong>dilecti</strong></span> <span class='ocrx_word' id='word_1_97' title='bbox 2991 2097 3214 2168; x_wconf 86' lang='lat' dir='ltr'><strong>affinis</strong></span> <span class='ocrx_word' id='word_1_98' title='bbox 3255 2108 3326 2169; x_wconf 85' lang='lat' dir='ltr'><strong>et</strong></span> <span class='ocrx_word' id='word_1_99' title='bbox 3358 2096 3581 2169; x_wconf 84' lang='lat' dir='ltr'><strong>fidelis</strong></span> <span class='ocrx_word' id='word_1_100' title='bbox 3625 2096 3832 2169; x_wconf 86' lang='lat' dir='ltr'><strong>nostri</strong></span> 
     </span>
     <span class='ocr_line' id='line_1_13' title="bbox 1034 2221 3836 2317; baseline -0.002 -19"><span class='ocrx_word' id='word_1_101' title='bbox 1034 2223 1582 2298; x_wconf 87' lang='lat' dir='ltr'><strong>mansuetudinis</strong></span> <span class='ocrx_word' id='word_1_102' title='bbox 1610 2233 1847 2297; x_wconf 85' lang='lat' dir='ltr'><strong>nostre</strong></span> <span class='ocrx_word' id='word_1_103' title='bbox 1876 2223 2161 2314; x_wconf 75' lang='lat' dir='ltr'><strong>januam</strong></span> <span class='ocrx_word' id='word_1_104' title='bbox 2192 2223 2483 2317; x_wconf 88' lang='lat' dir='ltr'><strong>supplici</strong></span> <span class='ocrx_word' id='word_1_105' title='bbox 2522 2222 2892 2293; x_wconf 86' lang='lat' dir='ltr'><strong>devotione</strong></span> <span class='ocrx_word' id='word_1_106' title='bbox 2928 2222 3263 2315; x_wconf 82' lang='lat' dir='ltr'><strong>pulsantis</strong></span> <span class='ocrx_word' id='word_1_107' title='bbox 3302 2221 3718 2315; x_wconf 84' lang='lat' dir='ltr'><strong>veniamque</strong></span> <span class='ocrx_word' id='word_1_108' title='bbox 3747 2221 3836 2291; x_wconf 82' lang='lat' dir='ltr'><strong>de</strong></span> 
     </span>
     <span class='ocr_line' id='line_1_14' title="bbox 1033 2343 3830 2439; baseline -0.003 -20"><span class='ocrx_word' id='word_1_109' title='bbox 1033 2346 1415 2419; x_wconf 75' lang='lat' dir='ltr'><strong>commissis</strong></span> <span class='ocrx_word' id='word_1_110' title='bbox 1455 2344 1733 2416; x_wconf 79' lang='lat' dir='ltr'><strong>offensis</strong></span> <span class='ocrx_word' id='word_1_111' title='bbox 1773 2356 2010 2415; x_wconf 88' lang='lat' dir='ltr'><strong>contra</strong></span> <span class='ocrx_word' id='word_1_112' title='bbox 2061 2366 2189 2416; x_wconf 92' lang='lat' dir='ltr'><strong>nos</strong></span> <span class='ocrx_word' id='word_1_113' title='bbox 2239 2356 2309 2415; x_wconf 90' lang='lat' dir='ltr'><strong>et</strong></span> <span class='ocrx_word' id='word_1_114' title='bbox 2349 2344 2713 2439; x_wconf 82' lang='lat' dir='ltr'><strong>imperium</strong></span> <span class='ocrx_word' id='word_1_115' title='bbox 2745 2343 3098 2414; x_wconf 86' lang='lat' dir='ltr'><strong>humiliter</strong></span> <span class='ocrx_word' id='word_1_116' title='bbox 3131 2344 3575 2438; x_wconf 81' lang='lat' dir='ltr'><strong>postulantis,</strong></span> <span class='ocrx_word' id='word_1_117' title='bbox 3617 2345 3830 2438; x_wconf 82' lang='lat' dir='ltr'><strong>ipsum</strong></span> 
     </span>
     <span class='ocr_line' id='line_1_15' title="bbox 1033 2467 3831 2560; baseline -0.002 -18"><span class='ocrx_word' id='word_1_118' title='bbox 1033 2471 1126 2542; x_wconf 89' lang='lat' dir='ltr'><strong>ad</strong></span> <span class='ocrx_word' id='word_1_119' title='bbox 1172 2467 1641 2541; x_wconf 79' lang='lat' dir='ltr'><strong>exauditionis</strong></span> <span class='ocrx_word' id='word_1_120' title='bbox 1690 2478 1925 2538; x_wconf 89' lang='lat' dir='ltr'><strong>nostre</strong></span> <span class='ocrx_word' id='word_1_121' title='bbox 1972 2468 2264 2558; x_wconf 76' lang='lat' dir='ltr'><strong>gratiam</strong></span> <span class='ocrx_word' id='word_1_122' title='bbox 2301 2468 2672 2559; x_wconf 80' lang='lat' dir='ltr'><strong>benignius</strong></span> <span class='ocrx_word' id='word_1_123' title='bbox 2713 2468 3191 2555; x_wconf 81' lang='lat' dir='ltr'><strong>admittentes,</strong></span> <span class='ocrx_word' id='word_1_124' title='bbox 3241 2467 3311 2536; x_wconf 89' lang='lat' dir='ltr'><strong>in</strong></span> <span class='ocrx_word' id='word_1_125' title='bbox 3354 2469 3632 2560; x_wconf 84' lang='lat' dir='ltr'><strong>plenam</strong></span> <span class='ocrx_word' id='word_1_126' title='bbox 3678 2488 3831 2537; x_wconf 87' lang='lat' dir='ltr'><strong>nos·</strong></span> 
     </span>
     <span class='ocr_line' id='line_1_16' title="bbox 1037 2558 3832 2684; baseline -0.001 -22"><span class='ocrx_word' id='word_1_127' title='bbox 1037 2601 1211 2662; x_wconf 89' lang='lat' dir='ltr'><strong>tram</strong></span> <span class='ocrx_word' id='word_1_128' title='bbox 1235 2591 1528 2682; x_wconf 82' lang='lat' dir='ltr'><strong>gratiam</strong></span> <span class='ocrx_word' id='word_1_129' title='bbox 1558 2590 1943 2684; x_wconf 87' lang='lat' dir='ltr'><strong>recepimus</strong></span> <span class='ocrx_word' id='word_1_130' title='bbox 1969 2600 2038 2659; x_wconf 91' lang='lat' dir='ltr'><strong>et</strong></span> <span class='ocrx_word' id='word_1_131' title='bbox 2066 2590 2401 2679; x_wconf 82' lang='lat' dir='ltr'><strong>favorem,</strong></span> <span class='ocrx_word' id='word_1_132' title='bbox 2436 2558 2760 2662; x_wconf 73' lang='lat' dir='ltr'><strong>rancores</strong></span> <span class='ocrx_word' id='word_1_133' title='bbox 2791 2612 3032 2662; x_wconf 90' lang='lat' dir='ltr'><strong>omnes</strong></span> <span class='ocrx_word' id='word_1_134' title='bbox 3061 2600 3130 2661; x_wconf 90' lang='lat' dir='ltr'><strong>et</strong></span> <span class='ocrx_word' id='word_1_135' title='bbox 3156 2591 3447 2661; x_wconf 82' lang='lat' dir='ltr'><strong>offensas</strong></span> <span class='ocrx_word' id='word_1_136' title='bbox 3472 2611 3648 2683; x_wconf 81' lang='lat' dir='ltr'><strong>quas</strong></span> <span class='ocrx_word' id='word_1_137' title='bbox 3675 2589 3832 2659; x_wconf 77' lang='lat' dir='ltr'><strong>hac·</strong></span> 
     </span>
    </p>
   </div>
   <div class='ocr_carea' id='block_1_5' title="bbox 912 2712 3827 2807">
    <p class='ocr_par' dir='ltr' id='par_1_5' title="bbox 912 2712 3827 2807">
     <span class='ocr_line' id='line_1_17' title="bbox 912 2712 3827 2807; baseline -0.001 -22"><span class='ocrx_word' id='word_1_138' title='bbox 912 2724 917 2730; x_wconf 88' lang='lat'>&#39;</span> <span class='ocrx_word' id='word_1_139' title='bbox 1035 2724 1236 2785; x_wconf 79' lang='lat' dir='ltr'><strong>tenus</strong></span> <span class='ocrx_word' id='word_1_140' title='bbox 1268 2723 1507 2784; x_wconf 84' lang='lat' dir='ltr'><strong>contra</strong></span> <span class='ocrx_word' id='word_1_141' title='bbox 1540 2732 1668 2783; x_wconf 90' lang='lat' dir='ltr'><strong>nos</strong></span> <span class='ocrx_word' id='word_1_142' title='bbox 1699 2723 1771 2783; x_wconf 88' lang='lat' dir='ltr'><strong>et</strong></span> <span class='ocrx_word' id='word_1_143' title='bbox 1811 2712 2176 2807; x_wconf 88' lang='lat' dir='ltr'><strong>imperium</strong></span> <span class='ocrx_word' id='word_1_144' title='bbox 2222 2713 2416 2783; x_wconf 80' lang='lat' dir='ltr'><strong>visus</strong></span> <span class='ocrx_word' id='word_1_145' title='bbox 2453 2724 2558 2784; x_wconf 91' lang='lat' dir='ltr'><strong>est</strong></span> <span class='ocrx_word' id='word_1_146' title='bbox 2604 2713 2972 2784; x_wconf 86' lang='lat' dir='ltr'><strong>incurrisse</strong></span> <span class='ocrx_word' id='word_1_147' title='bbox 3019 2713 3148 2783; x_wconf 73' lang='lat' dir='ltr'><strong>sibi</strong></span> <span class='ocrx_word' id='word_1_148' title='bbox 3192 2714 3288 2784; x_wconf 87' lang='lat' dir='ltr'><strong>de</strong></span> <span class='ocrx_word' id='word_1_149' title='bbox 3323 2712 3656 2806; x_wconf 87' lang='lat' dir='ltr'><strong>imperiali</strong></span> <span class='ocrx_word' id='word_1_150' title='bbox 3698 2713 3827 2782; x_wconf 90' lang='lat' dir='ltr'><strong>cle-</strong></span> 
     </span>
    </p>
   </div>
   <div class='ocr_carea' id='block_1_6' title="bbox 1028 2834 3844 4529">
    <p class='ocr_par' dir='ltr' id='par_1_6' title="bbox 1028 2834 3844 4529">
     <span class='ocr_line' id='line_1_18' title="bbox 1036 2834 3834 2931; baseline -0.001 -22"><span class='ocrx_word' id='word_1_151' title='bbox 1036 2837 1297 2910; x_wconf 86' lang='lat' dir='ltr'><strong>mentia</strong></span> <span class='ocrx_word' id='word_1_152' title='bbox 1342 2837 1762 2908; x_wconf 80' lang='lat' dir='ltr'><strong>relaxantes.</strong></span> <span class='ocrx_word' id='word_1_153' title='bbox 1807 2838 1906 2908; x_wconf 89' lang='lat' dir='ltr'><strong>De</strong></span> <span class='ocrx_word' id='word_1_154' title='bbox 1959 2836 2445 2908; x_wconf 73' lang='lat' dir='ltr'><strong>abundantiori</strong></span> <span class='ocrx_word' id='word_1_155' title='bbox 2503 2858 2784 2931; x_wconf 83' lang='lat' dir='ltr'><strong>quoque</strong></span> <span class='ocrx_word' id='word_1_156' title='bbox 2831 2834 3296 2908; x_wconf 82' lang='lat' dir='ltr'><strong>munificentie</strong></span> <span class='ocrx_word' id='word_1_157' title='bbox 3343 2845 3582 2907; x_wconf 82' lang='lat' dir='ltr'><strong>nostre</strong></span> <span class='ocrx_word' id='word_1_158' title='bbox 3620 2834 3834 2928; x_wconf 71' lang='lat' dir='ltr'><strong>gratia</strong></span> 
     </span>
     <span class='ocr_line' id='line_1_19' title="bbox 1036 2959 3834 3054; baseline -0.002 -20"><span class='ocrx_word' id='word_1_159' title='bbox 1036 2961 1441 3034; x_wconf 84' lang='lat' dir='ltr'><strong>investimus</strong></span> <span class='ocrx_word' id='word_1_160' title='bbox 1473 2961 1700 3054; x_wconf 88' lang='lat' dir='ltr'><strong>ipsum</strong></span> <span class='ocrx_word' id='word_1_161' title='bbox 1737 2961 1824 3030; x_wconf 91' lang='lat' dir='ltr'><strong>de</strong></span> <span class='ocrx_word' id='word_1_162' title='bbox 1862 2962 2068 3032; x_wconf 88' lang='lat' dir='ltr'><strong>rectis</strong></span> <span class='ocrx_word' id='word_1_163' title='bbox 2101 2959 2328 3031; x_wconf 82' lang='lat' dir='ltr'><strong>feudis</strong></span> <span class='ocrx_word' id='word_1_164' title='bbox 2371 2961 2514 3030; x_wconf 83' lang='lat' dir='ltr'><strong>suis</strong></span> <span class='ocrx_word' id='word_1_165' title='bbox 2555 2981 2692 3051; x_wconf 88' lang='lat' dir='ltr'><strong>qne</strong></span> <span class='ocrx_word' id='word_1_166' title='bbox 2745 2969 2932 3030; x_wconf 86' lang='lat' dir='ltr'><strong>tenet</strong></span> <span class='ocrx_word' id='word_1_167' title='bbox 2972 2960 3060 3030; x_wconf 84' lang='lat' dir='ltr'><strong>ab</strong></span> <span class='ocrx_word' id='word_1_168' title='bbox 3105 2959 3434 3053; x_wconf 82' lang='lat' dir='ltr'><strong>imperio,</strong></span> <span class='ocrx_word' id='word_1_169' title='bbox 3469 2981 3511 3030; x_wconf 91' lang='lat' dir='ltr'><strong>a</strong></span> <span class='ocrx_word' id='word_1_170' title='bbox 3544 2979 3834 3051; x_wconf 83' lang='lat' dir='ltr'><strong>quorum</strong></span> 
     </span>
     <span class='ocr_line' id='line_1_20' title="bbox 1028 3080 3834 3178; baseline -0.001 -25"><span class='ocrx_word' id='word_1_171' title='bbox 1028 3084 1186 3174; x_wconf 90' lang='lat' dir='ltr'><strong>jure</strong></span> <span class='ocrx_word' id='word_1_172' title='bbox 1214 3104 1339 3177; x_wconf 87' lang='lat' dir='ltr'><strong>per</strong></span> <span class='ocrx_word' id='word_1_173' title='bbox 1374 3081 1667 3152; x_wconf 85' lang='lat' dir='ltr'><strong>offensas</strong></span> <span class='ocrx_word' id='word_1_174' title='bbox 1704 3093 1942 3153; x_wconf 87' lang='lat' dir='ltr'><strong>contra</strong></span> <span class='ocrx_word' id='word_1_175' title='bbox 1974 3105 2100 3158; x_wconf 92' lang='lat' dir='ltr'><strong>nos</strong></span> <span class='ocrx_word' id='word_1_176' title='bbox 2132 3091 2203 3153; x_wconf 89' lang='lat' dir='ltr'><strong>et</strong></span> <span class='ocrx_word' id='word_1_177' title='bbox 2234 3084 2597 3177; x_wconf 87' lang='lat' dir='ltr'><strong>imperium</strong></span> <span class='ocrx_word' id='word_1_178' title='bbox 2633 3093 3062 3178; x_wconf 83' lang='lat' dir='ltr'><strong>perpetratas</strong></span> <span class='ocrx_word' id='word_1_179' title='bbox 3080 3083 3272 3175; x_wconf 86' lang='lat' dir='ltr'><strong>juste</strong></span> <span class='ocrx_word' id='word_1_180' title='bbox 3307 3081 3636 3153; x_wconf 88' lang='lat' dir='ltr'><strong>cecidisse</strong></span> <span class='ocrx_word' id='word_1_181' title='bbox 3675 3080 3834 3151; x_wconf 84' lang='lat' dir='ltr'><strong>hac·</strong></span> 
     </span>
     <span class='ocr_line' id='line_1_21' title="bbox 1039 3202 3837 3298; baseline -0.001 -22"><span class='ocrx_word' id='word_1_182' title='bbox 1039 3217 1240 3276; x_wconf 87' lang='lat' dir='ltr'><strong>tenus</strong></span> <span class='ocrx_word' id='word_1_183' title='bbox 1284 3203 1679 3293; x_wconf 83' lang='lat' dir='ltr'><strong>videbatur,</strong></span> <span class='ocrx_word' id='word_1_184' title='bbox 1724 3214 1802 3278; x_wconf 88' lang='lat' dir='ltr'><strong>ut</strong></span> <span class='ocrx_word' id='word_1_185' title='bbox 1849 3226 1929 3275; x_wconf 89' lang='lat' dir='ltr'><strong>ea</strong></span> <span class='ocrx_word' id='word_1_186' title='bbox 1983 3215 2121 3276; x_wconf 87' lang='lat' dir='ltr'><strong>tam</strong></span> <span class='ocrx_word' id='word_1_187' title='bbox 2168 3206 2313 3298; x_wconf 90' lang='lat' dir='ltr'><strong>ipse</strong></span> <span class='ocrx_word' id='word_1_188' title='bbox 2363 3227 2574 3297; x_wconf 87' lang='lat' dir='ltr'><strong>quam</strong></span> <span class='ocrx_word' id='word_1_189' title='bbox 2625 3204 2918 3276; x_wconf 87' lang='lat' dir='ltr'><strong>heredes</strong></span> <span class='ocrx_word' id='word_1_190' title='bbox 2963 3205 3068 3275; x_wconf 83' lang='lat' dir='ltr'><strong>sui</strong></span> <span class='ocrx_word' id='word_1_191' title='bbox 3113 3225 3154 3275; x_wconf 89' lang='lat' dir='ltr'><strong>a</strong></span> <span class='ocrx_word' id='word_1_192' title='bbox 3196 3205 3396 3276; x_wconf 80' lang='lat' dir='ltr'><strong>nobis</strong></span> <span class='ocrx_word' id='word_1_193' title='bbox 3436 3214 3507 3276; x_wconf 87' lang='lat' dir='ltr'><strong>et</strong></span> <span class='ocrx_word' id='word_1_194' title='bbox 3555 3202 3837 3298; x_wconf 81' lang='lat' dir='ltr'><strong>imperio</strong></span> 
     </span>
     <span class='ocr_line' id='line_1_22' title="bbox 1039 3324 3837 3424; baseline -0.001 -24"><span class='ocrx_word' id='word_1_195' title='bbox 1039 3349 1312 3423; x_wconf 86' lang='lat' dir='ltr'><strong>semper</strong></span> <span class='ocrx_word' id='word_1_196' title='bbox 1343 3326 1733 3397; x_wconf 88' lang='lat' dir='ltr'><strong>immediate</strong></span> <span class='ocrx_word' id='word_1_197' title='bbox 1771 3338 2048 3398; x_wconf 87' lang='lat' dir='ltr'><strong>teneant</strong></span> <span class='ocrx_word' id='word_1_198' title='bbox 2083 3339 2151 3398; x_wconf 90' lang='lat' dir='ltr'><strong>et</strong></span> <span class='ocrx_word' id='word_1_199' title='bbox 2197 3337 2723 3419; x_wconf 85' lang='lat' dir='ltr'><strong>recognoscant,</strong></span> <span class='ocrx_word' id='word_1_200' title='bbox 2762 3328 2996 3399; x_wconf 89' lang='lat' dir='ltr'><strong>debita</strong></span> <span class='ocrx_word' id='word_1_201' title='bbox 3033 3349 3322 3420; x_wconf 79' lang='lat' dir='ltr'><strong>quoque</strong></span> <span class='ocrx_word' id='word_1_202' title='bbox 3351 3324 3480 3424; x_wconf 83' lang='lat' dir='ltr'><strong>[et]</strong></span> <span class='ocrx_word' id='word_1_203' title='bbox 3515 3339 3837 3399; x_wconf 78' lang='lat' dir='ltr'><strong>consueta</strong></span> 
     </span>
     <span class='ocr_line' id='line_1_23' title="bbox 1039 3450 3830 3545; baseline -0.003 -21"><span class='ocrx_word' id='word_1_204' title='bbox 1039 3451 1319 3524; x_wconf 90' lang='lat' dir='ltr'><strong>servitia</strong></span> <span class='ocrx_word' id='word_1_205' title='bbox 1350 3450 1605 3521; x_wconf 82' lang='lat' dir='ltr'><strong>exinde</strong></span> <span class='ocrx_word' id='word_1_206' title='bbox 1632 3450 1833 3521; x_wconf 86' lang='lat' dir='ltr'><strong>nobis</strong></span> <span class='ocrx_word' id='word_1_207' title='bbox 1859 3465 1929 3520; x_wconf 87' lang='lat' dir='ltr'><strong>et</strong></span> <span class='ocrx_word' id='word_1_208' title='bbox 1956 3450 2468 3522; x_wconf 84' lang='lat' dir='ltr'><strong>successoribus</strong></span> <span class='ocrx_word' id='word_1_209' title='bbox 2496 3452 2746 3522; x_wconf 83' lang='lat' dir='ltr'><strong>nostris</strong></span> <span class='ocrx_word' id='word_1_210' title='bbox 2768 3452 2840 3521; x_wconf 86' lang='lat' dir='ltr'><strong>in</strong></span> <span class='ocrx_word' id='word_1_211' title='bbox 2870 3450 3161 3545; x_wconf 84' lang='lat' dir='ltr'><strong>imperio</strong></span> <span class='ocrx_word' id='word_1_212' title='bbox 3191 3452 3424 3522; x_wconf 83' lang='lat' dir='ltr'><strong>facere-</strong></span> <span class='ocrx_word' id='word_1_213' title='bbox 3453 3460 3830 3537; x_wconf 78' lang='lat' dir='ltr'><strong>teneantur,</strong></span> 
     </span>
     <span class='ocr_line' id='line_1_24' title="bbox 1040 3573 3832 3668; baseline -0.003 -20"><span class='ocrx_word' id='word_1_214' title='bbox 1040 3587 1111 3648; x_wconf 82' lang='lat' dir='ltr'><strong>et</strong></span> <span class='ocrx_word' id='word_1_215' title='bbox 1143 3575 1231 3647; x_wconf 88' lang='lat' dir='ltr'><strong>de</strong></span> <span class='ocrx_word' id='word_1_216' title='bbox 1260 3573 1565 3646; x_wconf 87' lang='lat' dir='ltr'><strong>dominio</strong></span> <span class='ocrx_word' id='word_1_217' title='bbox 1598 3583 1843 3643; x_wconf 66' lang='lat' dir='ltr'><strong>nostro.</strong></span> <span class='ocrx_word' id='word_1_218' title='bbox 1864 3573 1981 3644; x_wconf 87' lang='lat' dir='ltr'><strong>illa</strong></span> <span class='ocrx_word' id='word_1_219' title='bbox 2015 3573 2250 3665; x_wconf 89' lang='lat' dir='ltr'><strong>aliquo</strong></span> <span class='ocrx_word' id='word_1_220' title='bbox 2287 3595 2596 3665; x_wconf 83' lang='lat' dir='ltr'><strong>unquam</strong></span> <span class='ocrx_word' id='word_1_221' title='bbox 2637 3584 2944 3668; x_wconf 86' lang='lat' dir='ltr'><strong>tempore</strong></span> <span class='ocrx_word' id='word_1_222' title='bbox 2984 3573 3392 3645; x_wconf 72' lang='lat' dir='ltr'><strong>subtrahere</strong></span> <span class='ocrx_word' id='word_1_223' title='bbox 3433 3595 3572 3645; x_wconf 89' lang='lat' dir='ltr'><strong>non</strong></span> <span class='ocrx_word' id='word_1_224' title='bbox 3616 3573 3832 3643; x_wconf 83' lang='lat' dir='ltr'><strong>inten-</strong></span> 
     </span>
     <span class='ocr_line' id='line_1_25' title="bbox 1039 3677 3838 3791; baseline -0.003 -19"><span class='ocrx_word' id='word_1_225' title='bbox 1039 3701 1233 3772; x_wconf 91' lang='lat' dir='ltr'><strong>dant.</strong></span> <span class='ocrx_word' id='word_1_226' title='bbox 1283 3696 1780 3770; x_wconf 88' lang='lat' dir='ltr'><strong>Confirmamus</strong></span> <span class='ocrx_word' id='word_1_227' title='bbox 1826 3695 2112 3790; x_wconf 89' lang='lat' dir='ltr'><strong>insuper</strong></span> <span class='ocrx_word' id='word_1_228' title='bbox 2152 3697 2383 3767; x_wconf 90' lang='lat' dir='ltr'><strong>omnia</strong></span> <span class='ocrx_word' id='word_1_229' title='bbox 2425 3677 2779 3791; x_wconf 82' lang='lat' dir='ltr'><strong>privilegia</strong></span> <span class='ocrx_word' id='word_1_230' title='bbox 2823 3697 2886 3767; x_wconf 89' lang='lat' dir='ltr'><strong>ei</strong></span> <span class='ocrx_word' id='word_1_231' title='bbox 2923 3706 2992 3768; x_wconf 92' lang='lat' dir='ltr'><strong>et</strong></span> <span class='ocrx_word' id='word_1_232' title='bbox 3034 3697 3588 3768; x_wconf 71' lang='lat' dir='ltr'><strong>antecessoribus</strong></span> <span class='ocrx_word' id='word_1_233' title='bbox 3625 3696 3761 3766; x_wconf 84' lang='lat' dir='ltr'><strong>suis</strong></span> <span class='ocrx_word' id='word_1_234' title='bbox 3796 3681 3838 3764; x_wconf 80' lang='lat' dir='ltr'><strong>a</strong></span> 
     </span>
     <span class='ocr_line' id='line_1_26' title="bbox 1040 3816 3834 3913; baseline -0.002 -20"><span class='ocrx_word' id='word_1_235' title='bbox 1040 3823 1237 3895; x_wconf 92' lang='lat' dir='ltr'><strong>nobis</strong></span> <span class='ocrx_word' id='word_1_236' title='bbox 1271 3832 1340 3892; x_wconf 90' lang='lat' dir='ltr'><strong>et</strong></span> <span class='ocrx_word' id='word_1_237' title='bbox 1370 3821 1549 3892; x_wconf 91' lang='lat' dir='ltr'><strong>divis</strong></span> <span class='ocrx_word' id='word_1_238' title='bbox 1590 3818 1897 3910; x_wconf 90' lang='lat' dir='ltr'><strong>augustis</strong></span> <span class='ocrx_word' id='word_1_239' title='bbox 1929 3819 2484 3912; x_wconf 88' lang='lat' dir='ltr'><strong>progenitoribus</strong></span> <span class='ocrx_word' id='word_1_240' title='bbox 2515 3821 2767 3890; x_wconf 89' lang='lat' dir='ltr'><strong>nostris</strong></span> <span class='ocrx_word' id='word_1_241' title='bbox 2800 3818 3064 3890; x_wconf 90' lang='lat' dir='ltr'><strong>indulta</strong></span> <span class='ocrx_word' id='word_1_242' title='bbox 3098 3818 3166 3889; x_wconf 92' lang='lat' dir='ltr'><strong>in</strong></span> <span class='ocrx_word' id='word_1_243' title='bbox 3200 3829 3435 3891; x_wconf 88' lang='lat' dir='ltr'><strong>nostra</strong></span> <span class='ocrx_word' id='word_1_244' title='bbox 3468 3830 3539 3890; x_wconf 88' lang='lat' dir='ltr'><strong>et</strong></span> <span class='ocrx_word' id='word_1_245' title='bbox 3579 3816 3834 3913; x_wconf 91' lang='lat' dir='ltr'><strong>imperii</strong></span> 
     </span>
     <span class='ocr_line' id='line_1_27' title="bbox 1043 3939 3836 4037; baseline -0.004 -17"><span class='ocrx_word' id='word_1_246' title='bbox 1043 3948 1446 4035; x_wconf 85' lang='lat' dir='ltr'><strong>devotione,</strong></span> <span class='ocrx_word' id='word_1_247' title='bbox 1479 3942 1617 4014; x_wconf 90' lang='lat' dir='ltr'><strong>fide</strong></span> <span class='ocrx_word' id='word_1_248' title='bbox 1667 3952 1735 4012; x_wconf 90' lang='lat' dir='ltr'><strong>et</strong></span> <span class='ocrx_word' id='word_1_249' title='bbox 1773 3941 2068 4012; x_wconf 87' lang='lat' dir='ltr'><strong>servitiis</strong></span> <span class='ocrx_word' id='word_1_250' title='bbox 2119 3942 2550 4036; x_wconf 89' lang='lat' dir='ltr'><strong>persistenti,</strong></span> <span class='ocrx_word' id='word_1_251' title='bbox 2604 3943 2795 4012; x_wconf 88' lang='lat' dir='ltr'><strong>salva</strong></span> <span class='ocrx_word' id='word_1_252' title='bbox 2844 3941 2915 4010; x_wconf 90' lang='lat' dir='ltr'><strong>in</strong></span> <span class='ocrx_word' id='word_1_253' title='bbox 2963 3941 3283 4011; x_wconf 90' lang='lat' dir='ltr'><strong>omnibus</strong></span> <span class='ocrx_word' id='word_1_254' title='bbox 3332 3950 3402 4012; x_wconf 91' lang='lat' dir='ltr'><strong>et</strong></span> <span class='ocrx_word' id='word_1_255' title='bbox 3448 3963 3574 4037; x_wconf 92' lang='lat' dir='ltr'><strong>per</strong></span> <span class='ocrx_word' id='word_1_256' title='bbox 3617 3939 3836 4012; x_wconf 89' lang='lat' dir='ltr'><strong>omnia</strong></span> 
     </span>
     <span class='ocr_line' id='line_1_28' title="bbox 1041 4063 3839 4172; baseline -0.004 -31"><span class='ocrx_word' id='word_1_257' title='bbox 1041 4082 1279 4144; x_wconf 88' lang='lat' dir='ltr'><strong>nostra</strong></span> <span class='ocrx_word' id='word_1_258' title='bbox 1325 4065 1663 4172; x_wconf 86' lang='lat' dir='ltr'><strong>imperiali</strong></span> <span class='ocrx_word' id='word_1_259' title='bbox 1704 4063 1994 4158; x_wconf 69' lang='lat' dir='ltr'><strong>justitia.</strong></span> <span class='ocrx_word' id='word_1_260' title='bbox 2056 4064 2561 4136; x_wconf 87' lang='lat' dir='ltr'><strong>Conventiones</strong></span> <span class='ocrx_word' id='word_1_261' title='bbox 2619 4063 2902 4161; x_wconf 79' lang='lat' dir='ltr'><strong>quidem</strong></span> <span class='ocrx_word' id='word_1_262' title='bbox 2955 4073 3024 4133; x_wconf 91' lang='lat' dir='ltr'><strong>et</strong></span> <span class='ocrx_word' id='word_1_263' title='bbox 3082 4063 3571 4160; x_wconf 88' lang='lat' dir='ltr'><strong>promissiones</strong></span> <span class='ocrx_word' id='word_1_264' title='bbox 3635 4065 3839 4134; x_wconf 85' lang='lat' dir='ltr'><strong>factas</strong></span> 
     </span>
     <span class='ocr_line' id='line_1_29' title="bbox 1043 4185 3842 4298; baseline -0.003 -33"><span class='ocrx_word' id='word_1_265' title='bbox 1043 4187 1517 4298; x_wconf 81' lang='lat' dir='ltr'><strong>supra[dicto]</strong></span> <span class='ocrx_word' id='word_1_266' title='bbox 1567 4211 1691 4283; x_wconf 88' lang='lat' dir='ltr'><strong>per</strong></span> <span class='ocrx_word' id='word_1_267' title='bbox 1743 4188 2110 4259; x_wconf 88' lang='lat' dir='ltr'><strong>Henrieum</strong></span> <span class='ocrx_word' id='word_1_268' title='bbox 2165 4188 2500 4257; x_wconf 90' lang='lat' dir='ltr'><strong>illustrem</strong></span> <span class='ocrx_word' id='word_1_269' title='bbox 2559 4208 2792 4279; x_wconf 90' lang='lat' dir='ltr'><strong>regem</strong></span> <span class='ocrx_word' id='word_1_270' title='bbox 2848 4186 3199 4275; x_wconf 88' lang='lat' dir='ltr'><strong>Sardinie,</strong></span> <span class='ocrx_word' id='word_1_271' title='bbox 3262 4187 3591 4258; x_wconf 87' lang='lat' dir='ltr'><strong>dilectum</strong></span> <span class='ocrx_word' id='word_1_272' title='bbox 3638 4185 3842 4258; x_wconf 81' lang='lat' dir='ltr'><strong>filium</strong></span> 
     </span>
     <span class='ocr_line' id='line_1_30' title="bbox 1044 4308 3841 4406; baseline -0.003 -20"><span class='ocrx_word' id='word_1_273' title='bbox 1044 4325 1392 4404; x_wconf 90' lang='lat' dir='ltr'><strong>nostrum,</strong></span> <span class='ocrx_word' id='word_1_274' title='bbox 1430 4313 1615 4384; x_wconf 59' lang='lat' dir='ltr'><strong>sacri*</strong></span> <span class='ocrx_word' id='word_1_275' title='bbox 1646 4311 1913 4406; x_wconf 86' lang='lat' dir='ltr'><strong>imperii</strong></span> <span class='ocrx_word' id='word_1_276' title='bbox 1953 4312 2022 4380; x_wconf 92' lang='lat' dir='ltr'><strong>in</strong></span> <span class='ocrx_word' id='word_1_277' title='bbox 2059 4312 2252 4383; x_wconf 76' lang='lat' dir='ltr'><strong>Italia</strong></span> <span class='ocrx_word' id='word_1_278' title='bbox 2292 4312 2683 4403; x_wconf 78' lang='lat' dir='ltr'><strong>generalem</strong></span> <span class='ocrx_word' id='word_1_279' title='bbox 2729 4312 3068 4402; x_wconf 82' lang='lat' dir='ltr'><strong>legatum,</strong></span> <span class='ocrx_word' id='word_1_280' title='bbox 3109 4311 3573 4386; x_wconf 72' lang='lat' dir='ltr'><strong>mediantibus</strong></span> <span class='ocrx_word' id='word_1_281' title='bbox 3604 4308 3841 4381; x_wconf 84' lang='lat' dir='ltr'><strong>illustri</strong></span> 
     </span>
     <span class='ocr_line' id='line_1_31' title="bbox 1042 4430 3844 4529; baseline -0.002 -23"><span class='ocrx_word' id='word_1_282' title='bbox 1042 4435 1440 4506; x_wconf 90' lang='lat' dir='ltr'><strong>marchione</strong></span> <span class='ocrx_word' id='word_1_283' title='bbox 1469 4433 1894 4503; x_wconf 84' lang='lat' dir='ltr'><strong>Saluciarum</strong></span> <span class='ocrx_word' id='word_1_284' title='bbox 1930 4442 2008 4504; x_wconf 84' lang='lat' dir='ltr'><strong>et</strong></span> <span class='ocrx_word' id='word_1_285' title='bbox 2032 4433 2462 4506; x_wconf 83' lang='lat' dir='ltr'><strong>Al&#39;brandino</strong></span> <span class='ocrx_word' id='word_1_286' title='bbox 2495 4433 2938 4506; x_wconf 87' lang='lat' dir='ltr'><strong>Cacciaconte</strong></span> <span class='ocrx_word' id='word_1_287' title='bbox 2975 4430 3084 4529; x_wconf 76' lang='lat' dir='ltr'><strong>(a)</strong></span> <span class='ocrx_word' id='word_1_288' title='bbox 3104 4432 3422 4505; x_wconf 84' lang='lat' dir='ltr'><strong>fidelibus</strong></span> <span class='ocrx_word' id='word_1_289' title='bbox 3454 4433 3738 4522; x_wconf 80' lang='lat' dir='ltr'><strong>nostriS,</strong></span> <span class='ocrx_word' id='word_1_290' title='bbox 3775 4440 3844 4500; x_wconf 75' lang='lat' dir='ltr'><strong>et</strong></span> 
     </span>
    </p>
   </div>
   <div class='ocr_carea' id='block_1_7' title="bbox 1127 4647 2242 4755">
    <p class='ocr_par' dir='ltr' id='par_1_7' title="bbox 1127 4647 2242 4755">
     <span class='ocr_line' id='line_1_32' title="bbox 1127 4647 2242 4755; baseline 0.001 -21"><span class='ocrx_word' id='word_1_291' title='bbox 1127 4673 1209 4755; x_wconf 85' lang='lat' dir='ltr'><strong>(a)</strong></span> <span class='ocrx_word' id='word_1_292' title='bbox 1256 4673 1328 4733; x_wconf 91' lang='lat' dir='ltr'><strong>In</strong></span> <span class='ocrx_word' id='word_1_293' title='bbox 1353 4676 1632 4752; x_wconf 85' lang='lat' dir='ltr'><strong>impresso</strong></span> <span class='ocrx_word' id='word_1_294' title='bbox 1665 4670 1997 4753; x_wconf 74' lang='lat' dir='ltr'><strong>Cochenate,</strong></span> <span class='ocrx_word' id='word_1_295' title='bbox 2028 4675 2202 4736; x_wconf 85' lang='lat' dir='ltr'><strong>male.</strong></span> <span class='ocrx_word' id='word_1_296' title='bbox 2237 4647 2242 4662; x_wconf 31' lang='grc' dir='ltr'>ι</span> 
     </span>
    </p>
   </div>
  </div>
 </body>
</html>
