4364 5738
703 1176 935 1284 aaa,

1054 545 1180 609 ⁴82
2053 549 2484 612 munmucl
2532 549 2880 612 SECUNDI
3494 552 3660 632 [Anu.
3698 553 3873 617 1246.

1159 1161 1636 1268 FridericuS,
1711 1160 2234 1244 Romanorum
2312 1161 2761 1270 imperator,
2835 1161 3142 1244 cuidam
3224 1121 3506 1246 vicario
3578 1187 3719 1245 suo
3794 1172 3871 1244 et

1050 1293 1404 1402 potestati
1473 1291 1703 1374 castri
1773 1291 2022 1375 Plebis
2090 1292 2405 1375 mandat
2474 1302 2561 1375 ut
2619 1318 2760 1402 pro
2823 1292 3099 1376 salario
3160 1302 3622 1402 potestatum
3674 1292 3869 1374 nihil

1051 1425 1383 1534 amplius
1445 1425 1792 1535 exigatur
1863 1424 2067 1507 ultra
2136 1424 2442 1509 solitam
2513 1436 2589 1508 et
2669 1425 3170 1535 approbatam
3244 1425 3576 1509 formam
3639 1426 3867 1508 castri

1046 1556 1419 1666 ejusdem.

1210 1770 1400 1850 (Edit.
1431 1775 1494 1832 tn
1521 1772 1692 1834 Petri
1713 1769 1784 1834 de
1830 1771 1965 1833 Vin.
1998 1772 2196 1853 epist„
2224 1771 2331 1833 ltb.
2361 1771 2441 1853 V,
2469 1788 2603 1851 cap.
2632 1771 2894 1849 XXXV3
2929 1773 3065 1836 coll.
3103 1789 3245 1836 cnm
3277 1773 3412 1835 cod.
3446 1771 3861 1852 Mediomont,

1286 1888 1353 1939 n⁰
1379 1879 1586 1959 asso.)

2423 2065 2477 2137 1.

1135 2272 1269 2344 Pro
1309 2279 1505 2368 parte
1545 2268 2015 2342 universitatis
2041 2269 2248 2342 castri
2287 2269 2515 2341 Plebis
2541 2267 2851 2342 fidelium
2888 2278 3288 2342 nostrorum
3322 2288 3548 2364 nuper
3580 2268 3859 2341 celsitu·

1039 2393 1186 2468 dini
1212 2405 1448 2465 nostre
1481 2393 1611 2464 fuit
1636 2393 1870 2465 oblata
1904 2392 2228 2484 querela,
2267 2392 2459 2485 quod
2498 2414 2659 2464 cum
2692 2392 2824 2488 ipsi
2859 2392 3242 2487 antiquitus
3278 2413 3519 2465 eorum
3554 2401 3855 2487 potesta·

1040 2517 1224 2590 tibus
1256 2527 1518 2588 certam
1550 2524 1621 2587 et
1652 2535 2032 2607 congruam
2069 2515 2363 2609 pecunie
2406 2515 2864 2607 quantitatem
2897 2537 3026 2610 pro
3055 2515 3333 2606 salario,
3372 2528 3444 2587 et
3472 2535 3615 2586 non
3640 2516 3851 2604 ultra,

1035 2640 1423 2715 secundum
1459 2640 1751 2711 formam
1783 2638 1989 2710 castri
2024 2637 2339 2730 ejusdem
2373 2647 2702 2710 statutam
2733 2640 3223 2711 consueverint
3250 2638 3610 2728 exhibere,
3640 2639 3857 2711 dubi-

1038 2775 1263 2837 tantes
1298 2786 1389 2836 ne
1426 2765 1493 2835 in
1530 2765 1841 2835 futurum
1879 2784 2002 2858 per
2033 2762 2208 2835 alios
2247 2771 2623 2857 potestates
2665 2763 3002 2855 majorem
3041 2764 3547 2858 compellantur
3581 2765 3853 2835 solvere

1033 2890 1329 2987 pecunie
1376 2889 1834 2981 quantitatem
1867 2885 2003 2983 (l),
2046 2887 2388 2979 majestati
2427 2897 2661 2958 nostre
2705 2908 2832 2982 pro
2867 2896 3065 2982 parte
3112 2887 3422 2984 ipsorum
3456 2888 3687 2959 extitit
3713 2886 3851 2959 hu·

1031 3012 1287 3083 militer
1321 3011 1784 3106 supplicatum
1816 3021 1895 3082 ut
1931 3010 2195 3082 eisdem
2239 3008 2559 3082 fidelibus
2598 3032 2809 3105 super
2849 3009 2986 3082 hoc
3029 3010 3469 3084 adfuturam
3504 3012 3850 3084 cautelam

1030 3136 1340 3230 ipsorum
1378 3134 1825 3225 dignaremur
1860 3132 2398 3205 misericorditer
2432 3133 2828 3228 providere.
2864 3135 3008 3206 Nos
3049 3135 3284 3230 itaque
3328 3136 3636 3231 ipsorum
3677 3158 3848 3232 sup·

1027 3257 1516 3355 plicationibus
1573 3256 1943 3349 benignius
1989 3257 2341 3348 inclinati,
2397 3254 2714 3329 fidelitati
2766 3266 2879 3329 tue
2928 3259 3378 3355 precipiendo
3433 3258 3849 3349 mandamus

1028 3391 1374 3476 quatenus
1408 3389 1785 3477 potestates
1820 3401 2061 3451 eorum
2096 3380 2356 3453 ibidem
2397 3380 2486 3453 de
2526 3390 2759 3453 cetero
2803 3403 2931 3478 per
2972 3393 3280 3455 nostram
3319 3383 3583 3455 curiam
3630 3383 3849 3455 desti·

1025 3506 1298 3579 nandos
1328 3506 1442 3578 vel
1471 3504 1913 3596 statuendos,
1946 3505 2064 3575 illa
2090 3505 2323 3576 salarii
2355 3506 2740 3597 quantitate
2767 3506 2979 3578 facias
3007 3527 3159 3578 esse
3190 3517 3592 3598 contentos,
3629 3529 3846 3600 quam

1021 3630 1350 3726 potestati
1377 3650 1619 3701 eorum
1640 3627 1827 3722 ipsos
1860 3627 1983 3699 tibi
2010 3627 2395 3699 constiterit
2421 3628 2801 3700 exsolvisse
2830 3649 2915 3701 eo
2934 3650 3121 3701 anno
3151 3651 3294 3723 quo
3314 3629 3402 3700 de
3429 3629 3845 3701 Lombardie

1018 3754 1335 3850 partibus
1371 3752 1744 3824 redeuntes
1778 3772 1906 3846 per
1947 3750 2315 3823 Thusciam
2364 3751 2839 3844 transivimus,
2876 3762 2948 3823 et
2979 3746 3465 3848 Pandulphum
3509 3752 3600 3825 de
3632 3753 3844 3825 Fasa-

1019 3880 1203 3951 nella
1223 3931 1243 3970 ,
1281 3876 1706 3974 proditorem
1743 3884 2090 3967 nostrum,
2140 3876 2477 3948 vicarium
2522 3876 2792 3972 imperii
2832 3875 2903 3946 in
2939 3877 3234 3948 Thuscia
3272 3876 3605 3948 duximus
3643 3876 3841 3948 ordi-

1017 4002 1362 4093 nandum,
1426 4003 1543 4075 vel
1589 4022 1674 4073 eo
1723 4021 1907 4073 anno
1952 4021 2095 4094 quo
2145 4010 2328 4073 terra
2378 3999 2529 4096 ipsa
2581 4000 2674 4072 ad
2722 4012 3030 4073 nostram
3077 4001 3483 4074 fidelitatem
3529 4001 3846 4074 noscitur

1016 4126 1406 4199 devenisse.

1084 4492 1125 4565 (⁴
1136 4495 1158 4565 >
1193 4492 1271 4547 ne
1294 4488 1398 4547 hoo
1423 4489 1615 4546 salario
1643 4495 1996 4564 potestatum,
2034 4490 2106 4548 cr.
2142 4490 2273 4565 quid
2303 4490 2600 4566 imperator
2626 4488 3091 4549 camofinemibus
3115 4446 3441 4549 concesserit
3472 4489 3525 4547 in
3549 4490 3840 4566 privilegio

1007 4605 1173 4667 supra
1195 4588 1364 4660 edito,
1391 4603 1448 4661 p.
1475 4588 1600 4644 446.
