4364 5738
547 534 748 593 Iunior.
783 530 875 613 2.]
1435 526 1832 589 HISTORIA
1885 524 2481 587 DIPLOMATICA.
3265 526 3379 587 135

548 668 895 762 prefatum
913 665 1278 760 hospitale,
1303 665 1661 754 familiam,
1691 662 2159 759 possessiones
2184 671 2254 735 et
2279 661 2512 734 omnia
2537 662 2723 733 bona
2746 681 2871 732 sua
2897 669 3139 732 contra
3168 659 3380 753 hujus

550 789 1002 886 protectionis
1037 800 1347 862 tenorem
1388 798 1649 861 temere
1677 787 2045 858 molestare
2078 794 2458 880 presumat.
2493 784 2698 871 Quod
2730 784 2850 878 qui
2883 785 3382 879 presumpserit

556 913 1104 1006 indignationem
1155 913 1376 986 nostri
1417 911 1735 985 culminis
1784 933 1861 982 se
1907 911 2186 1016 noverit
2227 911 2690 983 incursurum.
2727 909 2839 983 Ad
2889 909 3098 1001 hujus
3143 910 3379 1004 itaque

554 1037 1002 1134 protectionis
1041 1047 1275 1110 nostre
1309 1039 1613 1109 futuram
1658 1035 2064 1107 memoriam
2116 1045 2188 1106 et
2236 1034 2558 1107 stabilem
2612 1032 3044 1125 firmitatem,
3093 1054 3380 1128 presens

551 1163 886 1258 scriptum
916 1160 1066 1234 fieri
1095 1171 1168 1233 et
1197 1162 1421 1253 sigillo
1454 1160 1833 1252 majestatis
1865 1169 2100 1231 nostre
2121 1158 2453 1250 jussimus
2485 1158 2922 1236 communiri.

645 1286 898 1359 Datum
935 1286 1010 1357 in
1053 1285 1295 1357 castris
1340 1286 1412 1356 in
1473 1284 1833 1357 obsidione
1875 1283 2200 1372 viterbii,
2257 1304 2444 1355 anno
2496 1282 2840 1356 dominice
2886 1280 3378 1354 incarnationis

547 1412 641 1485 Μ.
662 1411 785 1484 CC.
805 1410 1046 1500 XLIII,
1082 1431 1318 1482 mense
1352 1408 1689 1500 octobris,
1728 1408 2034 1480 secunde
2066 1406 2487 1479 indictionis„

658 1919 1082 2002 Fridericus
1101 1979 1124 2020 ‚
1168 1918 1690 2001 Romanorum
1745 1918 2185 2027 imperator,
2230 1916 2694 2001 Conradutio
2731 1919 2826 2001 de
2863 1918 3180 2004 Sterleto
3216 1921 3375 2004 filio
3491 1945 3546 1989 112
3570 1949 3728 1991 mm·

552 2053 948 2161 quondam
988 2050 1315 2133 Conradi
1352 2050 1447 2131 de
1485 2049 1934 2134 Gottebaldo
1980 2061 2264 2133 terram
2301 2076 2499 2159 quae
2538 2060 2850 2132 vocatur
2901 2053 3151 2138 Massa
3195 2081 3371 2137 cum

550 2182 721 2266 aliis
757 2182 1084 2267 castellis
1122 2184 1200 2263 in
1237 2182 1601 2266 comitatu
1642 2182 2118 2294 Senogallico
2153 2181 2447 2265 confert
2483 2180 2637 2291 (1).

711 2397 1054 2477 (Memorat.
1084 2413 1180 2476 ap.
1213 2398 1433 2474 Pana,
1461 2395 1694 2469 Archiv,
1722 2402 1769 2456 t.
1803 2396 1942 2476 v11,
1964 2414 2027 2474 p.
2063 2405 2165 2472 29,
2190 2413 2267 2457 ex
2294 2397 2533 2458 archivo
2560 2396 2897 2475 Vaticano.)

644 2589 897 2659 Datum
937 2587 1008 2657 in
1050 2587 1291 2659 castris
1335 2586 1406 2656 in
1450 2585 1812 2658 obsidione
1862 2586 2191 2675 Viterbii,
2248 2608 2431 2659 anno
2488 2586 2832 2658 dominice
2883 2587 3370 2660 incarnationis

551 2712 643 2784 M.
666 2712 789 2785 CC.
813 2710 1047 2801 XLIII,
1086 2732 1326 2783 mense
1361 2710 1699 2800 octobr-ie,
1736 2710 2041 2782 secunde
2076 2708 2496 2781 indictionis.

652 3211 1134 3295 Innocentius
1170 3237 1366 3320 papa
1403 3211 1963 3321 archiepiscopo
2001 3212 2413 3296 Arborensi
2446 3215 2764 3299 mandat
2800 3226 2885 3298 ut
2919 3215 3018 3297 ab
3054 3241 3369 3299 excom-

544 3345 1059 3427 municatione
1107 3343 1450 3426 absolvat
1495 3344 1927 3426 Adelasiam
1978 3346 2373 3428 dominam
2417 3347 2803 3456 judicatus
2852 3348 3237 3431 Turritani
3291 3362 3367 3433 et

547 3477 911 3585 GalluriS,
943 3502 1140 3586 quae
1173 3476 1471 3558 dudum
1507 3501 1919 3585 pravorum
1956 3479 2267 3560 seducta
2302 3480 2617 3564 consilio
2653 3480 2973 3563 Enzium
3008 3481 3365 3564 Friderici

546 3609 1024 3721 imperatoris
1074 3609 1318 3692 filium
1364 3609 1444 3690 in
1488 3608 1740 3693 virum
1787 3610 2106 3719 recepit,
2151 3623 2637 3723 caeterosque
2684 3614 2782 3696 de
2833 3613 3183 3696 Sardinia
3233 3615 3366 3724 qui

548 3743 792 3827 eidem
853 3743 1087 3827 Enzio
1147 3743 1698 3849 adhaeserunt,
1756 3769 1962 3825 nunc
2020 3745 2118 3826 ad
2177 3747 2629 3828 mandatum
2687 3747 3062 3830 Ecclesiae
3124 3747 3367 3830 redire

549 3876 912 3961 volentes

707 4091 954 4171 (Inedit.
985 4109 1061 4154 ex
1096 4092 1467 4172 autographo
1498 4097 1714 4170 regest.
1753 4092 1957 4153 Innoc.
1989 4090 2099 4167 IV,
2138 4108 2284 4154 ann.
2321 4093 2382 4170 Ι,
2424 4094 2598 4170 eplst.
2639 4101 2779 4166 205,
2817 4094 2880 4153 in
2908 4092 3151 4155 archivo
3187 4094 3367 4156 Vati-

781 4197 985 4278 cano.)

612 4434 685 4507 (t)
713 4434 867 4492 Hanc
888 4435 1228 4493 donationem
1249 4434 1588 4493 Percivallus
1606 4434 1676 4499 de
1692 4434 1876 4505 Auria,
1898 4432 2158 4490 Uant'redi
2186 4431 2418 4490 vicarius
2440 4432 2495 4487 in
2508 4432 2705 4491 ducatu
2728 4424 2928 4508 Spoleti
2953 4442 3007 4492 et
3027 4408 3365 4505 Romaniola,

543 4531 721 4589 eidem
763 4531 1084 4590 Conradutio
1123 4533 1460 4591 confirmavit
1494 4547 1638 4591 anno
1678 4534 1837 4602 ⁴259,
1866 4531 1899 4587 7
1929 4528 2083 4602 maii,
2115 4529 2261 4603 apud
2291 4529 2474 4602 lesim;
2505 4530 2646 4587 inter
2698 4546 2842 4604 quae
2877 4531 3093 4592 castella
3133 4545 3365 4594 castrum

540 4628 853 4687 Parnesium
880 4630 1219 4703 peculiariter
1246 4630 1578 4687 nominatur.

3454 2000 3501 2044 In
3532 1999 3761 2044 ohsidione

3502 2052 3686 2097 viterbii
3695 2082 3710 2103 .

3513 2108 3698 2152 octobri.

3485 3255 3689 3299 Laterani
3701 3289 3715 3310 ,

3466 3311 3520 3353 28
3537 3311 3746 3354 octobri...
