4364 5738
1080 554 1201 619 328
2076 553 2510 618 nmmum
2558 554 2905 615 saeuum
3509 548 3674 631 [An.
3712 552 3885 616 1245.

1078 688 1245 763 tiam
1277 709 1437 761 cum
1476 698 1776 781 quatuor
1811 688 2211 762 Ministeriis
2246 697 2320 762 et
2357 698 2541 761 terra
2573 687 2663 762 de
2694 689 2933 762 Halost
2971 698 3044 761 et
3069 687 3340 776 insulis,
3379 708 3540 760 cum
3572 687 3887 761 omnibus

1067 812 1367 906 juribuS,
1406 811 1815 900 honoribus,
1845 811 2134 905 justitiis
2168 821 2241 885 et
2270 811 2703 906 pertinentiis
2737 811 2884 884 suis
2914 833 3055 907 que
3089 811 3165 884 in
3195 810 3517 884 demanio
3546 810 3621 882 in
3651 812 3883 884 dema-

1075 934 1271 1008 nium
1315 944 1560 1027 etque
1597 932 1668 1006 in
1708 934 1993 1007 servitio
2032 935 2100 1006 in
2146 935 2540 1026 servitium,
2594 955 2732 1027 que
2778 934 3134 1027 quondam
3182 933 3498 1008 lobanna
3545 935 3888 1008 comitissa

1072 1056 1393 1129 Flandrie
1444 1079 1638 1129 soror
1700 1078 1825 1128 sua
1879 1059 2100 1149 major
2140 1067 2310 1129 natu
2356 1079 2399 1129 a
2441 1056 2643 1130 nobis
2695 1067 2768 1129 et
2813 1056 3105 1151 imperio
3142 1058 3331 1150 juste
3389 1057 3611 1130 tenuit
3657 1057 3884 1152 quoad

1072 1180 1251 1253 vixit
1284 1177 1395 1277 (1)
1440 1190 1512 1252 et
1546 1180 1696 1276 ipsa
1731 1203 1919 1253 nunc
1946 1182 2134 1274 juste
2169 1190 2362 1252 tenet
2399 1190 2472 1253 et
2505 1180 2851 1276 possidet,
2889 1180 3218 1253 investire
3256 1181 3534 1253 nomine
3579 1181 3770 1254 feudi
3796 1181 3880 1253 de

1072 1315 1309 1376 nostra
1340 1305 1561 1396 gratia
1588 1305 2061 1397 dignaremur.
2090 1305 2232 1379 Nos
2257 1315 2519 1395 autem,
2549 1304 2709 1378 licet
2736 1303 2945 1376 moris
2972 1304 3062 1376 sit
3091 1303 3362 1400 imperii
3387 1314 3467 1375 ut
3491 1303 3882 1397 hujusmodi

1072 1428 1542 1522 supplicantes
1587 1426 2040 1522 personaliter
2096 1427 2190 1499 ad
2242 1427 2457 1523 pedes
2509 1436 2786 1500 nostros
2835 1448 2910 1498 se
2956 1427 3315 1499 conferant
3358 1449 3484 1522 pro
3534 1427 3766 1499 debito
3814 1437 3881 1499 et

1072 1560 1404 1623 consueto
1436 1551 1640 1622 nobis
1675 1560 2108 1623 sacramento
2140 1550 2555 1647 prestando,
2590 1552 2907 1624 volentes
2938 1571 3146 1645 super
3182 1549 3317 1622 hoc
3349 1571 3509 1621 cum
3544 1550 3879 1621 comitissa

1075 1675 1339 1768 prefata
1380 1674 1671 1765 gratiam
1711 1676 1936 1746 facere
1975 1674 2380 1769 specialem,
2418 1683 2698 1769 recepto
2737 1674 2808 1745 in
2850 1673 3040 1745 curia
3086 1684 3321 1746 nostra
3361 1673 3563 1745 nobis
3599 1695 3876 1768 presen-

1075 1797 1258 1867 tibus
1280 1818 1321 1867 a
1344 1796 1692 1869 Gualterio
1724 1807 2173 1891 procuratore
2202 1819 2357 1886 suo,
2384 1798 2574 1890 quod
2597 1797 2903 1869 constitit
2933 1796 3099 1869 satis
3126 1798 3355 1891 plene,
3388 1819 3514 1891 pro
3540 1807 3734 1892 parte
3760 1819 3877 1869 sua

1071 1917 1423 1995 fidelitatis
1470 1928 1540 1991 et
1579 1919 1722 2011 ligii
1762 1918 2064 2013 homagii
2111 1920 2352 1995 debito
2387 1922 2824 2013 juramento,
2875 1921 3316 1994 attendentes
3352 1941 3632 2014 quoque
3675 1919 3875 1993 fidem

1072 2064 1318 2140 puram
1352 2052 1424 2114 et
1454 2041 1898 2116 devotionem
1938 2043 2278 2117 sinceram
2309 2065 2519 2138 quam
2559 2043 2875 2141 predicta
2915 2042 3260 2116 comitissa
3302 2051 3374 2114 et
3411 2053 3876 2116 antecessores

952 2250 969 2268 ,
1071 2167 1178 2238 sui
1232 2168 1434 2240 nobis
1487 2176 1559 2240 et
1609 2148 2165 2265 progenitoribus
2220 2167 2474 2241 nostris
2532 2166 2710 2241 divis
2756 2167 3068 2261 angustis
3125 2167 3455 2239 memorie
3514 2166 3876 2241 recolende

1042 2269 1539 2365 'exhibuerunt
1589 2290 1926 2364 hactenus
1977 2301 2048 2362 et
2092 2290 2338 2363 eadem
2387 2288 2718 2363 exhibere
2768 2290 3023 2386 poterit
3068 2290 3138 2361 in
3186 2300 3389 2363 antea
3421 2291 3756 2384 gratiora3
3792 2291 3876 2363 de

1068 2413 1395 2506 predictis
1448 2412 1671 2484 feudis
1705 2413 2070 2484 comitatus
2122 2413 2448 2485 videlicet
2489 2413 2939 2484 Namucensis
2982 2422 3053 2484 et
3091 2414 3305 2510 partis
3348 2412 3667 2485 Flandrie
3712 2413 3877 2486 citra

1067 2536 1367 2608 Scaldim
1424 2558 1669 2607 versus
1735 2536 2117 2607 Hauoniam
2174 2546 2246 2607 et
2293 2536 2730 2608 Berbantiam
2790 2557 2949 2607 eum
2994 2546 3321 2631 quattuor
3364 2536 3755 2608 Ministeriis
3806 2546 3876 2634 et

1074 2667 1253 2729 terra
1281 2659 1370 2730 de
1411 2660 1650 2731 Halost
1678 2668 1748 2729 et
1790 2659 2072 2749 insuliS,
2113 2681 2274 2730 cum
2320 2658 2644 2730 omnibus
2675 2659 2987 2751 juribuS,
3030 2659 3443 2751 honoribus,
3486 2659 3769 2753 justitiis
3807 2669 3873 2730 et

1067 2782 1502 2876 pertinentiis
1535 2782 1677 2853 suis
1717 2804 1855 2877 que
1896 2783 1967 2852 in
2009 2783 2335 2855 demanio
2372 2783 2439 2852 in
2480 2782 2876 2853 demanium
2910 2792 2981 2853 et
3013 2804 3149 2876 que
3191 2782 3261 2852 in
3302 2781 3583 2853 servitio
3618 2783 3689 2852 in
3726 2803 3872 2853 ser-

1064 2906 1339 2996 vitium,
1366 2916 1572 3000 prout
1592 2916 1973 2980 memorata
2001 2907 2355 2999 quondam
2380 2907 2728 2980 comitissa
2748 2905 3062 2982 Iohanna
3084 2927 3168 2979 ea
3187 2906 3372 2998 juste
3402 2908 3625 2977 tenuit
3646 2906 3867 3000 quoad

1063 3028 1244 3100 vixit
1276 3039 1348 3100 et
1385 3029 1564 3100 sicut
1604 3029 1848 3101 eadem
1889 3030 2237 3102 comitissa
2272 3052 2460 3101 nunc
2502 3031 2689 3121 juste
2738 3038 3042 3114 tenetet
3087 3028 3424 3124 possidet,
3471 3028 3868 3100 investimus

1064 3150 1285 3244 ipsam
1315 3150 1403 3221 de
1445 3160 1678 3221 nostre
1708 3151 1927 3241 gratia
1959 3153 2373 3242 majestatis;
2411 3154 2507 3224 ita
2540 3165 2770 3224 tamen
2813 3164 2892 3224 ut
2931 3153 3080 3247 ipsa
3115 3163 3186 3223 et
3230 3152 3524 3224 heredes
3567 3152 3675 3222 sui
3715 3173 3861 3245 pre·

1064 3273 1250 3374 dicta
1279 3273 1511 3344 omnia
1549 3294 1823 3368 semper
1854 3295 1895 3345 a
1924 3275 2124 3346 nobis
2150 3284 2222 3347 et
2254 3276 2543 3371 imperio
2579 3276 2973 3348 immediate
3006 3286 3287 3347 teneant
3322 3285 3394 3347 et
3428 3275 3637 3347 etiam
3680 3296 3862 3346 reeo-

1061 3405 1433 3488 gnoscant,
1477 3396 1709 3467 debita
1745 3419 2024 3490 quoque
2067 3409 2137 3470 et
2182 3409 2512 3471 consueta
2557 3399 2836 3470 servitia
2872 3398 3130 3470 exinde
3170 3398 3369 3470 nobis
3411 3408 3480 3469 et
3520 3418 3861 3469 successo-

1062 3520 1253 3592 ribus
1309 3521 1563 3594 nostris
1624 3521 1695 3594 in
1754 3521 2044 3617 imperio
2104 3524 2335 3595 facere
2394 3532 2760 3595 teneantur
2816 3531 2887 3593 et
2945 3522 3033 3594 de
3085 3521 3389 3596 dominio
3443 3530 3678 3594 nostro
3730 3521 3865 3591 ullo

1058 3664 1370 3739 unquam
1404 3652 1712 3740 tempore
1742 3665 1828 3716 ea
1856 3646 2262 3718 subtrahere
2289 3667 2428 3719 non
2463 3645 2859 3736 intendant,
2892 3645 2964 3717 in
3004 3643 3176 3733 fide,
3219 3644 3516 3717 servitiis
3554 3655 3630 3715 et
3657 3645 3864 3718 devo-

1060 3768 1245 3842 tione
1291 3776 1527 3839 nostra
1567 3777 1638 3839 et
1684 3767 1953 3864 imperii
2001 3777 2483 3863 perseverent,
2520 3770 2712 3841 salva
2762 3769 2833 3838 in
2877 3768 3199 3841 omnibus
3244 3777 3317 3839 et
3364 3771 3492 3862 per
3530 3768 3760 3840 omnia
3794 3767 3862 3838 in

1057 3891 1385 3986 predictis
1420 3900 1657 3963 nostra
1688 3890 2026 3987 imperiali
2051 3891 2345 3985 justitia.
2384 3891 2760 3963 statuimus
2787 3891 3022 3985 itaque
3058 3901 3130 3963 et
3155 3891 3496 3987 imperiali
3526 3892 3861 3964 sancimus

1058 4017 1285 4089 edicto
1317 4015 1645 4111 quatinus
1673 4015 1864 4086 nulla
1895 4036 2195 4109 persona
2220 4016 2360 4088 alta
2388 4017 2499 4088 vel
2533 4015 2841 4106 humilis,
2876 4015 3334 4088 ecclesiastica
3365 4017 3479 4088 vel
3510 4014 3854 4104 secularis,

1056 4141 1290 4214 nullus
1339 4140 1524 4228 duX,
1579 4137 1925 4229 marchi0,
1972 4160 2206 4212 comes
2255 4132 2378 4211 seu
2424 4139 2812 4212 vicecomes
2857 4150 3097 4212 contra
3142 4140 3482 4234 presentis
3530 4137 3861 4235 privilegii

1057 4263 1273 4336 nostri
1313 4273 1622 4336 tenorem
1658 4284 1833 4335 ausu
1877 4262 2239 4336 temerario
2278 4262 2517 4335 venire
2560 4273 2937 4357 presumat.
2980 4264 3182 4352 Quod
3211 4265 3333 4356 qui
3373 4261 3862 4359 presumpserit

1127 4556 1201 4624 (Α)
1238 4554 1472 4612 johanna
1506 4573 1633 4613 vero
1668 4559 1857 4631 quinto
1893 4560 1980 4615 die
2015 4559 2315 4620 decembris
2350 4559 2717 4633 praecedentis
2756 4561 2878 4618 anni
2920 4562 3088 4632 tut,
3118 4567 3238 4617 erat
3268 4560 3463 4617 functa.
3506 4559 3629 4616 vid.
3668 4573 3850 4632 supra,

1057 4669 1110 4729 p.
1146 4655 1269 4711 269.
