4364 5738
604 527 936 611 inme.)
1492 527 1892 594 msroum
1937 527 2534 597 nmtouartca.
3311 523 3427 593 su

607 672 677 741 et
723 664 1114 739 litterarum
1171 683 1348 760 quas
1413 661 1714 759 predicti
1765 663 1993 740 nuntii
2040 673 2415 759 postquam
2462 662 2896 738 advenerant
2945 659 3037 737 de
3092 659 3425 739 mandato

604 788 861 862 summi
886 785 1231 883 pontificis
1264 785 1486 862 tribus
1514 785 1984 865 cardinalibus
2012 787 2503 878 ostenderunt,
2531 808 2663 881 per
2677 805 2852 880 quas
2875 783 3239 879 manifeste
3257 804 3426 863 con·-

606 911 840 986 stabat
860 911 1051 1010 quod
1081 933 1293 1007 super
1322 910 1648 987 omnibus
1672 920 1746 986 et
1768 911 2059 1008 singulis
2082 911 2403 1008 capitulis
2430 931 2569 1005 que
2598 908 2964 986 manifesta
2992 917 3193 985 erant
3222 907 3426 988 satis·-

606 1033 838 1108 facere
870 1043 1195 1132 poterant
1222 1044 1294 1110 et
1323 1035 1688 1124 volebant,
1723 1034 2175 1112 ostendentes
2204 1044 2526 1130 preterea
2557 1032 2733 1110 alios
2763 1032 3107 1109 solemnes
3141 1032 3425 1110 nuntios

605 1147 894 1256 paratos
921 1180 1101 1254 quos
1141 1179 1384 1234 secum
1425 1157 1526 1234 ad
1558 1179 1924 1234 romanam
1959 1159 2229 1234 curiam
2270 1159 2657 1244 duxerant,
2698 1153 3072 1233 mittendos
3098 1175 3232 1255 pro
3260 1175 3426 1235 exe-

606 1281 906 1378 quendis
936 1282 1262 1357 omnibus
1282 1282 1611 1377 predictis
1634 1304 1761 1379 per
1788 1282 2100 1378 singulas
2120 1291 2356 1378 partes
2376 1279 2648 1376 imperii
2677 1290 2751 1354 et
2772 1279 2969 1378 regni
2993 1279 3214 1356 nostri
3234 1299 3430 1385 mora

607 1406 923 1501 qualibet
942 1416 1015 1481 et
1037 1406 1488 1502 ambiguitate
1521 1407 1834 1484 remotis.
1849 1407 1939 1483 Et
1963 1429 2128 1482 cum
2152 1405 2451 1503 predicti
2468 1404 2699 1483 nuntii
2725 1404 3063 1480 instanter
3089 1402 3431 1482 instarent

608 1540 690 1601 ut
728 1528 791 1602 si
820 1550 959 1626 que
991 1530 1132 1603 alia
1176 1530 1499 1605 dominus
1542 1550 1726 1629 papa
1773 1531 2140 1606 manifesta
2162 1529 2494 1623 haberet,
2524 1549 2610 1606 ea
2646 1527 3075 1623 exprimeret
3100 1547 3184 1602 ac
3221 1527 3429 1606 etiam

607 1650 1068 1750 responderet
1081 1653 1140 1726 si
1158 1653 1433 1728 oblatus
1449 1652 1523 1726 in
1536 1652 1828 1748 singulis
1839 1654 2094 1730 modus
2105 1653 2589 1730 satisfactionis
2601 1651 2733 1728 sibi
2752 1652 3430 1750 placeret,neutrum

608 1774 902 1850 istorum
921 1775 1238 1851 obtinere
1264 1785 1673 1873 potuerunt;
1692 1777 1823 1852 nisi
1846 1779 2039 1872 quod
2051 1778 2379 1855 dominus
2395 1798 2577 1873 papa
2598 1786 2852 1851 terram
2874 1774 3007 1852 sibi
3029 1775 3432 1874 simpliciter

609 1899 1010 1996 postulabat
1031 1908 1102 1974 et
1128 1900 1265 1974 alia
1292 1921 1419 1976 suo
1443 1900 1732 1976 consilio
1758 1901 2185 1990 reservabat,
2210 1900 2547 1996 adjiciens
2571 1898 2764 1993 quod
2785 1898 3023 1976 omnia
3046 1920 3184 1994 que
3206 1899 3431 1978 mani-

610 2023 787 2097 festa
814 2034 1014 2096 erant
1047 2023 1404 2097 nesciebat
1430 2022 1526 2098 ad
1564 2045 1896 2119 presens,
1924 2023 2054 2100 sed
2096 2023 2291 2118 quod
2327 2023 2549 2098 multa
2588 2022 2953 2098 manifesta
2988 2022 3257 2101 sciebat
3295 2045 3432 2118 que

613 2133 782 2221 tunc
801 2146 1034 2221 dicere
1054 2168 1199 2220 non
1217 2147 1529 2222 valebat.
1549 2146 1754 2238 Quod
1771 2168 1932 2224 eum
1953 2147 2250 2242 predicti
2271 2145 2499 2220 nuntii
2520 2145 2726 2220 nimis
2747 2144 2950 2222 nobis
2968 2145 3435 2239 periculosum

608 2280 1000 2345 assererent
1028 2280 1282 2344 terram
1308 2271 1574 2346 scilicet
1600 2271 1962 2347 restituere
1987 2279 2059 2346 et
2083 2291 2214 2346 nos
2238 2267 2756 2365 quodammodo
2782 2267 3144 2344 demunire
3163 2281 3235 2346 et
3250 2269 3438 2349 insu-

608 2415 738 2490 per
757 2393 1267 2491 particulariter
1292 2394 1686 2469 satisfacere
1715 2394 2124 2490 priusquam
2150 2414 2394 2489 pacem
2429 2413 2556 2488 per
2578 2391 2956 2468 Ecclesiam
2988 2389 3436 2488 haberemus»,

607 2518 712 2591 sic
738 2517 925 2592 enim
954 2517 1078 2592 diu
1105 2528 1350 2617 postea
1372 2518 1544 2593 dum
1574 2517 1827 2613 aliquis
1853 2517 2188 2592 articulus
2209 2514 2713 2612 excogitandas
2736 2524 3132 2613 superesset
3150 2515 3272 2613 qui
3297 2535 3441 2593 ma·

612 2641 902 2715 nifestus
928 2641 1307 2733 diceretur,
1332 2642 1410 2714 in
1434 2640 2153 2717 excommunicatione
2185 2661 2666 2732 maneremus;
2691 2639 3176 2736 supplicabant
3203 2639 3437 2733 itaque

612 2764 952 2840 instanter
978 2775 1057 2840 ut
1089 2765 1178 2839 de
1206 2766 1460 2842 oblatis
1485 2775 1556 2842 et
1583 2765 1969 2842 secundum
1990 2766 2304 2843 oblatum
2326 2764 2617 2840 modum
2635 2763 2695 2837 si
2717 2762 3064 2840 sufficiens
3085 2764 3441 2844 videretur

611 2890 1075 2967 satisfactione
1101 2903 1382 2987 recepta
1404 2880 1480 2965 et
1495 2891 1946 2969 satisdatione
1962 2891 2053 2965 de
2079 2889 2341 2982 dubiis,
2358 2910 2568 2985 super
2583 2889 2794 2966 modo
2813 2898 2888 2965 et
2908 2898 3219 2984 tempore
3239 2888 3442 2966 abso·

611 3013 898 3087 lutionis
916 3023 1153 3089 nostre
1176 3014 1632 3109 responderet
1648 3025 1771 3091 aut
1789 3014 1983 3110 quod
2000 3015 2253 3089 saltem
2272 3013 2483 3089 alicui
2510 3007 2609 3087 ex'
2630 3013 2959 3093 fratribus
2978 3013 3441 3093 committeret

611 3135 737 3232 qui
768 3157 912 3209 non
946 3137 1108 3233 plus
1134 3158 1266 3211 nos
1291 3138 1687 3214 absolveret
1714 3159 1931 3233 quam
1959 3136 2053 3213 de
2078 3136 2521 3233 presentibus
2546 3136 2932 3215 manifestis
2961 3147 3086 3217 aut
3112 3138 3271 3215 aliis
3301 3160 3439 3235 qne

614 3257 710 3333 ad
733 3279 1028 3358 presens
1054 3259 1617 3356 designarentur,
1639 3271 1716 3335 et
1744 3260 2106 3339 satisdatio
2134 3270 2573 3355 sequeretur.
2609 3260 2815 3346 Quod
2841 3261 2933 3337 ab
2960 3282 3045 3341 eo
3075 3262 3438 3344 occasione

611 3381 1165 3457 Lombardorum
1188 3393 1270 3458 ut
1303 3383 1566 3459 dictum
1591 3394 1700 3459 est
1727 3382 1923 3480 (licet
1951 3386 2042 3461 de
2074 3406 2162 3462 ea
2193 3406 2338 3462 non
2367 3386 2602 3481 palam
2634 3385 2765 3461 sed
2790 3385 2973 3461 clam
3004 3395 3081 3461 et
3111 3407 3239 3482 per
3265 3386 3442 3469 alios

613 3507 879 3581 faceret
919 3505 1424 3603 mentionem),
1483 3509 1883 3585 nullatenus
1924 3508 2159 3609 potnit
2191 3509 2529 3602 obtineri,
2579 3529 2980 3605 quanquam
3024 3509 3440 3604 imperatore

616 3629 1374 3725 Constantinopolitano
1417 3631 1544 3725 qni
1586 3652 1876 3728 presens
1921 3642 2072 3710 erat
2115 3641 2188 3709 et
2224 3642 2485 3710 statum
2534 3631 2808 3727 imperii
2864 3632 3131 3707 romani
3178 3642 3254 3705 et
3294 3633 3440 3709 fere

617 3754 830 3829 totius
853 3754 1211 3829 orientalis
1247 3766 1433 3830 terre
1449 3755 1948 3860 ,miserabiliter
1973 3757 2425 3851 causabatur,
2456 3777 2732 3831 necnon
2764 3755 3014 3832 comite
3050 3754 3441 3836 Tholosano

618 3887 692 3952 et
720 3879 1250 3977 quampluribus
1276 3880 1432 3953 aliis
1461 3880 1816 3957 nobilibus
1839 3890 1917 3957 et
1937 3880 2276 3976 religiosis
2304 3880 2475 3957 viris
2500 3880 2904 3977 suppliciter
2934 3879 3350 3959 instantibus
3370 3889 3444 3960 et

615 4002 1132 4098 oequeuntibus
1173 4004 1522 4080 obtinere.
1559 4004 1790 4079 Medio
1830 4013 2074 4082 autem
2127 4016 2440 4101 tempore
2486 4004 2660 4079 dum
2704 4003 2796 4079 de
2844 4001 3441 4083 consummatione

616 4126 807 4222 pacis
831 4137 913 4202 ut
939 4127 1204 4202 dictum
1238 4138 1346 4203 est
1370 4151 1532 4204 cum
1559 4129 1896 4207 instantia
1932 4140 2372 4220 tractaretur,
2403 4139 2477 4201 et
2515 4149 2645 4203 nos
2677 4137 2820 4203 tam
2850 4126 3121 4206 civitati
3153 4127 3442 4207 viterbii

618 4267 754 4343 quc
781 4249 1014 4325 cordis
1036 4252 1256 4327 nostri
1279 4274 1578 4328 nervum
1602 4264 1744 4329 tam
1761 4275 2002 4331 amaro
2023 4254 2268 4331 dolore
2294 4252 2672 4347 pertigerat
2696 4259 2776 4325 ut
2803 4260 2913 4330 est
2936 4251 3202 4331 dictum
3228 4274 3442 4356 quam

616 4371 771 4446 aliis
809 4374 1007 4449 terris
1028 4375 1334 4449 Ecclesie
1374 4398 1620 4472 pacem
1656 4376 2225 4453 mandaverimus
2259 4374 2604 4465 exhiberi,
2640 4375 2872 4453 subito
2903 4376 3037 4455 sub
3072 4377 3442 4457 securitate

616 4494 804 4588 pacis
849 4496 1068 4594 ipsius
1107 4499 1423 4573 civitates
1455 4510 1534 4573 et
1582 4502 1737 4575 10oe
1788 4478 1878 4574 de
1925 4499 2127 4575 terris
2165 4498 2473 4575 Ecclesie
2521 4508 2593 4569 et
2630 4498 3024 4595 specialiter
3064 4500 3445 4581 viterbien·-

616 4638 727 4691 ses
776 4630 1026 4695 contra
1070 4620 1317 4699 fideles
1355 4634 1638 4702 nostros
1687 4623 1978 4700 istarum
2022 4622 2325 4718 partium
2359 4622 2680 4699 hostilem
2728 4624 3063 4717 facientes
3112 4625 3444 4706 insultum
