4364 5738
697 2499 989 2552 Νησιώτῃ

1082 553 1206 613 374
1372 579 1385 592 ·
2074 552 2503 615 rutatum
2550 551 2895 614 suenum
3515 552 3684 630 [Ant.
3717 552 3888 614 1215.

1179 686 1406 772 Quum
1459 684 1531 755 in
1594 683 2009 756 lombardie
2065 686 2377 778 partibus
2431 686 2689 758 morari
2736 685 3035 757 brunali
3094 694 3405 780 tempore
3458 685 3606 757 sine
3664 687 3898 757 multis

1084 807 1767 881 incommoditatibus
1796 804 2014 905 [non]
2047 810 2439 881 valeremus
2470 809 2608 906 (a),
2651 819 2818 881 ante
2850 808 3107 905 pejoris
3139 808 3470 904 temporis
3501 809 3894 880 instantiam

1083 931 1531 1028 providentes
1582 930 1775 1025 apud
1837 929 2189 1003 civitatem
2242 942 2552 1004 vestram
2604 929 2704 1027 (b)
2756 931 3184 1026 providimus
3252 953 3533 1027 yemare
3591 942 3671 1003 ut
3728 931 3894 1003 dum

1083 1057 1343 1129 ibidem
1384 1054 1717 1127 stabimus
1757 1076 1887 1126 nec
1924 1076 1965 1125 a
1998 1055 2412 1126 Lombardia
2450 1056 2784 1127 distemus
2833 1077 2966 1127 nec
3008 1075 3050 1126 a
3090 1074 3344 1147 regno,
3389 1065 3707 1126 tenentes
3744 1076 3888 1126 me·

1082 1180 1303 1269 dium,
1341 1190 1412 1250 et
1445 1200 1722 1273 semper
1760 1178 1833 1249 in
1875 1178 2232 1267 omnibuS,
2273 1189 2584 1273 tempore
2620 1199 2766 1250 non
2802 1177 3157 1270 obstante,
3202 1176 3508 1250 adsimus
3547 1177 3886 1274 potentia·

1082 1303 1242 1374 liter
1287 1311 1357 1372 et
1405 1300 1603 1395 quasi
1654 1299 2160 1394 presentialiter
2215 1300 2609 1395 utrobique.
2667 1298 3005 1386 Quocirca
3042 1309 3109 1370 te
3148 1297 3242 1395 (c)
3294 1319 3673 1392 quesumus
3718 1320 3886 1391 qua-

1083 1424 1270 1495 tinus
1324 1423 1621 1495 eivitatis
1681 1422 1992 1514 ejusdem
2051 1421 2295 1494 domos
2362 1444 2604 1494 omnes
2664 1429 2804 1493 tam
2856 1422 2947 1493 ad
3005 1419 3470 1516 receptionem
3534 1420 3886 1493 hominum

1082 1547 1289 1617 utiles
1321 1568 1531 1640 quam
1571 1567 1909 1640 equorum
1946 1554 2017 1617 et
2052 1554 2283 1616 cetera
2332 1567 2470 1638 que
2516 1545 2828 1638 gentium
2864 1543 3110 1616 usibus
3150 1555 3272 1616 aut
3317 1544 3566 1616 nostris
3622 1543 3886 1615 solaciis

1084 1669 1473 1741 necessaria
1508 1669 1621 1741 vel
1663 1669 1856 1740 utilia
1901 1668 2291 1762 reputabiS,
2333 1669 2430 1740 sic
2475 1666 2732 1739 ibidem
2778 1666 2999 1763 aptari
3035 1665 3245 1738 facias
3275 1687 3572 1761 operose
3598 1667 3790 1759 quod
3818 1667 3883 1737 in

1082 1793 1390 1865 adventu
1430 1802 1668 1863 nostro
1708 1791 1796 1862 de
1838 1800 1955 1863 tuo
1993 1791 2287 1862 sollicito
2323 1791 2552 1863 studio
2585 1812 2668 1862 ac
2703 1791 3163 1863 sollicitudine
3200 1790 3506 1863 studiosa
3546 1789 3886 1863 laudabile

1085 1917 1553 1989 testimonium
1591 1938 1749 1986 cum
1791 1915 2238 1987 universitate
2274 1914 2741 2009 predictorum
2775 1912 2876 2009 (d)
2914 1910 3302 2012 [reportes].

1188 2470 1594 2576 Henricus‚
1656 2469 1847 2551 sacri
1913 2468 2209 2577 imperii
2274 2468 2353 2548 in
2411 2467 2622 2551 Italia
2685 2467 3019 2578 legatuS,
3074 2471 3270 2578 patri
3324 2494 3463 2554 suo
3514 2469 3878 2555 friderico

1080 2609 1596 2691 Romanorum
1663 2602 2099 2711 imperatori
2160 2611 2426 2684 notum
2481 2601 2660 2684 facit
2704 2601 3093 2711 quomodo
3137 2606 3509 2712 quosdam
3560 2602 3875 2715 Reginos

1084 2738 1282 2820 cives
1356 2738 1433 2817 in
1511 2735 2075 2819 subversionem
2141 2732 2372 2843 hujus
2431 2734 2646 2816 urbis
2699 2733 3130 2843 conjuratos
3195 2735 3464 2819 ultimo
3519 2735 3874 2846 supplicio

1081 2869 1198 2952 vel
1245 2879 1604 2977 perpetuo
1650 2892 1947 2947 carcere
2001 2862 2372 2946 afflixerit.

1246 3095 1491 3175 (laedit.
1521 3112 1597 3153 ex
1623 3093 1756 3152 cod.
1788 3092 1940 3151 Bibl.
1973 3091 2164 3151 Cesar.
2197 3090 2530 3151 vindobon.
2563 3088 2872 3170 Philoloq„
2899 3102 2964 3150 n⁰
2996 3102 3133 3165 187,
3165 3093 3272 3154 fol.
3307 3103 3379 3154 14
3409 3097 3625 3172 verso.)

1178 3288 1575 3362 Celsitudini
1605 3297 1833 3358 vestre
1864 3289 2281 3381 presentium
2316 3290 2490 3360 serie
2523 3290 2862 3359 referatur
2888 3288 3078 3381 quod
3117 3300 3403 3384 accepto
3443 3314 3667 3386 nuper
3698 3294 3874 3389 apud

1080 3416 1489 3487 &emonam
1513 3411 1631 3482 ubi
1660 3420 1889 3482 vestra
1923 3411 2206 3483 servitia
2228 3434 2344 3483 me
2373 3413 2848 3502 morabantur,
2885 3412 3078 3505 quod
3109 3413 3391 3505 quidam
3423 3415 3666 3506 Regini
3697 3417 3875 3489 cives

1081 3539 1429 3610 civitatem
1457 3544 1759 3606 vestram
1788 3536 1981 3624 Regii
2004 3536 2414 3607 subvertere
2443 3544 2771 3629 ceperant
2799 3544 2870 3605 et
2901 3555 3055 3605 eam
3090 3536 3367 3608 tradere
3380 3539 3631 3609 vestris
3658 3540 3875 3612 rebel·

1079 3662 1261 3732 libus
1293 3658 1778 3747 intendebant,
1811 3679 1899 3727 ne
1930 3679 2121 3728 more
2156 3679 2284 3728 suo
2314 3678 2510 3728 mora
2539 3669 2820 3751 pararet
2849 3657 3338 3730 detrimentum
3354 3711 3384 3750 ,.
3408 3664 3670 3733 accessi
3698 3663 3874 3734 ceie-

1078 3785 1248 3855 riter
1294 3783 1386 3853 ad
1426 3779 1943 3871 investigandos
1973 3780 2372 3871 hujusmodi
2416 3780 2736 3852 facinoris
2762 3790 3313 3875 presumptores3
3348 3793 3417 3853 et
3443 3784 3873 3876 inquisitione

1078 3908 1257 3979 facta
1299 3905 1638 3976 subtiliter
1669 3913 1911 3974 contra
1943 3923 2099 3992 eos,
2138 3903 2302 3995 quia
2344 3904 2614 3997 repperi
2645 3904 2983 3996 quosdam
3017 3905 3407 3996 conjuratos
3453 3905 3546 3978 ad
3584 3907 3873 3979 invicem

1160 4107 1244 4185 (a)
1288 4109 1359 4166 In
1383 4106 1515 4177 cod.
1546 4105 1883 4164 veniremus.

1162 4209 1241 4290 (b)
1285 4210 1422 4273 Vox
1452 4216 1699 4270 vestram
1725 4211 1875 4270 male
1910 4212 1973 4268 in
2001 4209 2200 4269 codice
2233 4224 2340 4285 pro
2374 4211 2500 4285 ipso
2536 4210 2793 4270 civitatis
2826 4212 3059 4270 nomine
3099 4208 3339 4289 Iegttur3
3380 4214 3546 4289 quod
3576 4227 3653 4273 ex
3680 4212 3875 4273 ordine

1079 4334 1273 4377 rerum
1305 4324 1365 4374 et
1390 4318 1615 4375 itineris
1642 4314 1981 4376 Grossetum
2004 4313 2186 4375 fuisso
2211 4330 2537 4376 censemus.

1163 4418 1237 4497 (c)
1292 4421 1363 4480 ln
1391 4420 1523 4478 cod.
1552 4419 1652 4477 sic.

1164 4524 1253 4603 (d),
1295 4526 1373 4583 Iu
1393 4525 1524 4584 eod.
1545 4525 1658 4601 ipsi
1675 4522 1972 4586 huntilitas
1992 4510 2422 4604 predictorum
2451 4525 2614 4603 quod
2631 4527 2878 4585 omnino
2894 4542 3068 4587 sensu
3093 4533 3283 4601 caret;
3312 4527 3471 4589 unde
3494 4531 3876 4605 correximus,

1077 4631 1280 4693 addito
1312 4629 1487 4689 verbo
1518 4636 1787 4707 reportes.
