<?xml version="1.0" encoding="UTF-8"?>
<!DOCTYPE html PUBLIC "-//W3C//DTD XHTML 1.0 Transitional//EN"
    "http://www.w3.org/TR/xhtml1/DTD/xhtml1-transitional.dtd">
<html xmlns="http://www.w3.org/1999/xhtml" xml:lang="en" lang="en">
 <head>
  <title>
</title>
<meta http-equiv="Content-Type" content="text/html;charset=utf-8" />
  <meta name='ocr-system' content='tesseract 3.04.00' />
  <meta name='ocr-capabilities' content='ocr_page ocr_carea ocr_par ocr_line ocrx_word'/>
</head>
<body>
  <div class='ocr_page' id='page_1' title='image "./historiadiploma00degoog_0081.png"; bbox 0 0 4364 5738; ppageno 0'>
   <div class='ocr_carea' id='block_1_1' title="bbox 516 553 3337 635">
    <p class='ocr_par' dir='ltr' id='par_1_1' title="bbox 516 553 3337 635">
     <span class='ocr_line' id='line_1_1' title="bbox 516 553 3337 635; baseline -0.001 -20"><span class='ocrx_word' id='word_1_1' title='bbox 516 557 716 617; x_wconf 74' lang='lat' dir='ltr'>Imm.</span> <span class='ocrx_word' id='word_1_2' title='bbox 756 557 882 635; x_wconf 87' lang='lat'>15.]</span> <span class='ocrx_word' id='word_1_3' title='bbox 1416 553 1807 614; x_wconf 79' lang='lat' dir='ltr'>HISTORIA</span> <span class='ocrx_word' id='word_1_4' title='bbox 1858 553 2446 616; x_wconf 75' lang='lat' dir='ltr'><strong>DIPLOMATch.</strong></span> <span class='ocrx_word' id='word_1_5' title='bbox 3259 555 3337 614; x_wconf 84' lang='lat'>67</span> 
     </span>
    </p>
   </div>
   <div class='ocr_carea' id='block_1_2' title="bbox 519 690 3448 3119">
    <p class='ocr_par' dir='ltr' id='par_1_2' title="bbox 519 690 3448 2273">
     <span class='ocr_line' id='line_1_2' title="bbox 521 690 3339 787; baseline -0.001 -22"><span class='ocrx_word' id='word_1_6' title='bbox 521 693 1036 783; x_wconf 86' lang='lat' dir='ltr'>famulantium,</span> <span class='ocrx_word' id='word_1_7' title='bbox 1075 692 1391 762; x_wconf 86' lang='lat' dir='ltr'>volentes</span> <span class='ocrx_word' id='word_1_8' title='bbox 1425 690 1652 761; x_wconf 89' lang='lat' dir='ltr'>eidem</span> <span class='ocrx_word' id='word_1_9' title='bbox 1688 690 2106 761; x_wconf 87' lang='lat' dir='ltr'>monasterio</span> <span class='ocrx_word' id='word_1_10' title='bbox 2142 692 2437 782; x_wconf 80' lang='lat' dir='ltr'>gratiam</span> <span class='ocrx_word' id='word_1_11' title='bbox 2473 693 2699 763; x_wconf 87' lang='lat' dir='ltr'>facere</span> <span class='ocrx_word' id='word_1_12' title='bbox 2738 693 3142 786; x_wconf 83' lang='lat' dir='ltr'>specialem,</span> <span class='ocrx_word' id='word_1_13' title='bbox 3180 713 3339 787; x_wconf 87' lang='lat' dir='ltr'>pre·</span> 
     </span>
     <span class='ocr_line' id='line_1_3' title="bbox 521 816 3341 913; baseline -0 -23"><span class='ocrx_word' id='word_1_14' title='bbox 521 820 777 890; x_wconf 90' lang='lat' dir='ltr'>dictam</span> <span class='ocrx_word' id='word_1_15' title='bbox 820 818 1340 913; x_wconf 82' lang='lat' dir='ltr'>dispositionem</span> <span class='ocrx_word' id='word_1_16' title='bbox 1372 816 1626 886; x_wconf 86' lang='lat' dir='ltr'>factam</span> <span class='ocrx_word' id='word_1_17' title='bbox 1666 825 1734 886; x_wconf 93' lang='lat' dir='ltr'>et</span> <span class='ocrx_word' id='word_1_18' title='bbox 1764 816 2079 887; x_wconf 88' lang='lat' dir='ltr'>relictum</span> <span class='ocrx_word' id='word_1_19' title='bbox 2111 838 2153 888; x_wconf 92' lang='lat' dir='ltr'>a</span> <span class='ocrx_word' id='word_1_20' title='bbox 2189 816 2373 889; x_wconf 90' lang='lat' dir='ltr'>dicto</span> <span class='ocrx_word' id='word_1_21' title='bbox 2400 818 2731 890; x_wconf 88' lang='lat' dir='ltr'>Riccardo</span> <span class='ocrx_word' id='word_1_22' title='bbox 2775 817 2862 890; x_wconf 91' lang='lat' dir='ltr'>de</span> <span class='ocrx_word' id='word_1_23' title='bbox 2904 816 3182 912; x_wconf 92' lang='lat' dir='ltr'>pheudo</span> <span class='ocrx_word' id='word_1_24' title='bbox 3214 839 3341 889; x_wconf 90' lang='lat' dir='ltr'>suo</span> 
     </span>
     <span class='ocr_line' id='line_1_4' title="bbox 519 920 3342 1034; baseline -0.001 -21"><span class='ocrx_word' id='word_1_25' title='bbox 519 941 800 1013; x_wconf 89' lang='lat' dir='ltr'>Persani</span> <span class='ocrx_word' id='word_1_26' title='bbox 833 940 1019 1013; x_wconf 89' lang='lat' dir='ltr'>dicto</span> <span class='ocrx_word' id='word_1_27' title='bbox 1048 939 1469 1010; x_wconf 87' lang='lat' dir='ltr'>monasterio</span> <span class='ocrx_word' id='word_1_28' title='bbox 1499 949 1655 1034; x_wconf 90' lang='lat' dir='ltr'>post</span> <span class='ocrx_word' id='word_1_29' title='bbox 1682 949 1975 1010; x_wconf 90' lang='lat' dir='ltr'>mortem</span> <span class='ocrx_word' id='word_1_30' title='bbox 2004 940 2369 1030; x_wconf 77' lang='lat' dir='ltr'>Margarita</span> <span class='ocrx_word' id='word_1_31' title='bbox 2404 942 2655 1013; x_wconf 89' lang='lat' dir='ltr'>sororis</span> <span class='ocrx_word' id='word_1_32' title='bbox 2689 941 2998 1032; x_wconf 83' lang='lat' dir='ltr'>ejusdem</span> <span class='ocrx_word' id='word_1_33' title='bbox 3030 920 3342 1011; x_wconf 88' lang='lat' dir='ltr'>Riccardi</span> 
     </span>
     <span class='ocr_line' id='line_1_5' title="bbox 522 1058 3341 1159; baseline 0 -23"><span class='ocrx_word' id='word_1_34' title='bbox 522 1064 611 1136; x_wconf 91' lang='lat' dir='ltr'>de</span> <span class='ocrx_word' id='word_1_35' title='bbox 642 1065 923 1159; x_wconf 88' lang='lat' dir='ltr'>speciali</span> <span class='ocrx_word' id='word_1_36' title='bbox 962 1064 1182 1156; x_wconf 83' lang='lat' dir='ltr'>gratia</span> <span class='ocrx_word' id='word_1_37' title='bbox 1217 1073 1287 1133; x_wconf 94' lang='lat' dir='ltr'>et</span> <span class='ocrx_word' id='word_1_38' title='bbox 1328 1070 1516 1133; x_wconf 87' lang='lat' dir='ltr'>certa</span> <span class='ocrx_word' id='word_1_39' title='bbox 1552 1063 1836 1134; x_wconf 91' lang='lat' dir='ltr'>scientia</span> <span class='ocrx_word' id='word_1_40' title='bbox 1868 1062 2397 1153; x_wconf 89' lang='lat' dir='ltr'>confirmamus;</span> <span class='ocrx_word' id='word_1_41' title='bbox 2432 1074 2811 1135; x_wconf 82' lang='lat' dir='ltr'>statuentes</span> <span class='ocrx_word' id='word_1_42' title='bbox 2850 1074 2929 1135; x_wconf 88' lang='lat' dir='ltr'>ut</span> <span class='ocrx_word' id='word_1_43' title='bbox 2966 1064 3150 1135; x_wconf 86' lang='lat' dir='ltr'>idern</span> <span class='ocrx_word' id='word_1_44' title='bbox 3195 1058 3341 1136; x_wconf 85' lang='lat' dir='ltr'>mo·</span> 
     </span>
     <span class='ocr_line' id='line_1_6' title="bbox 520 1186 3448 1283; baseline -0 -23"><span class='ocrx_word' id='word_1_45' title='bbox 520 1190 898 1260; x_wconf 91' lang='lat' dir='ltr'>nasterium</span> <span class='ocrx_word' id='word_1_46' title='bbox 941 1211 1068 1283; x_wconf 90' lang='lat' dir='ltr'>pro</span> <span class='ocrx_word' id='word_1_47' title='bbox 1118 1187 1367 1259; x_wconf 88' lang='lat' dir='ltr'>eodem</span> <span class='ocrx_word' id='word_1_48' title='bbox 1408 1186 1689 1281; x_wconf 90' lang='lat' dir='ltr'>pheudo</span> <span class='ocrx_word' id='word_1_49' title='bbox 1723 1188 1954 1258; x_wconf 86' lang='lat' dir='ltr'>subire</span> <span class='ocrx_word' id='word_1_50' title='bbox 1986 1210 2127 1260; x_wconf 91' lang='lat' dir='ltr'>non</span> <span class='ocrx_word' id='word_1_51' title='bbox 2168 1197 2484 1260; x_wconf 89' lang='lat' dir='ltr'>teneatur</span> <span class='ocrx_word' id='word_1_52' title='bbox 2529 1189 2895 1260; x_wconf 86' lang='lat' dir='ltr'>servicium</span> <span class='ocrx_word' id='word_1_53' title='bbox 2944 1191 3337 1282; x_wconf 90' lang='lat' dir='ltr'>personale,</span> <span class='ocrx_word' id='word_1_54' title='bbox 3445 1266 3448 1277; x_wconf 35' lang='grc' dir='ltr'>Ι</span> 
     </span>
     <span class='ocr_line' id='line_1_7' title="bbox 524 1310 3348 1407; baseline -0.001 -23"><span class='ocrx_word' id='word_1_55' title='bbox 524 1313 645 1386; x_wconf 91' lang='lat' dir='ltr'>sed</span> <span class='ocrx_word' id='word_1_56' title='bbox 691 1314 783 1383; x_wconf 89' lang='lat' dir='ltr'>ab</span> <span class='ocrx_word' id='word_1_57' title='bbox 835 1313 984 1406; x_wconf 90' lang='lat' dir='ltr'>ipso</span> <span class='ocrx_word' id='word_1_58' title='bbox 1029 1310 1118 1382; x_wconf 88' lang='lat' dir='ltr'>sit</span> <span class='ocrx_word' id='word_1_59' title='bbox 1155 1312 1453 1381; x_wconf 88' lang='lat' dir='ltr'>liberum</span> <span class='ocrx_word' id='word_1_60' title='bbox 1497 1319 1567 1381; x_wconf 94' lang='lat' dir='ltr'>et</span> <span class='ocrx_word' id='word_1_61' title='bbox 1608 1322 2013 1407; x_wconf 84' lang='lat' dir='ltr'>exemptum</span> <span class='ocrx_word' id='word_1_62' title='bbox 2061 1322 2133 1384; x_wconf 88' lang='lat' dir='ltr'>et</span> <span class='ocrx_word' id='word_1_63' title='bbox 2188 1313 2339 1384; x_wconf 91' lang='lat' dir='ltr'>loco</span> <span class='ocrx_word' id='word_1_64' title='bbox 2386 1311 2600 1406; x_wconf 84' lang='lat' dir='ltr'>ipsius</span> <span class='ocrx_word' id='word_1_65' title='bbox 2644 1312 2915 1384; x_wconf 88' lang='lat' dir='ltr'>servicii</span> <span class='ocrx_word' id='word_1_66' title='bbox 2968 1312 3348 1407; x_wconf 89' lang='lat' dir='ltr'>personalis</span> 
     </span>
     <span class='ocr_line' id='line_1_8' title="bbox 522 1433 3344 1530; baseline -0 -24"><span class='ocrx_word' id='word_1_67' title='bbox 522 1436 833 1530; x_wconf 89' lang='lat' dir='ltr'>quolibet</span> <span class='ocrx_word' id='word_1_68' title='bbox 864 1455 1050 1506; x_wconf 92' lang='lat' dir='ltr'>anno</span> <span class='ocrx_word' id='word_1_69' title='bbox 1085 1434 1155 1503; x_wconf 93' lang='lat' dir='ltr'>in</span> <span class='ocrx_word' id='word_1_70' title='bbox 1196 1434 1370 1504; x_wconf 84' lang='lat' dir='ltr'>festo</span> <span class='ocrx_word' id='word_1_71' title='bbox 1396 1433 1788 1504; x_wconf 89' lang='lat' dir='ltr'>Nativitatis</span> <span class='ocrx_word' id='word_1_72' title='bbox 1816 1454 1943 1528; x_wconf 92' lang='lat' dir='ltr'>pro</span> <span class='ocrx_word' id='word_1_73' title='bbox 1975 1435 2324 1526; x_wconf 82' lang='lat' dir='ltr'>agnitione</span> <span class='ocrx_word' id='word_1_74' title='bbox 2354 1435 2535 1506; x_wconf 86' lang='lat' dir='ltr'>dicte</span> <span class='ocrx_word' id='word_1_75' title='bbox 2563 1436 2781 1527; x_wconf 81' lang='lat' dir='ltr'>gratie</span> <span class='ocrx_word' id='word_1_76' title='bbox 2809 1445 3042 1506; x_wconf 88' lang='lat' dir='ltr'>nostre</span> <span class='ocrx_word' id='word_1_77' title='bbox 3070 1437 3344 1507; x_wconf 90' lang='lat' dir='ltr'>unciam</span> 
     </span>
     <span class='ocr_line' id='line_1_9' title="bbox 525 1559 3348 1649; baseline -0 -19"><span class='ocrx_word' id='word_1_78' title='bbox 525 1562 672 1631; x_wconf 89' lang='lat' dir='ltr'>auri</span> <span class='ocrx_word' id='word_1_79' title='bbox 703 1581 916 1630; x_wconf 92' lang='lat' dir='ltr'>unam</span> <span class='ocrx_word' id='word_1_80' title='bbox 949 1559 1137 1628; x_wconf 90' lang='lat' dir='ltr'>curie</span> <span class='ocrx_word' id='word_1_81' title='bbox 1174 1567 1409 1629; x_wconf 90' lang='lat' dir='ltr'>nostre</span> <span class='ocrx_word' id='word_1_82' title='bbox 1451 1560 1721 1629; x_wconf 88' lang='lat' dir='ltr'>solvere</span> <span class='ocrx_word' id='word_1_83' title='bbox 1757 1567 2099 1649; x_wconf 89' lang='lat' dir='ltr'>teneatur,</span> <span class='ocrx_word' id='word_1_84' title='bbox 2138 1581 2279 1630; x_wconf 92' lang='lat' dir='ltr'>non</span> <span class='ocrx_word' id='word_1_85' title='bbox 2323 1561 2642 1630; x_wconf 89' lang='lat' dir='ltr'>obstante</span> <span class='ocrx_word' id='word_1_86' title='bbox 2681 1560 3168 1631; x_wconf 86' lang='lat' dir='ltr'>constitutione</span> <span class='ocrx_word' id='word_1_87' title='bbox 3205 1560 3348 1631; x_wconf 87' lang='lat' dir='ltr'>divi</span> 
     </span>
     <span class='ocr_line' id='line_1_10' title="bbox 526 1682 3349 1778; baseline -0.001 -21"><span class='ocrx_word' id='word_1_88' title='bbox 526 1684 797 1775; x_wconf 82' lang='lat' dir='ltr'>Rogerii</span> <span class='ocrx_word' id='word_1_89' title='bbox 829 1683 943 1754; x_wconf 92' lang='lat' dir='ltr'>avi</span> <span class='ocrx_word' id='word_1_90' title='bbox 976 1682 1192 1753; x_wconf 81' lang='lat' dir='ltr'>nostri</span> <span class='ocrx_word' id='word_1_91' title='bbox 1225 1703 1353 1776; x_wconf 91' lang='lat' dir='ltr'>per</span> <span class='ocrx_word' id='word_1_92' title='bbox 1384 1703 1512 1752; x_wconf 89' lang='lat' dir='ltr'>nos</span> <span class='ocrx_word' id='word_1_93' title='bbox 1545 1703 1754 1776; x_wconf 89' lang='lat' dir='ltr'>super</span> <span class='ocrx_word' id='word_1_94' title='bbox 1781 1683 2194 1755; x_wconf 84' lang='lat' dir='ltr'>alienatione</span> <span class='ocrx_word' id='word_1_95' title='bbox 2237 1682 2675 1778; x_wconf 90' lang='lat' dir='ltr'>pheudorum</span> <span class='ocrx_word' id='word_1_96' title='bbox 2720 1684 2830 1754; x_wconf 88' lang='lat' dir='ltr'>vel</span> <span class='ocrx_word' id='word_1_97' title='bbox 2868 1705 3098 1753; x_wconf 89' lang='lat' dir='ltr'>rerum</span> <span class='ocrx_word' id='word_1_98' title='bbox 3132 1682 3349 1777; x_wconf 90' lang='lat' dir='ltr'>pheu-</span> 
     </span>
     <span class='ocr_line' id='line_1_11' title="bbox 527 1806 3347 1900; baseline 0 -22"><span class='ocrx_word' id='word_1_99' title='bbox 527 1807 785 1879; x_wconf 90' lang='lat' dir='ltr'>dalium</span> <span class='ocrx_word' id='word_1_100' title='bbox 820 1806 1105 1877; x_wconf 88' lang='lat' dir='ltr'>inhibita</span> <span class='ocrx_word' id='word_1_101' title='bbox 1140 1806 1498 1900; x_wconf 82' lang='lat' dir='ltr'>ampliata,</span> <span class='ocrx_word' id='word_1_102' title='bbox 1534 1806 1728 1876; x_wconf 89' lang='lat' dir='ltr'>salvo</span> <span class='ocrx_word' id='word_1_103' title='bbox 1763 1806 2120 1898; x_wconf 88' lang='lat' dir='ltr'>mandato,</span> <span class='ocrx_word' id='word_1_104' title='bbox 2162 1808 2606 1879; x_wconf 80' lang='lat' dir='ltr'>ordinacione</span> <span class='ocrx_word' id='word_1_105' title='bbox 2639 1817 2874 1878; x_wconf 89' lang='lat' dir='ltr'>nostra</span> <span class='ocrx_word' id='word_1_106' title='bbox 2909 1815 2979 1877; x_wconf 91' lang='lat' dir='ltr'>et</span> <span class='ocrx_word' id='word_1_107' title='bbox 3009 1807 3347 1879; x_wconf 85' lang='lat' dir='ltr'>heredum</span> 
     </span>
     <span class='ocr_line' id='line_1_12' title="bbox 529 1927 3351 2022; baseline 0 -21"><span class='ocrx_word' id='word_1_108' title='bbox 529 1940 944 2003; x_wconf 89' lang='lat' dir='ltr'>nostrorum.</span> <span class='ocrx_word' id='word_1_109' title='bbox 987 1930 1099 2002; x_wconf 90' lang='lat' dir='ltr'>Ad</span> <span class='ocrx_word' id='word_1_110' title='bbox 1131 1929 1339 2021; x_wconf 89' lang='lat' dir='ltr'>hujus</span> <span class='ocrx_word' id='word_1_111' title='bbox 1369 1939 1604 2000; x_wconf 91' lang='lat' dir='ltr'>autem</span> <span class='ocrx_word' id='word_1_112' title='bbox 1642 1927 2181 2002; x_wconf 86' lang='lat' dir='ltr'>confirmationis</span> <span class='ocrx_word' id='word_1_113' title='bbox 2224 1942 2294 2003; x_wconf 91' lang='lat' dir='ltr'>et</span> <span class='ocrx_word' id='word_1_114' title='bbox 2331 1932 2550 2022; x_wconf 82' lang='lat' dir='ltr'>gratie</span> <span class='ocrx_word' id='word_1_115' title='bbox 2583 1940 2816 2002; x_wconf 89' lang='lat' dir='ltr'>nostre</span> <span class='ocrx_word' id='word_1_116' title='bbox 2846 1931 3249 2005; x_wconf 86' lang='lat' dir='ltr'>memoriam</span> <span class='ocrx_word' id='word_1_117' title='bbox 3281 1941 3351 2004; x_wconf 90' lang='lat' dir='ltr'>et</span> 
     </span>
     <span class='ocr_line' id='line_1_13' title="bbox 527 2052 3351 2148; baseline 0.002 -25"><span class='ocrx_word' id='word_1_118' title='bbox 527 2055 737 2126; x_wconf 86' lang='lat' dir='ltr'>robur</span> <span class='ocrx_word' id='word_1_119' title='bbox 777 2063 1115 2148; x_wconf 89' lang='lat' dir='ltr'>perpetuo</span> <span class='ocrx_word' id='word_1_120' title='bbox 1158 2052 1569 2143; x_wconf 86' lang='lat' dir='ltr'>valiturum,</span> <span class='ocrx_word' id='word_1_121' title='bbox 1607 2074 1894 2147; x_wconf 85' lang='lat' dir='ltr'>presens</span> <span class='ocrx_word' id='word_1_122' title='bbox 1941 2053 2378 2148; x_wconf 81' lang='lat' dir='ltr'>privilegium</span> <span class='ocrx_word' id='word_1_123' title='bbox 2417 2054 2564 2125; x_wconf 89' lang='lat' dir='ltr'>fieri</span> <span class='ocrx_word' id='word_1_124' title='bbox 2607 2064 2678 2125; x_wconf 91' lang='lat' dir='ltr'>et</span> <span class='ocrx_word' id='word_1_125' title='bbox 2713 2055 2935 2145; x_wconf 80' lang='lat' dir='ltr'>sigillo</span> <span class='ocrx_word' id='word_1_126' title='bbox 2974 2055 3351 2147; x_wconf 81' lang='lat' dir='ltr'>majestatis</span> 
     </span>
     <span class='ocr_line' id='line_1_14' title="bbox 525 2176 3098 2273; baseline 0.001 -26"><span class='ocrx_word' id='word_1_127' title='bbox 525 2188 758 2249; x_wconf 88' lang='lat' dir='ltr'>nostre</span> <span class='ocrx_word' id='word_1_128' title='bbox 784 2179 1115 2271; x_wconf 86' lang='lat' dir='ltr'>jussimus</span> <span class='ocrx_word' id='word_1_129' title='bbox 1143 2176 1591 2267; x_wconf 89' lang='lat' dir='ltr'>communiri,</span> <span class='ocrx_word' id='word_1_130' title='bbox 1633 2198 1846 2267; x_wconf 90' lang='lat' dir='ltr'>ann0‚</span> <span class='ocrx_word' id='word_1_131' title='bbox 1884 2199 2122 2248; x_wconf 88' lang='lat' dir='ltr'>mense</span> <span class='ocrx_word' id='word_1_132' title='bbox 2156 2187 2228 2250; x_wconf 91' lang='lat' dir='ltr'>et</span> <span class='ocrx_word' id='word_1_133' title='bbox 2260 2178 2633 2250; x_wconf 90' lang='lat' dir='ltr'>indictione</span> <span class='ocrx_word' id='word_1_134' title='bbox 2671 2179 3098 2273; x_wconf 78' lang='lat' dir='ltr'>subscriptis,</span> 
     </span>
    </p>

    <p class='ocr_par' dir='ltr' id='par_1_3' title="bbox 530 2302 3414 3119">
     <span class='ocr_line' id='line_1_15' title="bbox 624 2302 3349 2397; baseline 0 -23"><span class='ocrx_word' id='word_1_135' title='bbox 624 2305 875 2374; x_wconf 90' lang='lat' dir='ltr'>Datum</span> <span class='ocrx_word' id='word_1_136' title='bbox 920 2303 991 2373; x_wconf 92' lang='lat' dir='ltr'>in</span> <span class='ocrx_word' id='word_1_137' title='bbox 1034 2302 1297 2396; x_wconf 90' lang='lat' dir='ltr'>campis</span> <span class='ocrx_word' id='word_1_138' title='bbox 1331 2323 1551 2396; x_wconf 90' lang='lat' dir='ltr'>prope</span> <span class='ocrx_word' id='word_1_139' title='bbox 1601 2304 1931 2373; x_wconf 89' lang='lat' dir='ltr'>Sanctum</span> <span class='ocrx_word' id='word_1_140' title='bbox 1973 2303 2253 2374; x_wconf 90' lang='lat' dir='ltr'>Petrum</span> <span class='ocrx_word' id='word_1_141' title='bbox 2294 2303 2382 2373; x_wconf 91' lang='lat' dir='ltr'>de</span> <span class='ocrx_word' id='word_1_142' title='bbox 2419 2303 2725 2391; x_wconf 88' lang='lat' dir='ltr'>Olivola‚</span> <span class='ocrx_word' id='word_1_143' title='bbox 2772 2324 2957 2373; x_wconf 90' lang='lat' dir='ltr'>anno</span> <span class='ocrx_word' id='word_1_144' title='bbox 3009 2302 3349 2397; x_wconf 88' lang='lat' dir='ltr'>dominice</span> 
     </span>
     <span class='ocr_line' id='line_1_16' title="bbox 531 2425 3350 2519; baseline -0 -22"><span class='ocrx_word' id='word_1_145' title='bbox 531 2427 1017 2498; x_wconf 86' lang='lat' dir='ltr'>incarnationis</span> <span class='ocrx_word' id='word_1_146' title='bbox 1058 2425 1426 2497; x_wconf 86' lang='lat' dir='ltr'>millesimo</span> <span class='ocrx_word' id='word_1_147' title='bbox 1473 2426 1948 2499; x_wconf 89' lang='lat' dir='ltr'>ducentesimo</span> <span class='ocrx_word' id='word_1_148' title='bbox 1988 2426 2518 2519; x_wconf 79' lang='lat' dir='ltr'>quadragesimo</span> <span class='ocrx_word' id='word_1_149' title='bbox 2561 2426 2901 2514; x_wconf 89' lang='lat' dir='ltr'>secund0‚</span> <span class='ocrx_word' id='word_1_150' title='bbox 2940 2448 3179 2498; x_wconf 88' lang='lat' dir='ltr'>mense</span> <span class='ocrx_word' id='word_1_151' title='bbox 3226 2447 3350 2497; x_wconf 93' lang='lat' dir='ltr'>au-</span> 
     </span>
     <span class='ocr_line' id='line_1_17' title="bbox 530 2550 3352 2644; baseline -0.001 -21"><span class='ocrx_word' id='word_1_152' title='bbox 530 2552 737 2643; x_wconf 83' lang='lat' dir='ltr'>gusti,</span> <span class='ocrx_word' id='word_1_153' title='bbox 774 2551 1286 2643; x_wconf 89' lang='lat' dir='ltr'>quintedecime</span> <span class='ocrx_word' id='word_1_154' title='bbox 1321 2550 1755 2639; x_wconf 81' lang='lat' dir='ltr'>indictioniS,</span> <span class='ocrx_word' id='word_1_155' title='bbox 1804 2551 2187 2644; x_wconf 87' lang='lat' dir='ltr'>imperante</span> <span class='ocrx_word' id='word_1_156' title='bbox 2231 2550 2512 2622; x_wconf 91' lang='lat' dir='ltr'>domino</span> <span class='ocrx_word' id='word_1_157' title='bbox 2548 2560 2781 2621; x_wconf 87' lang='lat' dir='ltr'>nostro</span> <span class='ocrx_word' id='word_1_158' title='bbox 2816 2551 3188 2637; x_wconf 88' lang='lat' dir='ltr'>Friderico,</span> <span class='ocrx_word' id='word_1_159' title='bbox 3230 2552 3352 2621; x_wconf 90' lang='lat' dir='ltr'>Dei</span> 
     </span>
     <span class='ocr_line' id='line_1_18' title="bbox 531 2674 3349 2769; baseline 0 -24"><span class='ocrx_word' id='word_1_160' title='bbox 531 2676 749 2768; x_wconf 80' lang='lat' dir='ltr'>gratia</span> <span class='ocrx_word' id='word_1_161' title='bbox 802 2674 1384 2746; x_wconf 83' lang='lat' dir='ltr'>excellentissimo</span> <span class='ocrx_word' id='word_1_162' title='bbox 1438 2676 1912 2745; x_wconf 89' lang='lat' dir='ltr'>Romanorum</span> <span class='ocrx_word' id='word_1_163' title='bbox 1973 2676 2386 2769; x_wconf 87' lang='lat' dir='ltr'>imperatore</span> <span class='ocrx_word' id='word_1_164' title='bbox 2449 2695 2722 2769; x_wconf 87' lang='lat' dir='ltr'>semper</span> <span class='ocrx_word' id='word_1_165' title='bbox 2773 2683 3098 2766; x_wconf 83' lang='lat' dir='ltr'>augustO,</span> <span class='ocrx_word' id='word_1_166' title='bbox 3153 2677 3349 2746; x_wconf 82' lang='lat' dir='ltr'>Jeru-</span> 
     </span>
     <span class='ocr_line' id='line_1_19' title="bbox 532 2778 3414 2893; baseline 0 -22"><span class='ocrx_word' id='word_1_167' title='bbox 532 2801 746 2871; x_wconf 86' lang='lat' dir='ltr'>salem</span> <span class='ocrx_word' id='word_1_168' title='bbox 784 2811 854 2871; x_wconf 91' lang='lat' dir='ltr'>et</span> <span class='ocrx_word' id='word_1_169' title='bbox 891 2799 1118 2869; x_wconf 90' lang='lat' dir='ltr'>Sicilie</span> <span class='ocrx_word' id='word_1_170' title='bbox 1168 2819 1371 2889; x_wconf 81' lang='lat' dir='ltr'>rege,</span> <span class='ocrx_word' id='word_1_171' title='bbox 1419 2778 1692 2893; x_wconf 82' lang='lat' dir='ltr'>imperii</span> <span class='ocrx_word' id='word_1_172' title='bbox 1736 2800 1887 2891; x_wconf 86' lang='lat' dir='ltr'>ejus</span> <span class='ocrx_word' id='word_1_173' title='bbox 1929 2819 2112 2869; x_wconf 89' lang='lat' dir='ltr'>anno</span> <span class='ocrx_word' id='word_1_174' title='bbox 2144 2797 2475 2868; x_wconf 89' lang='lat' dir='ltr'>vicesimo</span> <span class='ocrx_word' id='word_1_175' title='bbox 2508 2797 2851 2888; x_wconf 90' lang='lat' dir='ltr'>secundo,</span> <span class='ocrx_word' id='word_1_176' title='bbox 2903 2798 3097 2891; x_wconf 81' lang='lat' dir='ltr'>regni</span> <span class='ocrx_word' id='word_1_177' title='bbox 3148 2800 3349 2871; x_wconf 86' lang='lat' dir='ltr'>Jeru-</span> <span class='ocrx_word' id='word_1_178' title='bbox 3408 2848 3414 2855; x_wconf 83' lang='lat'>-</span> 
     </span>
     <span class='ocr_line' id='line_1_20' title="bbox 533 2922 3350 3016; baseline -0.001 -21"><span class='ocrx_word' id='word_1_179' title='bbox 533 2925 745 2995; x_wconf 89' lang='lat' dir='ltr'>salem</span> <span class='ocrx_word' id='word_1_180' title='bbox 773 2945 959 2995; x_wconf 91' lang='lat' dir='ltr'>anno</span> <span class='ocrx_word' id='word_1_181' title='bbox 989 2922 1281 3016; x_wconf 89' lang='lat' dir='ltr'>septimo</span> <span class='ocrx_word' id='word_1_182' title='bbox 1308 2922 1609 3013; x_wconf 82' lang='lat' dir='ltr'>decime,</span> <span class='ocrx_word' id='word_1_183' title='bbox 1648 2923 1847 3015; x_wconf 80' lang='lat' dir='ltr'>regni</span> <span class='ocrx_word' id='word_1_184' title='bbox 1873 2944 2042 2994; x_wconf 87' lang='lat' dir='ltr'>vero</span> <span class='ocrx_word' id='word_1_185' title='bbox 2072 2922 2298 2994; x_wconf 91' lang='lat' dir='ltr'>Sicilie</span> <span class='ocrx_word' id='word_1_186' title='bbox 2329 2923 2859 3016; x_wconf 83' lang='lat' dir='ltr'>quadragesimo</span> <span class='ocrx_word' id='word_1_187' title='bbox 2886 2932 3157 3015; x_wconf 89' lang='lat' dir='ltr'>quart0,</span> <span class='ocrx_word' id='word_1_188' title='bbox 3200 2923 3350 2995; x_wconf 86' lang='lat' dir='ltr'>feli·</span> 
     </span>
     <span class='ocr_line' id='line_1_21' title="bbox 532 3047 1021 3119; baseline -0.002 -2"><span class='ocrx_word' id='word_1_189' title='bbox 532 3047 726 3119; x_wconf 90' lang='lat' dir='ltr'>citer.</span> <span class='ocrx_word' id='word_1_190' title='bbox 772 3048 1021 3118; x_wconf 91' lang='lat' dir='ltr'>Amen.</span> 
     </span>
    </p>
   </div>
   <div class='ocr_carea' id='block_1_3' title="bbox 538 3576 3725 3953">
    <p class='ocr_par' dir='ltr' id='par_1_4' title="bbox 538 3576 3725 3953">
     <span class='ocr_line' id='line_1_22' title="bbox 637 3576 3725 3688; baseline 0 -29"><span class='ocrx_word' id='word_1_191' title='bbox 637 3576 894 3659; x_wconf 87' lang='lat' dir='ltr'>Mense</span> <span class='ocrx_word' id='word_1_192' title='bbox 939 3576 1386 3682; x_wconf 85' lang='lat' dir='ltr'>septembris</span> <span class='ocrx_word' id='word_1_193' title='bbox 1433 3602 1685 3659; x_wconf 89' lang='lat' dir='ltr'>comes</span> <span class='ocrx_word' id='word_1_194' title='bbox 1732 3576 2152 3660; x_wconf 88' lang='lat' dir='ltr'>Tolosanus</span> <span class='ocrx_word' id='word_1_195' title='bbox 2194 3579 2396 3686; x_wconf 89' lang='lat' dir='ltr'>apud</span> <span class='ocrx_word' id='word_1_196' title='bbox 2445 3577 2772 3660; x_wconf 87' lang='lat' dir='ltr'>Melfiam</span> <span class='ocrx_word' id='word_1_197' title='bbox 2812 3580 2890 3660; x_wconf 92' lang='lat' dir='ltr'>in</span> <span class='ocrx_word' id='word_1_198' title='bbox 2930 3579 3204 3688; x_wconf 87' lang='lat' dir='ltr'>Apulia</span> <span class='ocrx_word' id='word_1_199' title='bbox 3251 3579 3348 3660; x_wconf 90' lang='lat' dir='ltr'>ad</span> <span class='ocrx_word' id='word_1_200' title='bbox 3423 3603 3725 3659; x_wconf 69' lang='lat' dir='ltr'>‹septembri-2</span> 
     </span>
     <span class='ocr_line' id='line_1_23' title="bbox 538 3708 3348 3822; baseline 0 -34"><span class='ocrx_word' id='word_1_201' title='bbox 538 3708 1068 3817; x_wconf 88' lang='lat' dir='ltr'>imperatorem</span> <span class='ocrx_word' id='word_1_202' title='bbox 1112 3710 1317 3792; x_wconf 76' lang='lat' dir='ltr'>venit</span> <span class='ocrx_word' id='word_1_203' title='bbox 1369 3708 1504 3819; x_wconf 90' lang='lat' dir='ltr'>qui</span> <span class='ocrx_word' id='word_1_204' title='bbox 1541 3736 1674 3817; x_wconf 89' lang='lat' dir='ltr'>per</span> <span class='ocrx_word' id='word_1_205' title='bbox 1727 3721 1963 3791; x_wconf 88' lang='lat' dir='ltr'>totam</span> <span class='ocrx_word' id='word_1_206' title='bbox 2008 3711 2335 3793; x_wconf 90' lang='lat' dir='ltr'>hiemem</span> <span class='ocrx_word' id='word_1_207' title='bbox 2382 3710 2526 3793; x_wconf 85' lang='lat' dir='ltr'>fuit</span> <span class='ocrx_word' id='word_1_208' title='bbox 2573 3711 2653 3791; x_wconf 90' lang='lat' dir='ltr'>in</span> <span class='ocrx_word' id='word_1_209' title='bbox 2698 3738 2962 3822; x_wconf 83' lang='lat' dir='ltr'>regno.</span> <span class='ocrx_word' id='word_1_210' title='bbox 3007 3710 3203 3792; x_wconf 80' lang='lat' dir='ltr'>Ricc.</span> <span class='ocrx_word' id='word_1_211' title='bbox 3259 3733 3348 3790; x_wconf 77' lang='lat' dir='ltr'>nn</span> 
     </span>
     <span class='ocr_line' id='line_1_24' title="bbox 541 3840 3079 3953; baseline 0 -31"><span class='ocrx_word' id='word_1_212' title='bbox 541 3840 617 3922; x_wconf 91' lang='lat' dir='ltr'>S.</span> <span class='ocrx_word' id='word_1_213' title='bbox 662 3841 900 3923; x_wconf 69' lang='lat' dir='ltr'>Genu.</span> <span class='ocrx_word' id='word_1_214' title='bbox 959 3842 1337 3948; x_wconf 80' lang='lat' dir='ltr'>Chronic.,</span> <span class='ocrx_word' id='word_1_215' title='bbox 1378 3869 1505 3949; x_wconf 87' lang='lat' dir='ltr'>ap.</span> <span class='ocrx_word' id='word_1_216' title='bbox 1548 3842 1920 3926; x_wconf 73' lang='lat' dir='ltr'>Mumon.</span> <span class='ocrx_word' id='word_1_217' title='bbox 1967 3843 2379 3953; x_wconf 64' lang='lat' dir='ltr'>Serimon,</span> <span class='ocrx_word' id='word_1_218' title='bbox 2424 3853 2482 3926; x_wconf 87' lang='lat' dir='ltr'>t.</span> <span class='ocrx_word' id='word_1_219' title='bbox 2527 3844 2686 3949; x_wconf 90' lang='lat' dir='ltr'>VII,</span> <span class='ocrx_word' id='word_1_220' title='bbox 2717 3873 2795 3951; x_wconf 90' lang='lat' dir='ltr'>p.</span> <span class='ocrx_word' id='word_1_221' title='bbox 2849 3846 3079 3925; x_wconf 74' lang='lat'><strong>1049.</strong></span> 
     </span>
    </p>
   </div>
   <div class='ocr_carea' id='block_1_4' title="bbox 642 4373 3722 4489">
    <p class='ocr_par' dir='ltr' id='par_1_5' title="bbox 642 4373 3722 4489">
     <span class='ocr_line' id='line_1_25' title="bbox 642 4373 3722 4489; baseline 0.004 -35"><span class='ocrx_word' id='word_1_222' title='bbox 642 4373 1063 4457; x_wconf 88' lang='lat' dir='ltr'>Fridericus</span> <span class='ocrx_word' id='word_1_223' title='bbox 1084 4438 1106 4478; x_wconf 85' lang='lat'>,</span> <span class='ocrx_word' id='word_1_224' title='bbox 1175 4374 1693 4459; x_wconf 88' lang='lat' dir='ltr'>Romanorum</span> <span class='ocrx_word' id='word_1_225' title='bbox 1773 4377 2223 4485; x_wconf 86' lang='lat' dir='ltr'>imperator,</span> <span class='ocrx_word' id='word_1_226' title='bbox 2311 4375 2637 4459; x_wconf 88' lang='lat' dir='ltr'>Roberto</span> <span class='ocrx_word' id='word_1_227' title='bbox 2722 4378 2816 4460; x_wconf 92' lang='lat' dir='ltr'>de</span> <span class='ocrx_word' id='word_1_228' title='bbox 2903 4378 3351 4463; x_wconf 89' lang='lat' dir='ltr'>Castellione</span> <span class='ocrx_word' id='word_1_229' title='bbox 3444 4391 3722 4489; x_wconf 49' lang='grc' dir='ltr'>,οξξῶξὼ</span> 
     </span>
    </p>
   </div>
   <div class='ocr_carea' id='block_1_5' title="bbox 542 4505 3355 4754">
    <p class='ocr_par' dir='ltr' id='par_1_6' title="bbox 542 4505 3355 4754">
     <span class='ocr_line' id='line_1_26' title="bbox 542 4505 3348 4616; baseline 0.002 -30"><span class='ocrx_word' id='word_1_230' title='bbox 542 4505 847 4607; x_wconf 83' lang='lat' dir='ltr'>[vicario</span> <span class='ocrx_word' id='word_1_231' title='bbox 886 4508 1181 4616; x_wconf 91' lang='lat' dir='ltr'>imperii</span> <span class='ocrx_word' id='word_1_232' title='bbox 1218 4510 1297 4590; x_wconf 91' lang='lat' dir='ltr'>in</span> <span class='ocrx_word' id='word_1_233' title='bbox 1334 4510 1697 4614; x_wconf 88' lang='lat' dir='ltr'>Marchia]</span> <span class='ocrx_word' id='word_1_234' title='bbox 1732 4510 2048 4592; x_wconf 89' lang='lat' dir='ltr'>mandat</span> <span class='ocrx_word' id='word_1_235' title='bbox 2081 4520 2167 4592; x_wconf 90' lang='lat' dir='ltr'>ut</span> <span class='ocrx_word' id='word_1_236' title='bbox 2204 4508 2661 4593; x_wconf 88' lang='lat' dir='ltr'>Palmerium</span> <span class='ocrx_word' id='word_1_237' title='bbox 2708 4512 2804 4592; x_wconf 90' lang='lat' dir='ltr'>ad</span> <span class='ocrx_word' id='word_1_238' title='bbox 2850 4512 3135 4594; x_wconf 89' lang='lat' dir='ltr'>curiam</span> <span class='ocrx_word' id='word_1_239' title='bbox 3183 4514 3348 4592; x_wconf 89' lang='lat' dir='ltr'>irn-</span> 
     </span>
     <span class='ocr_line' id='line_1_27' title="bbox 544 4638 3355 4754; baseline 0.003 -35"><span class='ocrx_word' id='word_1_240' title='bbox 544 4638 899 4743; x_wconf 88' lang='lat' dir='ltr'>perialem</span> <span class='ocrx_word' id='word_1_241' title='bbox 950 4643 1047 4722; x_wconf 89' lang='lat' dir='ltr'>ad</span> <span class='ocrx_word' id='word_1_242' title='bbox 1094 4641 1409 4750; x_wconf 86' lang='lat' dir='ltr'>triginta</span> <span class='ocrx_word' id='word_1_243' title='bbox 1452 4642 1614 4725; x_wconf 89' lang='lat' dir='ltr'>dies</span> <span class='ocrx_word' id='word_1_244' title='bbox 1645 4653 1821 4750; x_wconf 87' lang='lat' dir='ltr'>post</span> <span class='ocrx_word' id='word_1_245' title='bbox 1864 4642 2299 4725; x_wconf 88' lang='lat' dir='ltr'>citationem</span> <span class='ocrx_word' id='word_1_246' title='bbox 2345 4654 2721 4752; x_wconf 87' lang='lat' dir='ltr'>receptam</span> <span class='ocrx_word' id='word_1_247' title='bbox 2768 4646 3115 4750; x_wconf 83' lang='lat' dir='ltr'>advocet,</span> <span class='ocrx_word' id='word_1_248' title='bbox 3154 4671 3355 4754; x_wconf 90' lang='lat' dir='ltr'>que-</span> 
     </span>
    </p>
   </div>
  </div>
 </body>
</html>
