4364 5738
611 624 811 682 mmm.
844 616 934 705 3.]
1499 611 1894 682 msronm
1943 558 2533 681 mmmmm.
3303 608 3418 677 ast

611 754 1004 849 specialiter
1055 770 1268 848 super
1317 753 1718 826 remissione
1771 755 2062 850 pecunie
2118 753 2349 844 debite
2403 768 2530 848 per
2579 752 3050 825 marchionem
3099 751 3420 823 eumdem

612 878 815 949 nobis
846 879 1025 949 facta
1056 899 1182 972 per
1212 899 1447 969 regem
1479 877 1978 949 Gothofredum
2014 877 2118 974 (1)
2160 900 2288 973 per
2320 887 2628 948 nostram
2660 876 3144 948 excellentiam
3176 896 3422 970 accep·

613 1001 852 1090 tanda,
874 1010 1058 1072 ratas
1088 1000 1426 1073 habemus
1454 1010 1526 1072 et
1545 1001 1618 1071 in
1645 1011 2058 1096 perpetuum
2088 998 2603 1089 confirmamus,
2631 1001 2941 1072 debitum
2973 995 3422 1096 supra[dicto]

612 1134 684 1194 et
713 1122 1090 1196 heredibus
1120 1124 1262 1195 suis
1298 1133 1636 1219 perpetuo
1673 1125 2126 1196 remittentes.
2170 1124 2550 1196 statuimus
2590 1123 2798 1216 igitur
2842 1132 3183 1215 quatenus
3215 1123 3424 1201 ,nulla

612 1262 911 1340 persona
945 1249 1087 1318 alta
1118 1247 1231 1319 vel
1265 1246 1568 1336 humiliS,
1599 1247 2060 1320 ecclesiastica
2086 1249 2199 1319 vel
2231 1245 2585 1337 seculariS,
2616 1247 2850 1317 nullus
2876 1245 3051 1333 dux,
3085 1244 3418 1335 marchio,

612 1389 843 1443 comes
890 1371 1000 1441 vel
1053 1371 1477 1461 vicecomes,
1514 1356 1761 1442 'nullus
1791 1380 2136 1466 potestas,
2184 1370 2547 1442 consilium
2582 1378 2707 1441 aut
2756 1382 3124 1440 commune
3183 1379 3425 1441 contra

614 1495 954 1587 presentis
983 1494 1324 1589 privilegii
1355 1495 1572 1566 nostri
1606 1505 1915 1566 tenorem
1937 1514 2114 1567 ausu
2146 1494 2510 1567 temerario
2539 1493 2774 1564 venire
2812 1502 3197 1588 presumat;
3235 1491 3426 1585 quod

614 1617 734 1709 qui
785 1618 1283 1712 presumpserit
1325 1629 1556 1712 preter
1604 1617 2148 1709 indignationem
2193 1617 2412 1689 nostri
2465 1617 2783 1688 culminis
2822 1637 3030 1709 quam
3076 1619 3418 1707 incurret,

615 1742 921 1834 quinque
956 1741 1166 1812 millia
1202 1762 1591 1812 marcarum
1622 1742 1891 1833 argenti
1923 1763 2050 1835 pro
2092 1763 2273 1836 pena
2318 1750 2720 1833 componet,
2753 1741 3122 1814 medietate
3151 1762 3426 1813 camere

617 1875 891 1956 nostre,
938 1866 1203 1957 reliqua
1253 1865 1624 1936 medietate
1660 1866 1879 1959 passis
1923 1865 2241 1957 injuriam
2286 1865 2722 1960 applicanda.
2766 1866 2876 1937 Ad
2909 1867 3105 1959 cujus
3138 1865 3238 1937 rei
3277 1889 3424 1938 me·

617 1986 908 2058 moriam
942 1997 1012 2058 et
1055 1988 1270 2059 robur
1315 1995 1651 2081 perpetuo
1682 1984 2058 2058 valiturum
2082 2040 2100 2076 ,
2136 2010 2423 2082 presens
2463 1986 2897 2083 privilegium
2941 1987 3089 2060 fieri
3136 2000 3205 2060 et
3234 1989 3425 2060 bulla

612 2131 825 2181 aurea
858 2111 1127 2205 typario
1157 2119 1390 2180 nostre
1424 2110 1800 2201 majestatis
1833 2110 2166 2203 impressa
2188 2111 2520 2201 jussimus
2548 2112 2983 2183 communiri.

710 2234 961 2304 Datum
996 2232 1303 2321 Taurini,
1334 2253 1520 2304 anno
1550 2232 1894 2304 dominice
1933 2232 2423 2305 incarnationis
2461 2234 2557 2304 M.
2580 2234 2703 2305 CC.
2727 2235 2926 2325 XLV,
2968 2256 3204 2305 mense
3228 2236 3420 2327 julii,

615 2359 700 2429 111
731 2355 1135 2446 indictione,
1172 2356 1554 2451 imperante
1588 2356 1869 2427 domino
1910 2365 2147 2428 nostro
2177 2356 2543 2428 Frederico
2572 2358 2666 2446 Π,
2701 2358 2829 2429 Dei
2863 2357 3084 2450 gratia
3119 2359 3424 2431 invictis-

615 2481 791 2555 simo
843 2482 1309 2551 Romanorum
1368 2480 1782 2574 imperatore
1847 2500 2122 2574 semper
2171 2476 2505 2571 augusto,
2569 2481 3018 2576 Hyerusalem
3074 2493 3146 2554 et
3201 2484 3427 2555 Sicilie

615 2626 814 2699 rege,
853 2625 1039 2675 anno
1079 2603 1353 2697 imperii
1399 2605 1547 2695 ejus
1587 2604 1802 2693 XXV,
1851 2604 2047 2695 regni
2086 2604 2466 2674 Jerusalem
2509 2604 2701 2696 XXI,
2751 2605 2945 2696 regni
2985 2626 3154 2678 vero
3198 2606 3427 2678 Sicilie

615 2750 801 2802 anno
827 2729 1088 2818 XLVII,
1122 2727 1437 2798 feliciter.
1474 2725 1724 2798 Amen.

724 3269 1187 3383 FridericuS,
1260 3269 1778 3359 Romanorum
1843 3280 2288 3386 imperator,
2357 3282 2724 3364 universis
2797 3277 3117 3390 Angliae
3189 3271 3422 3364 nobi-

619 3406 818 3489 libus
849 3403 1145 3508 scribit,
1190 3405 1637 3490 sententiam
1672 3403 2161 3517 depositionis
2209 3405 2286 3491 in
2335 3438 2415 3493 se
2451 3414 2530 3492 in
2586 3405 2902 3494 concilio
2937 3410 3426 3521 Lugdunensi

618 3539 851 3621 latam
888 3551 976 3620 ut
1027 3539 1370 3647 iniquam
1418 3551 1491 3622 et
1536 3539 1735 3649 juris
1785 3542 2072 3624 nullius
2127 3535 2631 3653 redarguens,
2672 3561 2951 3651 eosque
2990 3535 3429 3626 exhortatur

619 3683 705 3754 ut
741 3697 1001 3753 secum
1038 3671 1441 3778 insurgant
1474 3672 1573 3752 ad
1610 3697 1917 3753 causam
1969 3700 2190 3755 suam
2235 3700 2431 3782 quae
2468 3674 2811 3756 omnium
2847 3675 3276 3782 principum
3314 3685 3424 3756 est

617 3803 1201 3886 defendendam.

780 4009 969 4093 (Edit.
1007 4032 1103 4093 ap.
1146 4011 1346 4077 Mur.
1385 4011 1616 4090 les„
1658 4011 1807 4078 msc.
1844 4020 1984 4099 maj.
2016 4013 2290 4098 Anytor„
2321 4038 2379 4097 p.
2412 4025 2714 4093 471-473,
2756 4013 2834 4079 ad
2864 4029 3004 4079 ann.
3039 4021 3224 4091 1246,
3265 4017 3324 4078 et
3357 4018 3423 4077 tn

853 4117 1017 4182 Petr.
1049 4120 1121 4181 de
1155 4119 1283 4184 Vin.
1316 4122 1508 4201 epist„
1540 4119 1643 4183 lib.
1676 4124 1726 4196 1,
1758 4137 1888 4201 cap.
1910 4121 2021 4200 111,
2050 4121 2151 4185 ubi
2176 4130 2291 4203 ipsi
2317 4131 2438 4203 regi
2455 4125 2702 4204 Angliae
2729 4127 2905 4185 missa
2932 4124 3227 4202 encyclica
3252 4126 3422 4184 exhi·

859 4221 1051 4288 hetur.
1070 4227 1239 4291 Nunc
1263 4225 1399 4289 coll.
1428 4244 1564 4289 cum
1584 4227 1832 4292 codicih.
1863 4231 2008 4291 bibl.
2040 4225 2236 4291 Cesar.
2262 4232 2468 4307 Paris„
2480 4229 2666 4309 sends
2678 4230 3151 4291 Samma-main
3167 4228 3420 4309 Har-lay,

693 4513 759 4585 (⁴)
796 4514 908 4571 Rex
932 4516 1033 4572 iste
1050 4516 1405 4576 Gothofredus
1427 4520 1551 4591 quis
1571 4513 1728 4576 fuerit
1745 4561 1759 4588 ,
1786 4535 1893 4576 non
1917 4519 2135 4575 scimus.
2165 4519 2353 4576 Nullus
2384 4519 2527 4575 enim
2552 4512 3036 4581 Thessalonicensis
3068 4542 3161 4581 rex
3186 4539 3217 4582 e
3252 4525 3422 4597 stirpe

622 4609 1088 4669 montisfort-utensi
1125 4614 1286 4690 huJus
1325 4615 1557 4672 nominis
1591 4615 1763 4672 adest.
1807 4614 2037 4672 Pravam
2079 4616 2221 4688 apud
2255 4616 2590 4674 Moriundum
2630 4617 2905 4676 lectionem
2947 4621 3016 4677 ad
3058 4622 3202 4678 hunc
3247 4621 3422 4679 locum

622 4705 777 4763 valde
797 4708 1147 4780 suspicamur.
