4364 5738
988 553 1103 618 194
1979 546 2410 616 ratumne:
2456 547 2775 616 stanno
3413 553 3577 631 [An.
3618 553 3792 615 im.

981 701 1239 788 ρει-ωε,
1271 691 1417 782 jam
1448 688 1732 759 liberius
1764 688 1834 757 in
1867 709 2083 758 unum
2123 689 2482 778 collectas,
2519 691 2594 759 iu
2626 683 2922 758 rebelles
2954 695 3231 758 nostros
3263 685 3320 758 si
3352 686 3586 760 adhuc
3611 689 3798 781 quod

980 833 1123 889 nou
1163 809 1511 886 credimus
1542 811 1832 882 ulterius
1866 812 2291 901 resisterent,
2326 811 2669 907 possimus
2703 810 3136 882 commodius
3168 827 3536 901 exercere,
3575 813 3798 905 utqui

981 938 1358 1033 potentiam
1397 945 1701 1007 nostram
1737 955 1863 1029 per
1903 944 2006 1006 tot
2039 935 2253 1027 quasi·
2276 935 2468 1006 rivos
2506 933 2759 1029 partim
2805 932 3243 1004 distributam
3277 932 3403 1003 vix
3438 932 3604 1005 olim
3646 953 3797 1005 sus-

987 1064 1202 1133 tinere
1239 1067 1592 1157 poterant,
1628 1079 1818 1129 nunc
1877 1059 2041 1129 rivis
2089 1058 2403 1152 undique
2447 1057 2755 1129 reductis
2793 1056 2865 1127 in
2907 1057 3186 1128 alveum
3224 1053 3527 1128 finaliter
3562 1058 3796 1152 oppn‘·

978 1194 1280 1256 mantur.
1316 1184 1560 1276 Neque
1604 1202 1732 1253 vos
1771 1181 2211 1274 aliquatenus
2248 1181 2535 1253 credere
2575 1181 2899 1252 volumus
2936 1179 3131 1272 quod
3165 1188 3799 1273 quantumcumque

977 1305 1179 1380 uobis
1225 1305 1604 1379 succedant
1651 1325 2016 1399 prospera,
2077 1325 2539 1399 provocemur
2587 1303 2675 1374 ad
2730 1302 3058 1394 gratiam,
3111 1302 3337 1373 donec
3386 1302 3799 1374 obstantiam

978 1432 1301 1524 Ligurum
1347 1448 1557 1521 quam
1600 1447 1762 1498 ecce
1798 1428 1941 1518 jam
1977 1427 2435 1521 personaliter
2479 1423 2908 1519 accingimur
2947 1425 3271 1520 persequi
3315 1445 3449 1496 nec
3488 1445 3795 1518 unquam

978 1552 1308 1626 desistere
1339 1545 1445 1646 (a)
1475 1550 1533 1620 si
1577 1550 1868 1621 ulterius
1906 1551 2308 1645 palpitabit,
2355 1567 2484 1646 pro
2522 1560 2759 1622 nostro
2799 1550 3237 1644 beneplacito
3282 1550 3790 1620 conculcemus,

977 1676 1085 1748 Ad
1109 1676 1300 1770 quod
1324 1675 1398 1744 in
1428 1674 1934 1768 presentiarum
1953 1681 2105 1745 ‘non
2139 1674 2562 1745 misissemus
2594 1674 2858 1744 litteras
2880 1674 3008 1745 sed
3032 1692 3429 1767 personam,
3457 1673 3586 1743 nisi
3610 1673 3796 1764 juste

978 1795 1327 1872 dilationis
1387 1798 1662 1869 occasio
1729 1817 2006 1890 gressus
2061 1806 2336 1869 nostros
2389 1819 2515 1892 per
2565 1798 3067 1890 aliquantulum
3128 1816 3323 1867 more
3379 1796 3797 1867 retardasset

977 1921 1364 2015 objectum,
1408 1921 1742 1992 indictum
1783 1919 2109 1991 videlicet
2148 1921 2474 2012 generale
2517 1920 2942 2015 colloquium
2984 1920 3168 1990 inter
3210 1941 3339 1991 nos
3384 1927 3459 1990 et
3514 1920 3794 1991 univer·

976 2049 1192 2119 salem
1242 2057 1508 2142 patrem
1557 2053 1911 2136 nostrum,
1957 2046 2082 2118 Dei
2136 2047 2358 2139 gratia
2402 2035 2751 2117 summum
2802 2040 3235 2141 pontificem,
3280 2045 3464 2116 sicut
3511 2042 3797 2116 firmiter

974 2167 1358 2262 credimus,
1391 2169 1913 2261 celebrandum,
1951 2169 2021 2240 in
2053 2191 2197 2265 quo
2230 2189 2470 2241 sumus
2510 2170 2601 2241 ab
2633 2170 2783 2264 ipso
2820 2167 3010 2240 filiali
3042 2169 3433 2242 reverentia
3464 2168 3793 2240 benedic·

976 2292 1235 2364 tionem
1275 2293 1723 2387 apostolicam
1773 2293 2158 2386 recepturi3
2214 2311 2375 2364 cum
2426 2311 2570 2365 nou
2608 2292 2891 2363 deceret
2932 2312 3066 2363 nec
3102 2311 3232 2363 vos
3277 2291 3486 2362 etiam
3532 2292 3795 2385 aliqua-

974 2426 1177 2487 tenus
1207 2415 1557 2486 credimus
1585 2415 1889 2486 voluisse
1921 2423 2001 2484 ut
2030 2426 2191 2509 post
2225 2424 2363 2486 tam
2396 2425 2592 2508 grate
2628 2395 2894 2486 mundo
2925 2414 3595 2486 consummationem
3626 2433 3794 2485 oon-

971 2537 1209 2610 cordie
1245 2535 1511 2631 absque
1551 2537 2042 2609 benedictione
2078 2537 2410 2609 munifica
2442 2538 2609 2610 dicti
2648 2539 2865 2633 patris
2909 2538 3038 2608 sibi
3071 2539 3375 2609 maxime
3410 2547 3553 2609 tam
3585 2536 3793 2609 vicini

972 2660 1301 2732 recedere
1339 2670 1411 2731 et
1450 2659 1641 2731 abire
1695 2667 1835 2731 tam
1884 2661 2156 2752 longius
2202 2657 2639 2733 deberemus.
2687 2661 2798 2734 Ad
2850 2661 2984 2734 hoc
3026 2662 3234 2732 etiam
3289 2661 3646 2756 potissime
3692 2662 3791 2732 fa-

972 2783 1300 2856 ciendum
1333 2781 1758 2855 confidentia
1787 2782 1955 2854 fidei
1980 2793 2213 2856 vestre
2238 2786 2557 2882 specialis
2587 2802 2716 2858 nos
2745 2785 3053 2876 induxit,
3077 2785 3168 2856 de
3190 2805 3330 2878 qua
3362 2784 3435 2854 in
3471 2784 3791 2879 progeni·

973 2902 1238 2978 toribus
1261 2906 1519 2979 nostris
1552 2916 1623 2978 et
1655 2907 1857 2978 nobis
1883 2908 2384 3003 prescriptione
2413 2909 2743 2981 laudabili
2777 2910 2924 3002 jam
2962 2910 3225 2998 securi,
3258 2909 3431 2980 dum
3468 2908 3794 2979 continua

972 3030 1224 3101 mentis
1268 3030 1748 3102 recordatione
1791 3031 2179 3102 evolvimus
2220 3043 2411 3105 certa
2452 3041 2526 3104 et
2563 3032 2953 3103 indubitata
2998 3030 3304 3127 pericula
3341 3048 3479 3123 que
3520 3048 3795 3125 semper

971 3168 1101 3246 pro
1123 3146 1393 3224 bonore
1424 3153 1694 3246 imperii
1725 3154 2033 3225 subiistis
2065 3164 2137 3225 et
2169 3153 2561 3227 admirabili
2593 3156 2981 3227 constantia
3014 3153 3501 3244 conservastis,
3538 3162 3795 3226 mortes

973 3290 1342 3368 corporum
1384 3286 1454 3346 et
1497 3276 1801 3371 dampna
1851 3277 2193 3348 bonorum
2234 3279 2424 3350 illata
2468 3279 2668 3350 vobis
2714 3276 2809 3351 ad
2857 3298 3199 3349 summam
3250 3278 3540 3369 gloriam
3581 3298 3793 3373 repu-

973 3407 1235 3489 tantes,
1273 3398 1594 3471 dubitare
1631 3420 1772 3471 non
1819 3421 2189 3495 possumus
2230 3401 2401 3495 quin
2444 3412 2518 3473 et
2558 3422 2746 3473 nunc
2787 3398 2881 3474 ad
2926 3410 3068 3473 tam
3119 3401 3469 3473 modicum
3521 3410 3791 3495 tempus

971 3521 1196 3594 donec
1251 3532 1489 3594 nostra
1527 3524 1728 3595 vobis
1770 3523 2059 3596 adsistat
2103 3525 2488 3620 presentia,
2540 3525 2929 3597 constantie
2972 3536 3138 3597 voto
3190 3525 3443 3595 nostris
3497 3523 3791 3595 servitiis

968 3645 1338 3736 insistatis,
1379 3656 1453 3716 et
1493 3657 1755 3740 quanto
1807 3648 2030 3739 magis
2073 3645 2354 3719 videtur
2393 3648 2758 3720 imminere
2809 3648 3226 3738 necessitas,
3284 3655 3479 3718 tanto
3526 3644 3791 3716 virilius

965 3769 1260 3841 virtutes
1301 3770 1635 3863 gloriosas
1679 3770 1879 3841 vobis
1926 3771 2289 3863 acquirere
2344 3772 2753 3867 procuretis,
2804 3774 2907 3844 Ne
2962 3781 3193 3842 tamen
3242 3770 3341 3841 ob
3394 3766 3787 3861 hujusmodi

964 3893 1129 3966 licet
1160 3894 1505 3966 modicam
1551 3893 1769 3964 nostri
1818 3894 2219 3965 dilationem
2262 3895 2644 3984 adveutuS,
2682 3894 3098 3989 perversitas
3142 3894 3385 3965 insana
3426 3890 3786 3963 rebellium

966 4019 1040 4089 in
1088 4030 1398 4091 nostram
1444 4038 1526 4090 ac
1571 4020 1863 4090 aliorum
1911 4032 2308 4091 nostrorum
2362 4019 2674 4091 fidelium
2723 4021 2942 4114 possit
2992 4020 3353 4111 insurgere
3408 4017 3740 4088 lesionem
3762 4067 3783 4106 ,

966 4160 1130 4213 ecce
1185 4142 1277 4213 ad
1321 4150 1553 4236 partes
1597 4142 1763 4213 istas
1810 4143 2210 4214 Heinricum
2259 4144 2597 4215 illustrem
2632 4162 2873 4236 regem
2906 4142 3263 4233 Sardinie,
3296 4140 3473 4212 sacri
3516 4138 3786 4234 imperii

962 4264 1273 4355 legatum
1304 4265 1375 4334 in
1410 4262 1603 4336 Italia
1649 4268 2082 4358 generalem,
2121 4268 2455 4339 dilectum
2500 4265 2720 4337 filium
2760 4277 3111 4355 nostrum,
3147 4262 3537 4361 prepotenti
3578 4278 3790 4333 manu

964 4387 1264 4457 militum
1300 4388 1632 4458 duximus
1673 4390 2252 4484 premittendum,
2288 4389 2702 4462 mandantes
2740 4389 2973 4461 eidem
3019 4399 3099 4461 ut
3138 4389 3444 4460 intentus
3484 4384 3576 4457 ad
3619 4403 3785 4457 con·

1049 4631 1135 4711 (a)
1174 4626 1352 4694 necat
1372 4631 1600 4711 nunquia
1625 4631 1886 4697 votum
1913 4638 2005 4697 νει
2027 4636 2396 4716 hujumodi.
