4364 5738
522 577 725 638 lamet.
755 575 847 657 4.]
1421 574 1820 637 HISTORIA
1867 576 2468 641 ntptouaTch.
3233 576 3356 640 395

524 734 769 818 nuper
802 705 1306 789 transmiserit
1339 731 1481 814 pro
1520 706 1956 817 principum
1979 720 2057 792 et
2090 720 2543 820 magnatum
2580 709 2730 792 fide
2763 712 3348 819 corrumpenda,

525 840 673 948 ipsi
715 838 1054 950 legatum
1090 838 1446 922 eumdem
1498 838 1619 923 vel
1664 840 1975 923 nuntios
2028 839 2195 951 ejus
2244 853 2528 926 terram
2573 868 2794 925 suam
2844 842 3142 951 ingredi
3195 867 3362 926 non

524 971 991 1078 permittant.

688 1157 933 1234 (Inedit.
963 1173 1036 1218 ex
1071 1158 1201 1218 cod.
1234 1157 1390 1219 Bibl.
1418 1158 1615 1220 Coear.
1647 1159 1906 1222 vindob.
1930 1157 2246 1244 Pleiloloq„
2276 1171 2345 1221 η’
2380 1171 2523 1242 305,
2551 1161 2658 1223 fol.
2695 1171 2808 1223 154
2831 1163 3239 1241 recto-verso.)

620 1316 1050 1409 FredericuS,
1073 1328 1210 1389 etc.
1224 1369 1245 1407 ,
1267 1316 1538 1389 civibus
1564 1318 2031 1413 Spirensibus,
2052 1330 2188 1393 etc.
2207 1320 2280 1391 Si
2298 1341 2480 1416 papa
2506 1320 2635 1392 iste
2662 1320 2784 1415 qui
2804 1320 3049 1393 Christi
3066 1343 3141 1393 se
3155 1321 3345 1395 vica·

525 1439 704 1512 rium
728 1442 999 1530 asserit,
1019 1441 1219 1531 cujus
1239 1440 1508 1513 utinam
1526 1444 1706 1514 facta
1731 1444 1825 1514 ab
1859 1443 2107 1516 effectu
2138 1444 2440 1516 nominis
2467 1466 2609 1516 non
2639 1444 3065 1535 discordent,
3089 1445 3346 1519 doctri·

524 1584 690 1636 nam
707 1563 954 1636 Christi
975 1564 1096 1657 qui
1114 1564 1371 1635 dimitti
1393 1563 1827 1638 debitoribus
1854 1567 2091 1639 debita
2112 1590 2239 1640 sua
2258 1568 2466 1640 docet
2481 1565 2584 1665 (a)
2596 1622 2616 1658 ‚
2642 1570 2792 1660 ejus
2810 1570 3132 1663 exemplo
3149 1570 3260 1662 cuj
3266 1593 3349 1642 us

525 1687 751 1761 vicem
782 1687 964 1781 gerit
993 1686 1293 1760 fideliter
1325 1689 1775 1785 adimpleret,
1806 1690 1864 1762 si
1905 1712 2267 1763 successor
2304 1691 2489 1762 Petri
2528 1691 2623 1763 ad
2663 1690 3113 1763 imitationem
3156 1692 3342 1784 ejus,

525 1811 719 1905 quod
747 1812 966 1883 verbo
997 1812 1310 1908 predicat
1337 1813 1667 1907 operibus
1702 1825 2145 1906 sequeretur,
2187 1816 2499 1909 profecto
2525 1813 2658 1886 sibi
2703 1814 3049 1886 suffecisse
3081 1814 3347 1889 debue-

524 1945 633 2007 rat
668 1936 859 2028 quod
897 1957 1026 2009 nos
1059 1945 1160 2008 tot
1193 1946 1264 2007 et
1290 1937 1498 2007 tantis
1532 1936 1876 2009 immerito
1909 1937 2178 2030 injuriis
2215 1937 2561 2010 lacessivit
2584 1948 2665 2009 ut
2690 1939 2933 2011 saltem
2973 1949 3348 2032 quantum·

523 2081 823 2153 cumque
860 2081 1017 2132 sero
1050 2061 1435 2132 ferventem
1470 2060 1681 2131 animi
1715 2061 1823 2132 sui
1857 2071 2123 2133 motum
2155 2082 2197 2132 a
2233 2062 2488 2133 nostris
2527 2062 3044 2153 gravaminibus
3069 2062 3346 2155 mitiga-

521 2192 654 2272 ret,
687 2182 808 2277 qui
849 2181 1110 2254 nedum
1152 2183 1500 2254 illatarum
1546 2182 1747 2255 nobis
1782 2182 2192 2276 injuriarum
2232 2184 2591 2255 atrocitate
2627 2194 2699 2255 et
2730 2184 3173 2258 multitudine
3204 2206 3347 2258 non

522 2315 920 2396 contentus,
955 2327 1201 2378 verum
1230 2307 1438 2377 etiam
1467 2305 1559 2378 ad
1586 2308 1922 2399 majorem
1954 2308 2373 2380 offensarum
2402 2317 2797 2380 nostrarum
2820 2310 3175 2380 cumulum
3198 2309 3352 2382 Fer-

527 2451 881 2502 rarensem
910 2426 1008 2526 (b)
1039 2432 1338 2502 electum
1372 2431 1678 2521 legatum
1704 2453 1908 2502 suum
1941 2441 2184 2503 contra
2210 2453 2340 2504 nos
2365 2431 2439 2502 in
2460 2441 2693 2527 partes
2718 2432 3101 2504 Theutonie
3128 2454 3355 2529 nuper

526 2556 706 2628 sicut
729 2554 1203 2627 intelleximus
1225 2554 1633 2645 destinavit;
1661 2565 1744 2627 ut
1769 2556 1920 2648 ejus
1944 2555 2177 2628 studio
2204 2564 2278 2627 et
2301 2555 2703 2628 inductione
2730 2555 3133 2628 intemerata
3159 2557 3352 2653 prin-

530 2679 760 2775 cipum
793 2689 863 2751 et
885 2689 1289 2773 magnatum
1314 2689 1847 2773 ceterorumque
1874 2677 2187 2752 fidelium
2215 2689 2614 2752 nostrorum
2647 2676 2822 2751 fides
2855 2689 2925 2751 et
2957 2679 3355 2777 incorrupta

529 2805 810 2878 devotio
837 2812 1395 2899 corrumpantur.
1416 2803 1584 2876 Cum
1612 2802 1824 2896 igitur
1847 2803 2104 2898 iniquis
2134 2803 2574 2899 processibus
2611 2804 2771 2876 totis
2801 2803 2892 2876 sit
2919 2804 3123 2877 nobis
3152 2826 3358 2878 cona·

531 2929 715 3001 tibus
756 2927 1217 3000 resistendum
1235 2980 1256 3018 ‚
1293 2949 1383 2999 ne
1424 2927 1497 2997 in
1538 2927 1877 3000 divisione
1913 2926 2078 3000 fidei
2116 2926 2292 3000 fides
2326 2938 2724 3000 nostrorum
2755 2938 2995 3001 contra
3021 2949 3152 3001 nos
3182 2950 3354 3002 con-

528 3061 730 3145 cepta
770 3072 894 3122 sue
940 3051 1210 3122 malicie
1246 3051 1626 3123 invalescat
1656 3048 1840 3147 (sic),
1870 3050 2316 3125 devotionem
2352 3061 2655 3123 vestram
2697 3073 3060 3124 monemus
3090 3060 3354 3125 attente

527 3174 856 3269 quatinus
891 3173 1207 3265 ejusdem
1252 3174 1462 3266 legati
1504 3176 1941 3269 processibus
1977 3197 2071 3248 ex
2101 3174 2241 3248 fide
2274 3175 2477 3249 nobis
2518 3184 2591 3247 et
2632 3175 2922 3271 imperio
2963 3175 3198 3248 debita
3227 3196 3356 3248 vos

531 3305 929 3369 constanter
961 3306 1033 3367 et
1059 3296 1351 3368 feliciter
1376 3297 1836 3393 obponentes»,
1872 3299 2101 3395 ipsum
2131 3300 2246 3371 vel
2279 3300 2548 3393 aliquos
2583 3298 2876 3371 nuncios
2908 3321 3071 3371 suos
3101 3309 3355 3371 terram

530 3431 835 3493 vestram
854 3420 1125 3513 ingredi
1143 3421 1257 3492 vel
1277 3420 1539 3513 aliquid
1558 3421 1745 3517 apud
1764 3443 1889 3494 vos
1910 3424 2023 3495 vel
2038 3432 2309 3495 vestros
2334 3423 2404 3492 in
2426 3433 2743 3494 nostrum
2769 3431 3181 3516 attemptare
3209 3421 3353 3494 dis-

531 3545 867 3640 pendium
893 3565 1035 3615 non
1063 3544 1498 3640 permittatiS,
1522 3544 1759 3639 sicque
1791 3557 2080 3617 conatus
2110 3547 2428 3637 ejusdem
2455 3546 2663 3638 legati
2694 3544 2990 3617 fideliter
3020 3546 3353 3618 studeatis

531 3670 792 3743 elidere
833 3668 1024 3762 quod
1060 3666 1225 3740 fidei
1258 3678 1487 3740 vestre
1522 3690 1651 3741 vos
1681 3690 1916 3742 coram
1948 3669 2147 3744 nobis
2192 3670 2579 3742 testimonio
2620 3668 3186 3760 commendante,
3224 3669 3350 3742 de·-

532 3795 821 3866 beamus
850 3794 1050 3865 vobis
1079 3815 1208 3888 pro
1238 3793 1571 3886 qualitate
1598 3793 2003 3865 meritorum
2037 3803 2179 3865 tam
2211 3792 2534 3866 munifice
2567 3815 2776 3886 quam
2808 3790 3174 3884 magnifice
3201 3813 3350 3864 res-

534 3917 869 4013 pondere.
1576 3907 1588 3919 ’

637 4287 893 4371 Mense
963 4287 1271 4391 marcii,
1340 4286 1763 4370 Pandulfus
1813 4288 1911 4370 de
1980 4286 2378 4370 Fasanella
2399 4348 2424 4391 ,
2500 4285 2825 4371 lacobus
2883 4287 2980 4371 de
3050 4287 3298 4371 Morra
3321 4349 3346 4392 ‚

536 4417 916 4501 Tebaldus
949 4419 1393 4502 Franciscus
1436 4431 1512 4503 et
1552 4419 1683 4501 alii
1717 4418 2094 4530 principes
2138 4419 2236 4502 de
2286 4442 2525 4528 regno
2573 4418 2710 4529 qui
2763 4420 2861 4502 ad
2915 4419 3354 4531 instigatio-

616 4574 701 4656 (α)
744 4577 818 4639 In
843 4578 1044 4640 codiee
1069 4577 1186 4641 det.

619 4682 701 4764 (b)
746 4684 819 4745 In
847 4685 1046 4747 codice
1071 4687 1449 4749 Fet-rancum.

3476 4298 3702 4350 [Marum]
