4364 5738
585 578 786 637 lamet.
819 574 911 653 3.]
1478 571 1873 633 HISTORIA
1921 567 2514 630 DIPLOMATICA.
3285 564 3406 627 339

582 706 1102 817 pactionibus»,
1165 704 1829 812 conventionibus,
1899 699 2392 784 sacramentis
2448 709 2523 782 et
2585 699 3067 782 societatibus
3122 696 3404 807 quibus

585 863 769 948 erga
840 837 1132 946 aliquos
1205 834 1501 918 nobiles
1525 897 1549 943 ,
1626 835 1958 919 civitates
2021 832 2139 916 vel
2213 831 2564 914 ecclesias
2625 830 2787 912 sine
2826 856 2986 927 'suo
3041 832 3402 914 mandato

585 967 1066 1050 tenebantur.

744 1180 952 1253 (Edld.
984 1180 1045 1240 J.
1079 1180 1394 1257 Donum,
1425 1180 1634 1260 Saqqu'o
1667 1174 1819 1238 delIa
1852 1174 1980 1259 leqa
2006 1173 2364 1252 munburdo,
2393 1195 2453 1255 p.
2493 1185 2629 1255 148,
2659 1192 2755 1253 ap.
2786 1175 3022 1235 Memor.
3058 1172 3194 1235 dell'
3218 1176 3405 1237 Aeca-

820 1284 971 1346 dem.
1020 1283 1085 1345 di
1130 1285 1373 1363 Terina,
1406 1293 1456 1346 t.
1501 1286 1631 1346 XL.
1676 1316 1757 1330 —
1792 1285 2101 1345 Memorat.
2145 1301 2240 1361 ap.
2286 1283 2612 1354 Cmmm,
2661 1283 2819 1343 Scor.
2868 1279 2934 1341 di
2976 1280 3199 1358 Chicri,
3231 1290 3271 1344 t.
3306 1284 3398 1362 ΙΙ,

819 1408 882 1469 p.
919 1399 1058 1467 105,
1090 1407 1166 1451 ex
1191 1391 1463 1469 originali
1488 1393 1553 1450 ln
1578 1391 1817 1451 archivo
1844 1390 2010 1451 urbis
2036 1387 2349 1468 ejusdem.)

679 1574 1102 1664 Fridericus‚
1138 1575 1263 1645 Dei
1308 1575 1527 1666 gratia
1571 1576 2036 1646 Romanorum
2070 1574 2444 1668 imperator
2488 1594 2764 1667 semper
2799 1582 3169 1663 augustus,
3204 1574 3401 1645 Jeru-

583 1698 798 1768 salem
831 1706 903 1768 et
931 1697 1161 1768 Sicilie
1184 1718 1340 1769 rex.
1363 1698 1707 1792 Imperiali
1727 1696 2117 1769 celsitudini
2141 1697 2324 1769 cedit
2350 1696 2439 1767 ad
2467 1696 2757 1787 gloriam
2784 1695 3091 1769 fidelium
3117 1718 3401 1769 suorum

585 1819 795 1892 fidem
819 1820 1031 1913 digno
1054 1822 1288 1893 favore
1319 1822 1661 1916 respicere
1687 1831 1756 1893 et
1778 1821 2315 1916 supplicationes
2341 1842 2581 1891 eorum
2610 1822 2870 1892 nedum
2888 1821 3254 1911 justitiam,
3276 1822 3402 1893 sed

581 1943 884 2034 gratiosa
916 1945 1300 2039 petentium
1333 1941 1436 2039 (a)
1465 1944 1934 2016 favorabiliter
1965 1944 2324 2015 exaudire.
2362 1945 2489 2013 Per
2520 1965 2804 2037 presens
2831 1944 3040 2035 igitur
3070 1945 3398 2038 scriptum

585 2075 827 2139 notum
875 2065 1027 2139 fieri
1070 2068 1393 2139 volumus
1442 2067 1785 2138 universis
1828 2067 2100 2160 imperii
2141 2066 2463 2137 fidelibus
2510 2077 2650 2136 tam
2704 2066 3141 2159 presentibus
3190 2088 3401 2159 quam

583 2190 831 2260 futuris
861 2191 1053 2282 quod
1082 2190 1497 2262 universitas
1525 2190 1701 2262 Carii
1730 2188 1973 2261 fideles
1993 2189 2212 2262 nostri
2235 2189 2577 2279 majestati
2607 2198 2842 2261 nostre
2870 2189 3222 2261 humiliter
3242 2213 3405 2286 sup-

584 2314 930 2407 plicarunt
958 2323 1040 2384 ut
1075 2335 1195 2385 eos
1226 2314 1315 2384 ab
1349 2314 1673 2385 omnibus
1703 2313 2250 2401 conditionibuS,
2290 2312 2759 2407 pactionibuS,
2786 2313 3395 2406 conventionibuS,

573 2436 1171 2528 jurisdictionibus
1190 2491 1209 2527 ,
1248 2437 1694 2509 sacramentis
1731 2446 1801 2508 et
1836 2437 2281 2508 societatibus
2311 2436 2564 2528 quibus
2594 2436 2941 2528 aliquibus
2967 2437 3395 2528 civitatibus,

583 2560 848 2651 burgiS,
879 2561 1087 2650 villis,
1120 2561 1388 2652 castriS,
1426 2561 1967 2650 marchionibuS,
1993 2560 2387 2648 comitibuS,
2418 2559 2822 2648 baronibuS,
2849 2560 3183 2652 collegiis,
3209 2562 3398 2654 capi·

584 2685 773 2772 tulis,
808 2685 1116 2756 ecclesiis
1148 2694 1219 2755 et
1247 2684 1813 2756 universitatibus
1845 2706 1968 2755 seu
2002 2684 2213 2754 etiam
2247 2684 2795 2777 quibuscumque
2833 2684 3145 2777 personis
3178 2685 3399 2756 eccle·

584 2807 873 2881 siasticis
892 2809 1006 2881 vel
1031 2808 1401 2882 mundanis
1425 2831 1648 2902 usque
1675 2808 1884 2881 modo
1916 2807 2161 2880 eadem
2188 2806 2600 2879 universitas
2630 2807 3019 2899 tenebatur,
3038 2808 3399 2881 absolvere

583 2932 671 3003 de
701 2942 938 3006 nostra
954 2934 1174 3025 gratia
1203 2933 1676 3026 dignaremur,
1706 2942 1775 3003 et
1793 2933 1982 3025 quod
2010 2932 2467 3002 instrumenta
2493 2931 2606 3002 vel
2636 2931 2889 3024 scripta
2907 2932 2963 3001 si
2983 2953 3123 3025 qua
3141 2932 3398 3004 exinde

586 3056 765 3126 facta
797 3057 1082 3146 fuerint,
1107 3057 1359 3129 amodo
1387 3079 1581 3129 cassa
1613 3066 1683 3128 et
1715 3056 1945 3128 inania
1977 3065 2379 3149 reputantes
2406 3052 2525 3150 (b).
2551 3056 2719 3125 Cum
2753 3054 2989 3147 itaque
3021 3056 3212 3127 locus
3242 3079 3400 3150 pre-

587 3177 811 3249 dictus
837 3179 928 3249 sit
957 3189 1191 3251 nostra
1224 3189 1294 3250 et
1324 3180 1595 3275 imperii
1627 3201 1899 3251 camera
1931 3179 2248 3273 specialis
2274 3199 2404 3248 nec
2430 3177 2578 3248 sine
2608 3187 2842 3249 nostra
2872 3201 2995 3250 seu
3026 3181 3397 3273 predeces-

587 3320 822 3372 sorum
871 3311 1264 3373 nostrorum
1310 3303 1590 3396 speciali
1637 3302 2057 3374 conscientia
2101 3323 2226 3373 seu
2271 3300 2600 3372 mandato
2642 3303 2945 3395 potuerit
2987 3303 3398 3377 universitas
3517 3349 3540 3362 ·-

586 3424 831 3494 eadem
867 3424 1073 3495 alicui
1103 3425 1216 3495 vel
1247 3426 1592 3518 aliquibus
1632 3426 1921 3517 obligari
1952 3427 2062 3497 vel
2095 3425 2329 3517 aliquo
2357 3426 2515 3516 jure
2551 3425 2805 3513 teneri,
2841 3447 2970 3497 nos
3009 3427 3398 3499 devotionis

586 3555 657 3618 et
687 3546 850 3619 fidei
896 3569 1139 3619 eorum
1176 3549 1425 3619 intuitu
1475 3570 1687 3642 quam
1727 3549 1817 3620 ad
1863 3570 2231 3644 personam
2269 3559 2579 3620 nostram
2617 3557 2688 3619 et
2721 3569 2992 3619 sacrum
3030 3551 3394 3645 imperium

585 3668 869 3759 habent,
899 3672 1340 3743 attendentes
1365 3670 1458 3769 (c)
1487 3694 1766 3765 quoque
1799 3683 1993 3763 grata
2028 3672 2193 3743 satis
2230 3681 2301 3744 et
2326 3682 2610 3766 accepta
2643 3671 3074 3764 servitiaque
3102 3674 3303 3745 nobis
3328 3685 3397 3746 et

584 3793 876 3887 imperio
918 3793 1385 3866 exhibuerunt
1421 3795 1756 3900 hactenus
1801 3804 1871 3866 et
1912 3794 2339 3867 exhibituros
2384 3817 2504 3866 eos
2544 3794 2888 3866 credimus
2929 3795 3001 3863 in
3047 3796 3389 3886 futurum,

586 3919 1201 4012 supplicationibus
1237 3919 1380 3991 suis
1415 3919 1809 4009 benigniter
1840 3918 2189 4011 inclinati,
2225 3919 2413 4013 ipsos
2445 3940 2688 3990 omnes
2723 3939 2766 3987 a
2799 3916 3125 4011 predictis
3157 3919 3395 3990 condi-

587 4039 886 4113 tionibus
932 4052 1004 4113 et
1046 4043 1199 4115 aliis
1243 4043 1561 4138 superius
1608 4042 1980 4113 nominatis
2019 4041 2109 4114 de
2153 4041 2527 4135 imperialis
2567 4039 3017 4135 plenitudinis
3056 4049 3395 4133 potestate

583 4175 920 4258 perpetuo
977 4165 1305 4237 duximus
1365 4165 1828 4238 absolvendos
1889 4166 2043 4257 lege
2096 4164 2328 4258 aliqua
2385 4184 2530 4234 non
2583 4164 2928 4233 obstante.
2985 4145 3395 4265 Mandamus

584 4284 793 4375 igitur
821 4298 892 4359 et
921 4289 1259 4384 imperiali
1283 4290 1628 4361 sancimus
1651 4288 1879 4360 edicto
1907 4297 2248 4387 quatenus
2281 4286 2514 4358 nullus
2541 4285 2875 4376 marchio,
2897 4288 3131 4361 nullus
3163 4311 3398 4362 comes

671 4434 754 4515 (a)
791 4435 984 4499 Locum
1010 4441 1255 4501 mutilus
1281 4443 1405 4501 sive
1431 4440 1583 4500 male
1606 4440 2017 4514 transcrIptus.

670 4537 751 4618 (b)
794 4541 892 4602 Sic
928 4560 944 4603 :
978 4547 1366 4607 verisimiliter
1388 4551 1755 4625 reputentur.

648 4644 744 4724 ·(⁶)
789 4646 863 4707 11¹
887 4650 1169 4726 impresso
1192 4650 1546 4731 accedentes,
1577 4651 1752 4712 male.
