4364 5738
987 590 1109 652 480
1985 587 2415 648 munnam!
2465 587 2811 648 snctmnl
3426 589 3589 671 [Anu.
3625 588 3804 650 1246.

989 726 1459 814 abstinerent,
1514 722 1968 820 procedentes
2018 722 2091 792 in
2132 722 2248 794 via
2293 723 2568 795 Domini
2610 733 2682 794 et
2723 722 2814 795 de
2855 723 3410 818 peregrinatione
3458 725 3599 796 vite
3645 746 3807 820 pre·

989 849 1208 920 sentis
1253 847 1346 920 ad
1384 849 1710 919 celestem
1766 847 2058 943 patriam
2104 846 2527 942 aspirantes,
2568 848 2863 920 salutem
2909 847 3233 919 omnibus
3277 858 3686 940 quererent,
3731 857 3813 920 ut

989 971 1161 1042 nihil
1195 981 1393 1042 extra
1435 971 1861 1066 propositum
1900 980 2224 1062 agerent,
2263 970 2612 1042 neminem
2648 972 3054 1041 salutarent.
3105 969 3308 1042 Nunc
3351 981 3585 1043 autem
3618 972 3813 1065 quod

989 1097 1306 1170 dolentes
1355 1097 1751 1188 referimus,
1804 1118 1878 1168 se
1929 1096 2133 1167 nimis
2185 1096 2570 1169 informiter
2624 1096 2917 1190 negotiis
2971 1097 3398 1168 secularibus
3455 1098 3811 1194 implicant

989 1222 1149 1293 facti
1194 1243 1320 1292 sue
1379 1219 1821 1317 professionis
1869 1220 2310 1291 immemores
2328 1273 2347 1308 ,
2388 1230 2457 1292 et
2510 1220 2769 1291 salubri
2823 1220 3176 1315 proposito
3230 1219 3692 1309 declinanteS,
3729 1230 3809 1292 ut

988 1345 1442 1441 conspectiori
1488 1345 1693 1439 culpa
1745 1366 1819 1414 se
1883 1343 2276 1438 publicent,
2331 1344 2754 1438 privatorum
2807 1353 2879 1414 et
2922 1344 3181 1414 levium
3242 1364 3379 1415 non
3431 1354 3594 1415 sunt
3635 1365 3806 1416 con-

993 1470 1161 1541 tenti
1213 1467 1544 1561 negotiiS,
1593 1466 1719 1539 sed
1766 1488 2010 1558 regum
2057 1467 2247 1538 orbis
2296 1478 2366 1538 et
2413 1467 2801 1562 principum
2851 1467 3411 1539 contentionibus
3456 1490 3531 1540 se
3579 1468 3803 1540 invol-

987 1604 1201 1680 vunt,
1247 1591 1731 1663 excusationes
1771 1591 2133 1661 inveniunt
2177 1590 2250 1661 in
2309 1591 2608 1685 peccatis
2653 1591 2773 1683 qui
2818 1591 3165 1662 interdum
3214 1591 3646 1687 superiorum
3694 1593 3803 1662 in-

991 1716 1180 1788 ducti
1201 1715 1694 1786 monitionibus
1711 1725 1781 1785 et
1799 1713 2226 1806 jussionibus
2250 1714 2578 1786 coarctati
2603 1712 2950 1810 prohibita
2981 1714 3267 1804 faciunt,
3290 1725 3360 1786 et
3387 1715 3801 1804 libertatem,

988 1861 1198 1933 quam
1251 1838 1418 1934 ipsis
1474 1838 1747 1909 celestis
1788 1838 1930 1908 vite
1987 1838 2482 1932 contemplatio
2542 1839 2847 1934 peperit,
2903 1838 3194 1910 seculari
3240 1838 3618 1930 subjiciunt
3659 1860 3805 1910 ser-

988 1963 1217 2035 vituti.
1258 1962 1370 2034 Ad
1416 1961 1608 2055 quod
1658 1960 2066 2048 dicendum,
2121 1970 2202 2031 ut
2240 1960 2425 2032 illius
2477 1961 2727 2032 summi
2780 1961 3034 2052 judicis
3084 1961 3550 2033 testimonium
3604 1961 3801 2033 invo··-

990 2105 1226 2156 cemus
1251 2139 1271 2175 ,
1334 2086 1446 2156 cui
1498 2093 1662 2157 nota
1715 2093 1879 2155 sunt
1935 2083 2169 2154 omnia
2228 2093 2298 2154 et
2357 2104 2567 2176 quem
2626 2084 3203 2156 conscientiarum
3271 2084 3478 2155 etiam
3536 2086 3805 2156 occulta

989 2229 1130 2280 non
1189 2212 1447 2297 latent,
1501 2209 1691 2279 nulla
1747 2227 1876 2278 nos
1944 2207 2223 2302 propria
2298 2217 2533 2278 movet
2590 2207 2889 2296 utilitas,
2957 2209 3147 2278 nulla
3211 2229 3337 2279 nos
3400 2208 3803 2300 injuriarum

989 2334 1259 2405 occasio
1307 2331 1617 2428 impulit,
1674 2330 1928 2423 quibus
1968 2351 2209 2400 sumus
2252 2329 2344 2400 ab
2397 2329 2778 2436 eisqcontra
2824 2332 3044 2401 Deum
3092 2342 3162 2402 et
3197 2330 3534 2423 justitiam
3584 2332 3800 2403 laces·

988 2456 1138 2545 siti,
1191 2456 1317 2527 sed
1377 2476 1552 2550 pura
1610 2453 1888 2525 dilectio
1944 2474 2155 2546 quam
2215 2451 2548 2526 babemus
2605 2452 2697 2524 ad
2764 2452 3120 2542 ordinem,
3183 2464 3252 2525 et
3306 2476 3604 2526 comune
3661 2455 3800 2528 dis·

988 2580 1320 2674 pendium
1366 2578 1557 2672 quod
1616 2599 1711 2648 ex
1766 2575 2029 2647 ordinis
2072 2576 2284 2665 vestri
2335 2577 2534 2670 lapsu
2580 2575 2951 2648 christiana
2997 2577 3330 2672 professio
3382 2587 3484 2650 tot
3536 2589 3607 2649 et
3651 2587 3801 2649 tan·

993 2713 1219 2773 torum
1267 2702 1800 2771 intercessorum
1848 2697 2207 2769 debilitata
2233 2696 2599 2788 suffragiis
2639 2697 2886 2769 merito
2933 2698 3379 2793 pertimescit.
3423 2697 3635 2790 Angit
3676 2719 3803 2769 nos

989 2825 1478 2897 nichilominus
1521 2823 1772 2894 acriter
1815 2821 2007 2915 quod
2035 2821 2282 2893 fratres
2313 2821 2578 2893 ordinis
2609 2820 2824 2924 vestri
2856 2841 2985 2893 nos
3020 2830 3091 2893 et
3126 2843 3398 2894 sacrum
3438 2821 3800 2917 imperium

988 2947 1247 3039 ubique
1284 2968 1411 3041 per
1459 2947 1700 3018 orbem
1735 2956 1977 3016 contra
2007 2945 2231 3015 Deum
2263 2955 2335 3015 et
2362 2944 2703 3036 justitiam
2736 2957 3215 3039 persecuntur,
3253 2945 3422 3016 dum
3448 2945 3612 3016 facti
3642 2953 3804 3016 sunt

989 3080 1231 3141 contra
1275 3091 1403 3140 nos
1448 3067 2007 3139 disseminatores
2052 3067 2344 3156 zizanie,
2395 3066 2678 3161 perjurii
2715 3088 3069 3155 suasoreS,
3110 3068 3416 3161 dumque
3461 3067 3593 3139 sub
3640 3069 3799 3139 reli-

989 3192 1215 3284 gionis
1273 3190 1514 3261 habitu
1564 3212 1720 3261 cum
1784 3199 2072 3284 possunt
2123 3189 2433 3284 undique
2487 3210 2729 3261 secure
2785 3190 3172 3261 discurrere
3227 3200 3298 3261 et
3344 3191 3477 3261 sub
3529 3201 3801 3286 sperate

991 3314 1246 3386 fiducia
1292 3311 1672 3385 sanctitatis
1720 3313 1887 3383 dum
1933 3312 2314 3407 simplicem
2361 3314 2696 3408 populum
2739 3313 2857 3404 qui
2908 3312 3037 3384 sibi
3078 3312 3352 3401 credat,
3401 3312 3793 3401 inveniunt,

988 3449 1232 3510 contra
1268 3459 1393 3509 nos
1421 3447 1492 3508 et
1518 3436 1786 3532 imperii
1815 3436 2026 3508 nostri
2049 3436 2388 3528 justitiam
2420 3436 2719 3530 pessima
2752 3436 3155 3507 moliuntur.
3192 3437 3333 3507 Hec
3365 3435 3457 3506 ad
3486 3437 3798 3509 notitiam

987 3573 1325 3649 vestram,
1367 3561 1646 3651 fratreS,
1688 3581 1930 3631 secure
1968 3559 2413 3648 deducimus,
2461 3559 2582 3651 qui
2609 3561 2727 3651 jus
2765 3560 2835 3629 in
2879 3560 3131 3631 talibus
3167 3560 3558 3631 inordinate
3589 3561 3798 3631 relin-

987 3685 1362 3779 quentibus
1392 3684 1707 3756 ordinem
1743 3683 1974 3755 dicere
2012 3692 2445 3777 poteramuS,
2477 3681 2566 3753 de
2600 3692 2836 3753 vestra
2876 3682 3490 3777 circumspectione
3528 3682 3792 3774 confisi,

985 3819 1066 3880 ut
1114 3809 1214 3880 sic
1254 3808 1325 3878 in
1363 3816 1717 3904 posterum
1758 3805 1917 3876 talia
1958 3804 2352 3897 corrigatis,
2395 3804 2585 3898 quod
2630 3804 2731 3875 eis
2775 3805 3093 3900 opposito
3135 3806 3403 3876 cautele
3453 3806 3789 3896 remedio,

986 3932 1246 4004 nedum
1287 3932 1516 4002 futura
1562 3950 1893 4022 cogamur
1934 3928 2173 3999 timere
2222 3924 2622 4022 dispendia,
2664 3929 2787 3999 sed
2830 3928 3315 4022 preteritorum
3350 3930 3545 4001 obliti
3590 3930 3793 4002 affec·

990 4055 1198 4127 tionis
1232 4051 1329 4150 (a)
1371 4054 1599 4124 zelum
1630 4073 1840 4144 quem
1874 4050 2212 4122 habemus
2242 4050 2333 4121 ad
2369 4051 2613 4122 fratres
2647 4071 2824 4144 quos
2865 4073 3006 4123 non
3044 4063 3522 4147 persecutores
3569 4064 3795 4125 nostre

978 4176 1279 4267 justitie,
1334 4175 1460 4247 sed
1502 4185 1815 4247 oratores
1865 4184 2137 4245 nostros
2184 4172 2277 4245 ad
2320 4173 2690 4245 Dominum
2741 4172 2995 4245 devota
3037 4185 3269 4245 mente
3318 4174 3789 4270 deposcimus,

988 4320 1391 4392 augeamus.

1068 4542 1156 4625 (a)
1191 4542 1263 4604 ln
1289 4544 1486 4605 codice
1499 4511 1921 4643 ‘affectioni-bus.
