4364 5738
994 606 1119 670 486
1992 609 2420 673 FRIDERICI
2470 609 2819 672 suenum
3433 608 3595 693 [Asta.
3634 608 3809 672 1247.

994 743 1302 840 ipsorum
1333 763 1604 816 necnon
1636 741 1935 815 barones
1962 755 2034 816 et
2056 744 2376 818 dominos
2404 757 2744 819 terrarum
2774 766 2859 817 ac
2883 745 3056 817 alios
3082 745 3379 836 nobileS,
3409 755 3812 839 potestates,

997 868 1318 940 consules
1338 919 1357 955 ,
1417 877 1724 938 rectores
1773 877 1845 938 et
1896 867 2326 941 consiliarios
2389 869 2699 941 locorum
2753 868 2874 940 ubi
2927 868 3324 961 hujusmodi
3387 878 3646 941 statuta
3701 871 3816 942 vel

999 989 1538 1064 consuetudines
1570 989 1756 1062 edita
1795 991 2054 1064 fuerint
2083 993 2197 1063 vel
2232 1002 2532 1083 servata,
2568 1013 2840 1064 necnon
2870 1001 2942 1064 et
2971 992 3126 1064 illos
3160 992 3283 1085 qui
3310 994 3695 1065 secundum
3734 1013 3816 1065 ea

998 1113 1547 1210 presumpserint
1576 1113 1894 1206 judicare
1932 1115 2047 1185 vel
2089 1114 2162 1185 in
2200 1116 2548 1209 publicam
2581 1118 2874 1187 formam
2918 1115 3220 1188 scribere
3263 1116 3600 1208 judicata.
3644 1118 3815 1190 Item

998 1238 1289 1310 nuncies
1322 1247 1395 1308 et
1429 1238 1746 1310 nunciari
1788 1238 1998 1309 facias
2035 1239 2346 1333 predicta
2379 1248 2635 1311 statuta
2673 1239 2933 1310 nullius
2962 1259 3113 1311 esse
3143 1241 3477 1311 momenti
3522 1251 3595 1312 et
3619 1242 3815 1334 jura·

997 1373 1235 1435 menta
1279 1383 1490 1455 super
1537 1362 1638 1433 eis
1691 1361 2146 1433 observandis
2191 1362 2478 1458 prestita
2529 1383 2811 1458 prorsus
2856 1363 3129 1452 illicita,
3180 1372 3252 1434 et
3294 1362 3455 1436 ideo
3499 1364 3652 1436 illos
3696 1363 3818 1458 qui

999 1486 1451 1583 prestiterunt
1498 1485 1591 1557 ad
1642 1485 2209 1560 observacionem
2256 1486 2633 1578 juramenti
2690 1485 3089 1579 hujusmodi
3141 1508 3284 1559 non
3341 1487 3584 1560 teneri.
3645 1488 3817 1560 Item

1000 1609 1562 1684 excommunices
1592 1631 1836 1681 omnes
1869 1608 2025 1682 illos
2051 1610 2172 1702 qui
2205 1610 2606 1682 societatem
2642 1611 3138 1703 conjurationis
3169 1611 3569 1704 hujusmodi
3602 1613 3817 1684 intra·

997 1744 1254 1808 verunt
1280 1735 1395 1805 vel
1426 1732 1808 1823 intrabunt,
1846 1742 1968 1803 aut
2000 1744 2550 1828 procuraverunt
2587 1735 2700 1805 vel
2730 1735 3203 1829 procurabunt
3225 1735 3521 1807 aliorum
3554 1735 3819 1829 ingres·

1002 1881 1156 1933 sum
1179 1913 1199 1950 ,
1254 1858 1389 1930 nisi
1426 1857 1703 1953 penitus
1743 1856 2173 1953 resipiscant.
2214 1858 2386 1928 Item
2432 1859 2993 1930 excommunices
3034 1878 3279 1930 omnes
3324 1858 3478 1930 illos
3527 1858 3649 1952 qui
3694 1879 3820 1954 pro

1000 1982 1400 2077 hujusmodi
1431 1982 1705 2054 statutis
1747 1980 2108 2053 servandis
2136 1981 2588 2053 centesimam
2632 1981 3030 2054 reddituum
3063 2003 3347 2054 suorum
3397 1983 3671 2054 solvent
3708 1981 3821 2055 vel

1000 2110 1330 2201 colligent
1368 2116 1490 2179 aut
1525 2105 1865 2201 recipient
1898 2126 2024 2200 per
2063 2127 2137 2177 se
2172 2106 2287 2177 vel
2319 2105 2530 2177 alium
2570 2127 2695 2177 seu
2722 2105 2815 2178 ad
2845 2106 3259 2178 solvendum
3286 2104 3619 2178 inducent
3649 2106 3821 2200 alios

1000 2234 1112 2307 vel
1159 2233 1581 2327 compellent
1615 2231 1732 2301 vel
1772 2229 1865 2302 ad
1907 2229 1980 2300 id
2025 2228 2375 2301 dederunt
2414 2230 2524 2300 vel
2568 2227 2835 2300 dabunt
2884 2229 3283 2317 consilium,
3327 2229 3667 2301 auxilium
3706 2229 3815 2301 vel

995 2359 1357 2452 juvamen.
1409 2358 1580 2427 Item
1627 2352 2188 2426 excommunices
2237 2373 2479 2424 omnes
2522 2352 2677 2424 illos
2728 2352 2850 2444 qui
2901 2353 3261 2424 occasione
3318 2352 3822 2445 conjuracionis

1001 2480 1404 2576 hujusmodi
1437 2481 1738 2575 prelatos
1765 2477 2148 2572 impedient
2174 2477 2276 2548 uti
2302 2475 2780 2568 jurisdictione
2818 2476 3281 2549 eoelesiastica
3314 2477 3387 2547 in
3424 2477 3696 2549 casibus
3730 2477 3820 2549 de

1004 2608 1257 2701 quibus
1304 2605 1404 2677 eis
1454 2602 1786 2698 competit
1825 2600 1913 2673 de
1949 2601 2106 2692 jure
2150 2601 2267 2672 vel
2311 2600 2813 2672 consuetudine
2860 2602 3271 2696 approbata.
3321 2602 3493 2672 Item
3540 2621 3819 2674 excom·

1001 2731 1317 2803 munices
1352 2750 1595 2801 omnes
1634 2727 1790 2797 illos
1826 2723 1948 2818 qui
1978 2724 2397 2819 impedient,
2435 2724 2814 2795 turbabunt
2848 2745 2973 2795 seu
3009 2725 3478 2796 molestabunt
3509 2733 3815 2816 agentes,

1001 2837 1538 2950 respondenteS,
1577 2850 2014 2939 assistenteS,
2059 2847 2571 2944 patrocinantes
2607 2849 2717 2920 vel
2747 2847 3145 2941 judicantes
3174 2848 3245 2920 in
3280 2849 3429 2922 foro
3463 2848 3821 2921 ecclesias·

1007 2980 1144 3051 tico
1177 2980 1248 3049 in
1281 2978 1556 3049 casibus
1587 2974 2026 3069 supradictis,
2063 2993 2338 3043 necnon
2371 2982 2443 3043 et
2469 2973 2624 3044 illos
2659 2972 2779 3065 qui
2812 2994 3054 3044 eorum
3086 2973 3513 3068 propinquos
3554 2973 3626 3043 in
3662 2993 3819 3066 per·

1008 3101 1198 3175 sonis
1240 3101 1352 3171 vel
1395 3100 1603 3170 rebus
1640 3105 2042 3191 presument
2081 3095 2444 3167 occasione
2485 3095 2885 3187 hujusmodi
2930 3098 3301 3168 molestare
3325 3149 3346 3187 ,
3393 3095 3818 3168 nonobstan-

1009 3225 1195 3296 tibus
1244 3220 1592 3313 aliquibus
1641 3216 2089 3309 indulgentiis
2143 3238 2268 3288 seu
2330 3218 2707 3312 privilegiis
2754 3218 3310 3312 quibuscumque
3370 3218 3685 3312 personis
3732 3216 3821 3289 ab

1007 3344 1407 3443 Apostolica
1443 3342 1622 3415 Sede
1659 3341 2005 3413 concessis
2043 3350 2125 3412 ut
2154 3341 2226 3411 in
2269 3362 2389 3413 eos
2419 3342 2533 3413 vel
2569 3363 2809 3414 eorum
2843 3352 3062 3413 terras
3093 3339 3824 3414 excommunicationis

1008 3482 1080 3546 et
1112 3469 1458 3542 interdicti
1488 3466 1831 3539 sententie
1873 3464 2033 3535 ferri
2069 3486 2211 3537 non
2248 3466 2530 3536 valeant
2560 3464 2824 3558 absque
2862 3464 3076 3559 ipsius
3115 3464 3313 3538 Sedis
3352 3465 3629 3536 licentia
3662 3486 3820 3561 spe·

1006 3595 1192 3668 ciali.
1250 3592 1453 3679 Quod
1500 3590 1557 3662 si
1609 3590 1843 3661 forsan
1890 3587 2154 3658 inventi
2202 3587 2460 3658 fuerint
2507 3587 2722 3679 aliqui
2770 3588 3202 3681 pertinaces,
3252 3589 3576 3661 noverint
3635 3584 3823 3680 quod

1006 3719 1193 3792 omni
1246 3714 1605 3812 privilegio
1649 3712 1742 3783 ab
1775 3711 2171 3805 Apostolica
2222 3709 2401 3782 Sede
2451 3712 2738 3783 obtento
2766 3720 2838 3781 et
2881 3711 3101 3784 feodis
3150 3711 3208 3782 si
3253 3732 3394 3804 qua
3442 3721 3684 3783 tenent
3733 3711 3823 3784 ab

1004 3841 1314 3916 ecclesiis
1344 3838 1833 3934 privabuntur,
1869 3855 2249 3926 eorumque
2287 3834 2519 3928 proles
2553 3834 2647 3905 ad
2683 3834 3085 3905 clericatum
3129 3834 3243 3905 vel
3286 3834 3822 3906 ecclesiasticum

1003 3964 1422 4040 beneficium
1463 3983 1582 4034 seu
1636 3958 2041 4051 dignitatem
2090 3957 2371 4028 minime
2416 3967 2831 4029 assumetur.
2881 3956 3122 4029 Clerici
3164 3978 3446 4051 quoque
3491 3957 3614 4051 qui
3664 3979 3822 4030 cum

1006 4089 1335 4188 predictis
1362 4093 1808 4183 permanent,
1843 4082 1977 4154 nisi
2005 4079 2458 4153 incontinenti
2490 4091 2647 4175 post
2679 4079 3098 4176 publicatam
3140 4079 3589 4151 monitionem
3635 4090 3823 4153 tuam

1005 4216 1098 4288 ab
1129 4234 1372 4286 eorum
1401 4209 1731 4282 recedant
1758 4204 2092 4297 obsequio
2129 4214 2201 4275 et
2227 4203 2515 4275 consilio
2531 4255 2552 4293 ,
2588 4204 2910 4276 omnibus
2954 4204 3433 4277 ecclesiasticis
3471 4202 3823 4277 beneficiis

1005 4348 1077 4411 et
1105 4336 1314 4408 etiam
1345 4332 1709 4404 clericatus
1736 4328 2098 4426 privilegio
2130 4326 2612 4399 nudabuntur.

1098 4462 1349 4533 Datum
1379 4455 1722 4548 Lugduni,
1764 4455 1822 4525 11
1854 4474 2075 4526 nonas
2095 4450 2424 4545 januarii,
2463 4448 2904 4547 pontificatus
2930 4451 3173 4541 nostri,
3208 4472 3393 4523 anno
3418 4460 3695 4543 quarto.
