4364 5738
550 564 753 636 lunrcr.
782 573 873 659 4.]
928 565 934 570 ’
1456 570 1851 633 HISTORIA
1899 569 2491 633 DIPLOMATICA.
3251 567 3377 634 419

556 719 704 781 tum
738 719 810 781 et
839 730 967 805 per
999 717 1215 782 totam
1236 705 1651 781 Maritimam
1677 706 1937 780 vicario
1967 705 2305 801 generali,
2341 706 2616 777 licteras
2641 701 2867 798 sigillo
2894 724 3097 776 cereo
3129 701 3376 799 prefati

553 833 818 906 domini
842 832 1188 905 Frederici
1216 831 1543 921 munitas,
1579 831 1652 902 in
1684 832 1886 924 cujus
1915 827 2142 925 sigillo
2169 838 2322 903 erat
2351 829 2572 902 forma
2599 826 2858 922 aquile,
2885 828 3275 923 recepimus
3305 827 3380 899 in

555 956 691 1030 hac
723 958 981 1030 forma:

594 1113 601 1118 ·
652 1081 1058 1154 Fredericus
1108 1080 1200 1153 de
1251 1073 1621 1152 Antiochia
1673 1078 1937 1151 domini
1990 1077 2427 1176 imperatoris
2481 1074 2693 1167 filius,
2745 1074 2922 1148 sacri
2978 1072 3249 1170 imperii
3306 1072 3382 1143 in

556 1197 802 1279 Tuscia
828 1216 914 1278 -et
951 1207 1045 1278 ab
1081 1205 1352 1279 Amelia
1395 1224 1620 1299 usque
1668 1204 2038 1277 Cornetum
2083 1213 2152 1277 et
2197 1225 2325 1300 per
2375 1211 2590 1275 totam
2632 1199 3044 1274 Maritimam
3082 1198 3383 1272 vicarius

557 1330 929 1424 generalis,
957 1328 1175 1403 nobili
1205 1319 1355 1401 viro
1381 1327 1666 1401 domino
1692 1327 1998 1401 Thomae
2025 1327 2117 1400 de
2142 1326 2390 1423 Ophen
2418 1325 2756 1422 imperiali
2781 1325 3145 1421 capitaneo
3171 1323 3244 1394 in
3272 1342 3383 1394 co-

563 1456 807 1527 mitatu
841 1453 1092 1544 Aretii,
1131 1444 1440 1543 Castelli,
1477 1447 1844 1544 Senarum,
1880 1451 2277 1526 ildebrandi
2312 1459 2386 1522 et
2415 1448 2819 1545 episcopatu
2854 1449 3156 1539 Clusino,
3193 1445 3386 1522 fideli

561 1577 867 1672 imperii,
916 1576 1143 1652 amico
1192 1597 1319 1648 suo
1334 1629 1355 1667 ,
1407 1576 1703 1648 salutem
1743 1589 1815 1648 et
1861 1596 2170 1649 amorem
2222 1574 2596 1646 sincerum.
2636 1573 2902 1645 Placuit
2946 1572 3387 1648 serenissimo

560 1701 740 1797 patri
772 1708 1011 1772 nostro
1039 1699 1239 1772 nobis
1270 1699 1574 1771 scribere
1604 1699 1678 1770 in
1711 1698 1843 1771 hac
1876 1700 2097 1773 forma
2128 1729 2147 1772 ε
2186 1698 2603 1787 Fridericus,
2639 1697 2764 1769 Dei
2794 1698 3027 1790 gratia‘
3045 1699 3390 1773 Romano-

566 1847 722 1897 rum
747 1825 1153 1920 imperator,
1189 1832 1357 1913 etc„
1398 1824 1652 1896 dilecto
1680 1820 1825 1927 filio
1851 1845 1980 1896 suo
2011 1822 2361 1895 Friderico
2400 1821 2492 1894 de
2524 1819 2918 1914 Antiochia,
2950 1830 3086 1893 etc.
3122 1821 3234 1894 Ex
3262 1844 3388 1919 pe·

569 1949 811 2021 titione
838 1947 1110 2021 abbatis
1141 1946 1539 2019 monasterii
1570 1946 1805 2018 Sancti
1827 1946 2205 2018 Salvatoris
2236 1945 2326 2017 de
2353 1945 2588 2017 Monte
2610 1943 2886 2017 Amiato
2920 1942 3145 2017 fidelis
3173 1946 3392 2018 nostri

568 2082 803 2146 nostra
833 2072 1170 2145 serenitas
1195 2070 1541 2142 intellexit
1570 2068 1762 2163 quod
1788 2091 1949 2141 cum
1976 2069 2126 2163 ipse
2153 2068 2227 2139 in
2257 2067 2458 2139 terris
2485 2067 2797 2160 ejusdem
2822 2068 3222 2140 monasterii
3253 2090 3395 2142 rec-

572 2205 792 2268 torem
830 2196 1191 2285 statuerit,
1232 2205 1440 2291 prout
1466 2193 1878 2289 permissum
1920 2192 2050 2265 sibi
2085 2191 2334 2264 asserit
2362 2213 2458 2263 ex
2482 2190 2767 2284 antiqua
2799 2199 2871 2262 et
2900 2200 3186 2286 optenta
3224 2212 3394 2264 con·

567 2320 936 2392 suetudine
968 2318 1371 2392 monasterii
1399 2317 1776 2413 supradicti
1804 2326 1876 2389 et
1904 2338 2034 2412 per
2065 2314 2426 2410 privilegia
2446 2313 2538 2386 ab
2562 2314 3118 2386 antecessoribus
3143 2314 3398 2387 nostris

570 2444 789 2515 felicis
817 2443 1149 2517 memorie
1179 2442 1311 2538 ipsi
1344 2463 1673 2515 concessa
1706 2451 1778 2513 et
1807 2462 1850 2513 a
1882 2450 2118 2512 nostra
2148 2438 2559 2511 celsitudine
2591 2435 3034 2528 confirmata,
3071 2436 3400 2510 officiales

569 2568 761 2639 curie
789 2578 1025 2640 nostre
1051 2568 1122 2638 in
1143 2566 1587 2660 jurisditione
1633 2576 1749 2637 tua
1793 2564 2145 2636 maliciose
2191 2561 2688 2635 monasterium
2719 2561 2947 2656 ipsum
2977 2570 3049 2633 et
3075 2562 3401 2634 abbatem

573 2691 916 2786 impetunt
944 2702 1014 2764 et
1044 2692 1438 2778 molestant,
1459 2689 1758 2761 nitentes
1792 2687 2116 2760 eumdem
2147 2687 2220 2757 in
2249 2708 2453 2757 suum
2484 2707 2698 2778 grave
2729 2685 3191 2782 prejudicium
3217 2706 3403 2757 amo-

573 2837 765 2888 vere.
798 2816 1124 2889 Volentes
1155 2815 1390 2910 itaque
1424 2814 1873 2887 ecclesiarum
1897 2813 2059 2905 jura
2093 2812 2358 2884 illibata
2385 2810 2672 2902 servari,
2716 2820 2832 2883 tue
2868 2808 3185 2883 filiationi
3215 2831 3407 2882 man·

576 2940 825 3012 damus
855 2952 1199 3034 quatenus
1229 2940 1288 3012 si
1324 2940 1447 3012 tibi
1480 2940 1866 3013 constiterit
1899 2938 1989 3010 de
2023 2937 2410 3033 premissiS,
2448 2936 2711 3008 dictum
2741 2936 3069 3008 abbatem
3096 2943 3218 3007 aut
3249 2957 3401 3008 mo·

577 3064 952 3136 nasterium
999 3064 1090 3136 ab
1134 3063 1397 3136 eisdem
1443 3063 1855 3136 officialibus
1895 3084 2107 3158 super
2148 3059 2479 3155 predictis
2519 3059 2872 3131 molestari
2913 3059 3220 3131 indebite
3263 3079 3406 3130 non

581 3186 964 3280 permittaS,
990 3186 1086 3257 ita
1113 3193 1192 3255 ut
1213 3187 1471 3277 justam
1500 3207 1638 3258 non
1665 3185 2032 3257 audiamus
2059 3184 2130 3254 in
2158 3182 2292 3255 hac
2323 3193 2521 3278 parte
2540 3184 2924 3277 querelam.
2946 3183 3195 3254 Datum
3217 3181 3408 3254 Cam-

583 3309 746 3403 pilie
768 3307 831 3404 (l
849 3308 878 3405 )
893 3361 911 3398 ,
927 3309 1050 3381 XV
1067 3309 1305 3400 madii,
1327 3318 1576 3402 quarta
1603 3308 2006 3380 indic-tione.
2027 3309 2257 3394 Quare
2279 3307 2598 3378 volentes
2626 3306 3014 3399 predictum
3049 3303 3407 3401 imperiale

582 3432 986 3504 mandatum
1020 3433 1275 3525 exequi
1304 3441 1731 3522 reverenter,
1775 3430 2189 3503 mandamus
2219 3429 2419 3501 vobis
2450 3428 2859 3501 auctoritate
2895 3427 3235 3524 imperiali
3267 3449 3409 3521 qua

583 3557 936 3649 fungimur
965 3554 1256 3627 firmiter
1285 3554 1726 3647 injungentes
1759 3563 2104 3649 quatenus
2135 3562 2426 3646 accepto
2463 3560 2534 3623 et
2571 3551 3009 3623 considerato
3040 3550 3410 3640 diligenter

581 3681 1049 3776 predictarum
1070 3678 1400 3750 divalium
1420 3677 1803 3749 litterarum
1835 3687 2076 3748 tenore
2101 3676 2444 3770 prefatum
2463 3674 2957 3746 monasterium
2986 3685 3058 3744 et
3083 3673 3407 3745 abbatem

584 3826 795 3900 super
822 3801 1175 3899 premissis
1206 3823 1347 3874 non
1379 3800 1793 3896 permittatis
1814 3789 1927 3872 'ab
1969 3799 2319 3893 aliquibus
2359 3797 2666 3870 indebite
2699 3796 3082 3887 molestari;
3117 3795 3407 3868 manda-

587 3939 735 3998 tum
778 3925 1135 4020 imperiale
1178 3934 1249 3997 et
1288 3933 1604 3996 nostrum
1651 3945 1861 4018 super
1909 3921 2042 3994 hiis
2087 3922 2319 3994 taliter
2363 3920 2712 4015 impleturi
2767 3919 2956 4013 quod
2996 3920 3220 4012 justas
3265 3940 3408 3992 non

584 4049 949 4122 audiamus
978 4048 1142 4121 inde
1180 4051 1525 4142 querelas.
1557 4050 1814 4121 Datum
1842 4046 2176 4136 Malliani,
2215 4045 2438 4140 primo
2470 4043 2884 4133 decembris,
2917 4043 3157 4138 quinte
3184 4042 3406 4115 indic·

590 4172 818 4244 tionis.

682 4294 1092 4389 Exemplate
1122 4304 1194 4367 et
1219 4295 1565 4389 publicate
1593 4296 1878 4367 fuerunt
1900 4292 2208 4388 predicte
2237 4292 2474 4364 lictere
2506 4290 2836 4363 mandato
2869 4291 3114 4386 prefati
3145 4291 3410 4365 domini

589 4417 891 4491 Thomae
924 4419 1013 4492 de
1045 4418 1292 4515 Ophen
1334 4419 1677 4515 capitanei
1718 4440 1845 4512 per
1878 4438 2126 4488 manus
2171 4415 2308 4487 mei
2347 4414 2621 4487 Vivaldi
2661 4414 2752 4487 de
2792 4416 3239 4488 Pontremulo
3273 4438 3406 4512 pu-

663 4682 735 4756 (4)
773 4682 1017 4741 Forsitan
1047 4682 1313 4757 compoti,
1337 4684 1488 4757 juxta
1514 4684 1909 4751 Beneventum,
1937 4680 2114 4739 media
2141 4680 2233 4739 via
2261 4678 2479 4738 Aliflam
2504 4679 2646 4737 inter
2672 4685 2729 4738 et
2749 4680 3026 4738 Aiianum.
