4364 5738
1027 556 1150 621 ΒΝ
2027 556 2453 620 ramnum!
2502 558 2854 621 saeuum
3462 559 3629 638 [An.
3666 562 3839 626 1246.

1027 694 1102 766 in
1128 693 1363 786 aliquo
1393 691 1748 772 christiani
1776 693 2076 765 nominis
2109 695 2523 788 professore,
2561 693 2731 766 dum
2755 693 3088 766 maternis
3115 692 3397 765 monitis
3426 715 3570 769 non
3591 697 3846 772 admis-

1026 817 1159 908 sis,
1190 816 1672 908 incorrigibilis
1712 837 1995 911 prorsus
2034 816 2370 888 existeret
2406 815 2781 889 Pharaonis
2824 814 3150 889 duritiam
3189 816 3526 910 imitatus,
3558 819 3845 914 quilibet

1027 951 1258 1037 potest
1285 961 1454 1013 sane
1481 940 1734 1013 mentis
1751 938 1854 1038 (a)
1874 941 2268 1014 advertere.
2298 942 2431 1014 Per
2458 941 2646 1037 ipsas
2677 940 3021 1036 siquidem
3044 961 3243 1013 suam
3265 943 3687 1037 exponendo
3704 945 3845 1037 jus·

1029 1066 1249 1163 titiam
1258 1066 1533 1157 juribus
1562 1065 2087 1160 rationibusque
2112 1067 2453 1157 frustrari,
2469 1065 3035 1139 etauctoritatem
3051 1075 3360 1139 nostram
3377 1068 3567 1141 omni
3583 1070 3840 1143 ratione

1024 1211 1301 1280 carere,
1336 1199 1665 1283 tanquam
1711 1212 1852 1262 non
1895 1189 2169 1262 intersit
2219 1190 2527 1262 Ecclesie
2575 1189 2689 1261 cui
2734 1189 2898 1262 licet
2938 1189 3260 1262 immeriti
3304 1190 3396 1264 de
3447 1191 3840 1284 dignatione
3965 1290 3973 1298 Ι

1026 1324 1260 1385 tamen
1300 1313 1732 1407 presidemus
1775 1312 2048 1403 divina,
2084 1322 2326 1409 utpote
2375 1311 2822 1407 spiritualiter
2852 1313 2943 1384 de
2976 1313 3471 1408 temporalibus
3494 1315 3838 1407 judicare,

1022 1458 1152 1509 vos
1187 1446 1431 1510 contra
1480 1447 1773 1508 matrem
1802 1436 2179 1508 Ecclesiam
2213 1435 2653 1531 provocavit,
2692 1457 2821 1509 nos
2852 1444 3174 1529 satagens
3206 1436 3588 1511 incastrare
3615 1439 3836 1512 since-

1023 1582 1180 1630 rum
1206 1569 1279 1631 et
1303 1559 1613 1632 studiose
1642 1561 1873 1632 nitens
1898 1570 2212 1632 astruere
2240 1559 2440 1632 vobis
2469 1559 2856 1633 timendum
2884 1560 3115 1632 facere
3139 1560 3229 1632 de
3260 1560 3494 1653 simili,
3518 1561 3579 1633 si
3606 1572 3837 1636 contra

1024 1704 1187 1755 eum
1218 1704 1377 1755 cum
1410 1682 1737 1755 videlicet
1768 1682 2104 1775 dignitate
2145 1704 2231 1754 ac
2274 1684 2584 1778 potentia
2623 1683 2930 1778 proceris
2964 1684 3385 1777 preeminet‚
3427 1686 3656 1758 taliter
3680 1708 3837 1782 pro-

1022 1807 1231 1879 cessit
1246 1806 1581 1897 Ecclesia,
1606 1806 1907 1900 qualiter
1934 1806 2067 1878 erit
2091 1806 2161 1877 in
2187 1828 2314 1880 vos
2342 1817 2415 1878 et
2443 1806 2806 1878 inferiores
2832 1806 2987 1880 illos
3013 1827 3452 1902 processura;
3488 1811 3838 1903 proferens

1019 1940 1507 2023 argumentum
1539 1930 2013 2027 propositique
2039 1931 2148 2002 sui
2179 1939 2593 2026 conceptum
2625 1929 2941 2024 pandens
2969 1930 3418 2003 nihilominus
3448 1932 3659 2006 fuisse
3691 1956 3834 2007 ma·

1019 2057 1306 2128 livolum
1330 2056 1501 2126 tales
1528 2055 1753 2127 facere
1778 2055 2128 2127 ministros
2144 2055 2453 2126 Ecclesie
2478 2056 2723 2147 quales
2746 2056 3026 2127 fuerunt
3043 2055 3115 2126 in
3137 2055 3444 2128 Ecclesia
3467 2057 3832 2152 primitiva,

1018 2200 1361 2275 pauperes
1410 2179 1671 2251 scilicet
1703 2190 1774 2250 et
1804 2179 1895 2250 ab
1930 2179 2085 2250 aliis
2120 2178 2514 2251 necessaria
2543 2178 3056 2269 mendicantes;
3095 2180 3285 2272 quod
3330 2179 3618 2253 effectus
3645 2183 3832 2253 testi-

1016 2304 1253 2377 monio
1285 2303 1795 2398 comprobavit,
1833 2303 2003 2374 dum
2048 2302 2375 2374 ecclesias
2407 2302 2605 2394 regni
2637 2303 2996 2375 retroactis
3026 2303 3453 2398 temporibus
3493 2306 3832 2377 facultati·

1017 2427 1149 2498 bus
1189 2427 1413 2521 primo
1453 2448 1537 2497 ac
1576 2426 1861 2499 demum
1892 2447 2066 2498 cena
2095 2435 2373 2498 nostros
2408 2436 2739 2519 tanquam
2782 2426 3231 2519 sacrilegibus
3256 2425 3349 2523 (b)
3386 2448 3527 2499 non
3565 2429 3834 2501 erubuit

1018 2550 1343 2644 spoliare,
1364 2560 1435 2621 et
1462 2548 1596 2620 hiis
1617 2547 1871 2624 finibus
1898 2571 2041 2621 non
2063 2558 2435 2622 contentus
2453 2548 2638 2621 vires
2664 2569 2826 2620 suas
2855 2560 3099 2622 contra
3112 2550 3492 2622 Ecclesiam
3509 2574 3831 2647 processu

1020 2675 1349 2769 temporis
1379 2674 1744 2769 proposuit
1784 2694 2140 2746 exercere.
2179 2676 2532 2761 Quantum
2567 2673 2778 2765 igitur
2805 2672 3202 2746 offendatur
3236 2675 3650 2749 excellentia
3676 2679 3831 2750 Iesu

1016 2797 1266 2871 Christi
1296 2797 1567 2891 injuriis
1606 2818 1859 2894 sponse
1895 2820 2020 2869 sue
2039 2850 2059 2889 ,
2097 2819 2296 2892 reges
2324 2808 2396 2871 et
2429 2797 2774 2894 principes
2800 2817 2886 2869 ac
2918 2798 3241 2871 universe
3271 2796 3644 2873 christiane
3674 2798 3830 2874 fidei

1015 2924 1351 2994 zelatores
1395 2943 1490 2993 ex
1526 2922 1781 3016 quihus
1829 2922 2143 2994 consistit
2189 2923 2500 2995 Ecclesia
2531 2932 2606 2994 et
2646 2923 2719 2993 in
2756 2922 3011 3015 quibus
3046 2922 3355 3015 quotidie
3397 2924 3828 3013 fecundatur,

1018 3045 1378 3118 evidenter
1406 3045 1692 3139 potestis
1720 3046 2157 3140 perpendere
2179 3099 2201 3137 ,
2234 3068 2394 3117 cum
2432 3067 2576 3119 non
2607 3056 2926 3117 metuens
2971 3068 3235 3141 ponere
3271 3069 3351 3120 os
3385 3048 3459 3120 in
3498 3050 3725 3121 celum
3761 3051 3830 3123 in

1016 3168 1219 3240 nobis
1249 3178 1321 3239 et
1346 3168 1655 3239 Ecclesia
1680 3169 1807 3239 Dei
1834 3191 2012 3262 quos
2043 3169 2278 3241 multis
2309 3169 2852 3242 detractionibus
2879 3180 2952 3241 et
2973 3170 3529 3246 oblocutionibus
3541 3174 3740 3246 factis
3763 3185 3833 3246 et

1019 3291 1292 3386 scriptis
1323 3291 1501 3382 suis,
1538 3291 1714 3363 sicut
1746 3302 1989 3363 notum
2029 3302 2137 3365 est
2174 3293 2533 3384 omnibuS,
2568 3293 2762 3365 nisus
2802 3302 2908 3365 est
2943 3295 3415 3391 multipliciter
3454 3296 3825 3386 lacessere,

1016 3416 1246 3511 ipsum
1276 3415 1515 3487 salutis
1547 3426 1902 3487 auctorem
1932 3416 2233 3509 tetigerit
2258 3416 2766 3511 imprudenter,
2799 3417 3021 3509 quiin
3050 3428 3288 3491 sancto
3301 3417 3396 3515 (b)
3424 3420 3627 3492 Petro
3648 3430 3830 3493 cete·

1016 3540 1249 3632 risque
1285 3539 1613 3635 apostolis
1643 3539 2083 3633 Ecclesieque
2113 3540 2442 3611 ministris
2468 3540 2978 3613 successoribus
3006 3542 3437 3632 eorumdem,
3476 3542 3589 3613 cui
3616 3563 3833 3636 quan-

1017 3686 1226 3757 quam
1261 3663 1523 3757 indigni
1551 3675 1833 3736 auctore
1868 3666 2160 3737 Domino
2193 3664 2663 3760 presidemuS,
2702 3686 2778 3736 se
2813 3666 3000 3757 tangi
3032 3676 3102 3737 et
3143 3676 3473 3761 tanquam
3500 3667 3832 3764 pupillam

1016 3788 1201 3861 oculi
1259 3788 1366 3860 sui
1418 3786 1643 3857 innuit
1692 3787 2081 3860 manifeste.
2127 3788 2477 3873 Quantum
2525 3788 2735 3859 etiam
2788 3810 3030 3860 omnes
3091 3789 3419 3862 ledamini
3471 3792 3832 3886 presertim

1016 3912 1463 3984 ecclesiarum
1493 3909 1767 4006 prelati,
1797 3931 1974 4004 quos
2004 3910 2482 4007 depauperare
2514 3911 2815 3984 intendit
2840 3922 2910 3984 et
2935 3922 3276 4007 quantum
3306 3913 3379 3984 in
3412 3935 3498 3987 eo
3527 3923 3633 3988 est
3658 3913 3837 3985 nihi-

1015 4035 1315 4107 lominus
1352 4034 1748 4107 adulterare
1780 4034 2111 4130 disponit,
2150 4034 2494 4108 advertite
2524 4034 2887 4108 Christiani
2911 4036 3033 4129 qui
3065 4034 3187 4107 filii
3217 4037 3549 4129 Ecclesie,
3590 4039 3834 4109 fratres

1015 4156 1395 4230 censemini
1438 4166 1511 4229 et
1552 4156 1756 4228 amici
1777 4208 1798 4247 ,
1831 4166 1904 4227 et
1946 4159 2007 4228 si
2050 4155 2290 4228 matris
2337 4156 2591 4249 injuria
2633 4158 2929 4251 relinqui
2964 4158 3222 4231 debeat
3251 4160 3622 4255 impunita,
3652 4160 3834 4232 sicut

1017 4280 1347 4351 tenemini
1394 4288 1466 4350 et
1507 4279 1810 4372 debetis,
1847 4279 2184 4353 attendite
2228 4279 2622 4373 diligenter.
2659 4281 2826 4353 Cum
2873 4282 3060 4355 enim
3102 4284 3521 4357 maledicens
3550 4284 3731 4379 patri
3762 4293 3833 4355 et

1098 4453 1182 4533 (a)
1225 4454 1451 4513 Locum
1477 4455 1748 4515 mutilum
1777 4459 2158 4518 restituimus.

1098 4556 1179 4639 (ὀ)
1223 4559 1414 4620 Locus
1438 4562 1755 4620 certissime
1781 4564 2048 4624 mutilus.

1096 4665 1171 4747 (c)
1216 4666 1288 4727 In
1312 4667 1595 4743 impresso
1614 4662 1870 4729 sabbato.
