4364 5738
502 524 705 584 lmer.
739 519 831 599 2.]
1393 513 1788 579 ms'roma
1833 512 2430 577 mPLoMATmA.
3214 510 3332 575 199

507 637 777 729 firmata
805 655 895 726 sit
926 654 1172 744 series,
1210 651 1400 746 quod
1430 673 1674 747 pacem
1711 650 2188 723 indubitanter
2218 647 2566 721 credimus
2597 654 3115 741 proventuram.
3153 647 3332 718 Ecce

507 782 744 874 itaque
790 763 1114 850 comitem
1159 774 1670 871 supradictum,
1714 775 1912 846 velut
1951 796 2186 846 amore
2238 781 2377 843 tam
2414 770 2804 843 desiderate
2849 769 3038 865 pacis
3079 791 3329 841 accen-

506 925 688 995 sum,
719 901 1033 973 hilariter
1062 900 1524 988 laborantem,
1562 907 1931 993 propterea
1964 896 2055 969 ad
2087 895 2340 968 Sedem
2371 893 2840 989 Apostolicam
2873 892 3328 982 destinamus,

510 1026 622 1098 cui
661 1046 873 1120 super
907 1024 994 1094 iis
1032 1044 1170 1117 que
1200 1022 1482 1094 domino
1520 1042 1700 1117 pape
1734 1030 1805 1093 et
1849 1020 2048 1094 vohis
2085 1041 2179 1091 ex
2220 1029 2420 1115 parte
2466 1029 2703 1090 nostra
2740 1017 3077 1108 retulerit,
3128 1015 3332 1089 indu-

509 1151 814 1222 bitanter
843 1146 1181 1220 serenitas
1210 1153 1441 1218 vestra
1473 1146 1738 1218 credat.

621 1722 1104 1806 Innocentius
1148 1748 1346 1830 papa
1391 1721 1676 1806 Othoni
1725 1721 2092 1803 cardinali
2143 1720 2497 1829 episcopo
2540 1717 2940 1802 Portuensi
2990 1718 3335 1800 auctori—
3508 1727 3637 1780 ΔΜ

3461 1782 3683 1822 civitaten

519 1864 745 1937 tatem
782 1854 1075 1938 confert
1102 1855 1199 1936 de
1234 1854 1537 1963 negotio
1574 1853 1782 1962 pacis
1820 1879 1998 1935 cum
2029 1851 2375 1961 principe
2410 1852 2848 1933 tractandae
2887 1848 3036 1960 (1).
3403 1832 3728 1940 msi‘ffifim·

677 2065 1028 2145 (Memorat.
1065 2069 1130 2126 tn
1161 2066 1358 2126 indies
1386 2065 1564 2126 litter.
1597 2066 1806 2127 Istoc.
1842 2065 1953 2143 IV,
1980 2066 2140 2142 apud
2172 2066 2401 2125 collect.
2430 2063 2576 2125 diet.
2612 2064 2868 2143 Lupum
2891 2062 2975 2124 du
3008 2062 3198 2136 neit,
3222 2065 3338 2125 sub

755 2188 927 2231 num.
955 2170 1194 2248 epistol.
1231 2177 1371 2242 735,
1397 2171 1505 2231 fol.
1543 2169 1702 2249 115.)

615 2359 868 2430 Datum
900 2356 1089 2454 apud
1120 2357 1477 2431 Civitatem
1510 2355 1962 2430 Castellanam
1977 2411 2002 2449 ,
2043 2354 2104 2429 V
2134 2356 2295 2428 idus
2314 2355 2492 2448 junii
2516 2353 2653 2452 (2),
2686 2373 2872 2428 anno
2900 2351 3341 2452 pontificatus

521 2504 766 2576 prime.

626 2912 826 2995 Cum
895 2938 1095 3021 papa
1162 2912 1244 2994 in
1303 2912 1431 2994 die
1469 2911 1975 3020 praecedente
2023 2910 2370 3020 vigiliam
2420 2911 2962 3018 Apostolorum
3016 2911 3215 2993 Petri
3269 2925 3346 2994 et
3432 2923 3715 2977 mmmm.

521 3040 740 3127 Pauli
763 3044 1112 3127 Sutrium
1134 3044 1591 3148 devenisset,
1629 3104 2002 3126 .....
2042 3054 2312 3151 coepto
2338 3043 2604 3125 itinere
2626 3043 2795 3151 ipsa
2818 3043 3068 3151 prima
3103 3043 3345 3126 noctis

523 3174 754 3283 hora,
806 3200 944 3284 per
988 3175 1210 3258 devia
1249 3187 1330 3258 et
1375 3174 1701 3284 abmpta
1735 3178 2115 3260 montium
2145 3203 2242 3258 ac
2286 3198 2603 3258 nemora
2653 3186 2812 3259 tcta
2850 3188 3075 3260 nocte
3117 3177 3349 3260 labo—

525 3333 708 3389 rans
728 3367 1194 3389 ......
1237 3307 1315 3387 in
1352 3306 1477 3389 die
1508 3307 1931 3390 festivitatis
1960 3306 2500 3418 Apostolorum
2536 3307 2735 3389 circa
2756 3308 3034 3390 horam
3056 3331 3345 3391 nonam

527 3439 628 3521 ad
662 3438 911 3547 ipsam
959 3437 1354 3522 Civitatem
1383 3434 1742 3521 vetulam
1788 3448 1904 3522 est
1950 3438 2349 3523 deductus,
2400 3437 2653 3523 N1c01..
2709 3464 2800 3519 ns
2847 3437 3160 3545 Cnnmo,
3215 3465 3339 3548 ap.

526 3568 850 3677 Bumzn,
888 3568 1243 3675 Miscell.,
1281 3579 1341 3651 t.
1386 3569 1450 3677 Ι,
1488 3596 1569 3678 p.
1621 3571 1799 3652 197.

601 3835 671 3907 (Ι)
708 3835 936 3893 Litteras
964 3835 1225 3909 integras,
1256 3835 1475 3909 saepius
1509 3836 1803 3909 promissas
1829 3852 2004 3908 neque
2029 3837 2213 3907 datas,
2250 3853 2372 3893 cum
2400 3853 2466 3893 ex
2493 3836 2708 3894 archivo
2734 3836 2992 3893 Vaticano
3015 3851 3207 3893 eruere
3240 3853 3349 3894 non

532 3933 889 4006 potuerimus,
927 3932 975 3990 si
1009 3932 1191 3991 forsan
1234 3933 1291 3989 in
1329 3933 1775 4007 interpretatione
1815 3934 1956 3991 tituli
1998 3934 2384 4005 erraverimus,
2420 3935 2638 3991 veniam
2688 3932 2853 3989 lector
2896 3931 3153 3989 concedat
3187 3932 3352 3990 obse-

527 4040 763 4087 ems.

595 4126 679 4199 (ἢ
713 4127 892 4184 nodie
909 4127 1107 4201 quom
1128 4127 1414 4185 Civimem
1431 4127 1795 4186 Cesoeusnam
1817 4129 2166 4188 Innocentius
2189 4129 2428 4200 advenit,
2454 4127 2735 4204 pannulum
2756 4125 3037 4183 oberravit
3051 4126 3354 4186 Matthaeus

534 4221 765 4280 Parisios
804 4240 970 4296 quum
1014 4224 1160 4281 dicat
1200 4240 1218 4281 ε
1250 4244 1278 4277 α
1308 4224 1512 4281 Octavo
1557 4225 1645 4281 die
1685 4233 1810 4283 ante
1847 4226 2041 4284 testum
2086 4227 2143 4283 B.
2191 4226 2451 4283 lobannis
2493 4224 2762 4298 Baptistae
2800 4226 2898 4294 (16
2924 4224 3087 4299 junii)
3130 4226 3356 4282 accessit

532 4317 779 4377 dominus
811 4334 954 4395 papa
990 4321 1057 4378 ad
1093 4319 1376 4379 Civitatem
1418 4320 1773 4379 castellanam
1808 4337 1949 4395 quae
1985 4321 2056 4381 ab
2093 4322 2246 4381 Urbe
2274 4320 2454 4380 xvm
2491 4321 2660 4378 distat
2697 4319 3015 4378 milliaribus
3059 4328 3123 4378 ut
3154 4321 3355 4379 ibidem

534 4416 765 4473 vicinius
790 4416 1101 4491 imperatori
1126 4418 1198 4474 de
1231 4434 1369 4490 pace
1408 4424 1687 4476 tractaret.
1723 4440 1750 4473 n
1778 4419 1927 4477 Hist.
1955 4421 2093 4493 maj.
2128 4419 2379 4491 Anylor„
2406 4435 2465 4494 p.
2497 4421 2621 4476 430.
2654 4420 2773 4475 Duo
2812 4418 2919 4476 alia
2960 4419 3232 4478 noscimus
3269 4418 3357 4475 in-

534 4518 829 4570 strumenta
855 4512 1152 4571 Innocentii
1179 4528 1357 4588 papae
1390 4516 1516 4573 data
1547 4516 1693 4589 apud
1719 4513 2000 4573 Civitatem
2027 4512 2413 4585 castellanam,
2456 4529 2625 4572 unum
2656 4530 2755 4589 pro
2790 4514 3043 4573 fratribus
3075 4514 3356 4589 praedica-

534 4608 762 4682 toribus,
791 4609 891 4668 XV
920 4610 1030 4667 kal.
1057 4610 1172 4683 julii
1207 4611 1298 4683 (⁴7
1319 4611 1490 4685 junii),
1520 4612 1744 4670 alterum
1770 4628 1868 4686 pro
1887 4610 2338 4683 viterbiensibus,
2365 4611 2467 4671 xli
2493 4604 2600 4670 kal.
2624 4612 2739 4687 iulii
2768 4612 2856 4685 (20
2876 4608 3056 4686 juniii.
