4364 5738
1035 602 1119 663 64
2031 603 2452 664 rmnssmct
2505 603 2850 663 SECUNDI
3470 604 3630 685 [Ans.
3673 605 3840 667 1242.

1199 760 1465 839 (Edider.
1496 761 1798 829 Uarium,
1834 758 1969 822 leat.
2002 779 2178 833 sacr„
2210 768 2257 821 t.
2292 761 2351 837 1,
2378 778 2436 836 p.
2477 768 2630 836 555,
2658 760 2800 820 edlt.
2834 759 3039 820 Coletl.
3071 790 3149 804 -
3190 759 3397 829 Lmo,
3437 760 3592 821 Hm.
3628 760 3694 821 da·
3733 764 3843 822 Ca·

1274 866 1512 936 morino,
1546 884 1606 943 p.
1645 875 1782 939 2⁴5,
1815 869 1924 927 iste
1950 875 2144 928 tamen
2175 870 2375 927 minus
2402 869 2650 943 integre.
2680 866 2925 926 Mendes
2950 865 3340 926 evidentiores
3363 884 3515 943 quae
3543 871 3601 927 ln
3625 868 3844 946 Ugbel-

1148 1036 1151 1039 ,
1272 972 1430 1031 liano
1453 977 1622 1032 textu
1649 974 2007 1049 lrrepserunt
2029 975 2419 1046 correximus,
2441 978 2698 1032 caeteras
2723 971 2968 1031 arbitrio
2995 970 3229 1032 lectoris
3255 973 3673 1050 relinquentes,
3703 976 3843 1036 dum

1272 1081 1455 1139 simus
1480 1081 1643 1138 omni
1670 1095 1781 1155 ope
1804 1080 1882 1139 nd
1909 1082 2338 1140 restitutionem
2367 1082 2656 1156 integram
2680 1076 2992 1156 destituti.)

1126 1238 1202 1308 In
1228 1238 1507 1310 nomine
1536 1247 1772 1310 sancte
1801 1247 1872 1309 et
1904 1238 2260 1311 individue
2285 1239 2660 1329 Trinitatis,
2682 1236 3078 1327 FedericuS,
3105 1237 3232 1309 Dei
3254 1237 3475 1329 gratia
3497 1238 3838 1310 Romano-

1028 1383 1183 1433 rum
1210 1362 1588 1455 imperator
1614 1384 1889 1457 semper
1919 1374 2291 1455 augustus,
2320 1363 2694 1434 Jerusalem
2731 1370 2802 1433 et
2832 1361 3061 1433 Sicilie
3085 1383 3237 1432 rex.
3269 1362 3446 1431 Dum
3474 1361 3840 1434 varietates

1028 1507 1260 1555 rerum
1291 1494 1361 1557 et
1389 1495 1777 1579 temporum
1801 1488 2134 1558 serenitas
2162 1497 2397 1559 nostra
2424 1485 2814 1559 considerat
2840 1495 2910 1556 et
2938 1484 3379 1557 devotionem
3408 1484 3839 1557 subditorum

1028 1608 1448 1680 attendimus
1486 1630 1610 1702 per
1647 1609 2043 1681 instantiam
2082 1620 2154 1681 et
2188 1609 2722 1682 sollicitudinem
2766 1619 3072 1681 nostram
3117 1608 3207 1679 ad
3243 1608 3572 1680 mandata
3605 1620 3839 1681 nostra

1030 1742 1102 1805 et
1131 1732 1565 1828 beneplacita
1609 1755 2050 1826 conversam,
2092 1735 2261 1805 inita
2290 1736 2321 1804 Ρ
2367 1735 2672 1829 ipsorum
2711 1744 2901 1806 recto
2931 1732 3184 1804 mentis
3209 1732 3473 1824 judicio
3508 1754 3836 1828 compen·

1027 1878 1262 1928 samus
1311 1857 1431 1950 qui
1488 1857 1766 1929 tandem
1828 1857 2170 1930 mandatis
2220 1868 2292 1929 et
2342 1857 2894 1931 ordinationibus
2940 1856 3195 1928 nostris
3243 1877 3320 1927 se
3368 1867 3839 1949 exposuerunt

1029 1980 1402 2053 obnoxius.
1442 1980 1586 2051 Sub
1621 2001 1920 2073 quorum
1954 1989 2278 2073 pretextu
2317 1981 2373 2053 si
2406 1980 2688 2074 quando
2721 1980 3193 2053 conversionis
3231 2001 3532 2051 errorem
3573 1990 3840 2073 poterat

1028 2106 1395 2195 interesse,
1426 2102 1664 2176 dilatio
1697 2104 2165 2176 excusationis
2188 2105 2481 2198 alicujus
2508 2125 2789 2176 causam
2816 2104 3030 2177 dabat
3055 2113 3134 2174 ut
3161 2113 3394 2174 nostra
3421 2104 3841 2197 subsequen·

1028 2241 1133 2302 ter
1165 2230 1521 2302 voluntate
1563 2229 1839 2321 cognita
1882 2239 1953 2300 et
1998 2250 2091 2300 ex
2131 2237 2330 2323 parte
2371 2238 2608 2300 nostra
2658 2239 2729 2299 et
2767 2228 3037 2323 imperii
3079 2226 3385 2300 dominio
3423 2228 3720 2299 naturali
3757 2248 3832 2300 se

1022 2354 1407 2448 promptius
1455 2363 1526 2425 et
1577 2354 2005 2425 reverentius
2055 2354 2492 2424 inclinarent.
2541 2353 2978 2446 Quapropter
3024 2352 3462 2423 attendentes
3512 2352 3835 2423 devotam

1018 2478 1542 2550 conversionem
1571 2486 1641 2547 et
1675 2486 2069 2571 promptam
2112 2487 2182 2548 et
2220 2487 2582 2570 expertam
2616 2475 2830 2549 fidem
2872 2476 3232 2549 bominum
3268 2477 3564 2548 civitatis
3593 2477 3833 2548 Came·

1020 2599 1151 2670 rini
1185 2606 1579 2669 nostrorum
1614 2597 1958 2687 fidelium,
1991 2598 2112 2690 qui
2143 2621 2354 2691 quam
2393 2610 2628 2672 nostro
2661 2622 2735 2671 se
2766 2600 3075 2672 universi
3108 2610 3180 2671 et
3209 2601 3460 2692 singuli
3497 2599 3834 2673 mandatis

1021 2721 1273 2792 nostris
1305 2721 1720 2814 exponerint
1749 2723 2078 2815 omnique
2110 2722 2182 2793 in
2217 2724 2522 2819 presenti
2549 2725 2777 2796 facere
2806 2724 3222 2796 studuerunt
3246 2746 3330 2796 ac
3360 2733 3720 2818 sperantes
3743 2725 3833 2795 ab

1020 2844 1119 2916 eis
1156 2844 1464 2938 quotidie
1505 2866 1787 2939 reagere
1820 2846 2151 2939 gratiora,
2197 2847 2546 2920 civitatem
2575 2860 2646 2920 et
2679 2847 3000 2919 homines
3030 2848 3368 2921 Camerini
3401 2848 3490 2921 ad
3526 2859 3831 2921 nostram

908 3017 914 3022 -
1018 2968 1417 3041 fidelitatem
1449 2992 1620 3063 pure
1646 2991 2019 3042 conversos
2045 2972 2136 3043 ad
2166 2973 2443 3066 plenam
2474 2972 2849 3065 majestatis
2876 2982 3113 3044 nostre
3140 2973 3431 3065 gratiam
3461 2973 3830 3067 recipimus

1017 3102 1088 3163 et
1115 3093 1455 3182 savorem,
1491 3093 1979 3165 confirmantes
2013 3095 2111 3166 eis
2144 3096 2377 3166 omnia
2417 3096 2601 3168 bona
2635 3117 2875 3168 eorum
2913 3117 3051 3188 que
3077 3098 3265 3189 juste
3300 3105 3539 3167 tenent
3570 3107 3640 3167 et
3670 3118 3827 3190 pos-

1016 3215 1243 3287 sident
1274 3227 1346 3287 et
1375 3238 1616 3288 omnes
1652 3218 1936 3312 insuper
1975 3219 2198 3291 bonos
2237 3241 2405 3290 usus
2442 3231 2514 3290 et
2551 3220 2969 3315 approbatas
2999 3220 3538 3291 consuetudines
3579 3220 3832 3313 quibus

1014 3339 1194 3410 felici
1231 3349 1538 3434 tempore
1573 3321 1890 3412 divorum
1926 3353 2377 3434 augustorum
2418 3343 2743 3415 Friderici
2786 3344 2900 3414 avi
2940 3344 3159 3415 nostri
3201 3353 3272 3414 et
3306 3344 3579 3416 Henrici
3616 3344 3827 3438 patris

1012 3464 1226 3534 nostri
1263 3463 1756 3536 recordationis
1787 3466 2045 3560 inclyte
2074 3467 2293 3556 gavisi
2321 3476 2392 3537 et
2417 3467 2528 3538 usi
2556 3467 2766 3538 fuisse
2798 3476 3212 3556 noscuntur3
3243 3468 3671 3539 remittentes
3703 3468 3828 3538 eis-

1011 3586 1173 3660 dem
1215 3609 1456 3659 omnes
1506 3587 1800 3660 offensas
1841 3600 1911 3660 et
1953 3591 2192 3684 culpas
2231 3612 2405 3683 quas
2447 3591 2611 3661 olim
2658 3600 2900 3662 contra
2945 3612 3073 3662 nos
3123 3602 3193 3661 et
3235 3591 3562 3662 dilectum
3609 3589 3824 3661 filium

1008 3722 1320 3783 nostrum
1366 3713 1736 3783 Henricum
1785 3714 2121 3784 illustrem
2173 3736 2407 3806 regem
2457 3715 2776 3785 Turrium
2824 3724 2896 3786 et
2940 3714 3198 3785 Galluri
3255 3725 3324 3786 et
3374 3715 3581 3787 totius
3632 3714 3823 3786 Italie

1008 3834 1315 3927 legatum
1348 3847 1418 3907 et
1448 3835 1622 3907 alios
1653 3837 1933 3907 nuntios
1968 3848 2038 3908 et
2067 3836 2307 3909 fideles
2336 3849 2606 3910 nostros
2634 3838 2830 3929 regni
2866 3848 2936 3909 et
2965 3838 3232 3931 imperii
3259 3838 3478 3910 verbo
3517 3849 3586 3909 et
3612 3857 3824 3931 opere

1006 3961 1522 4032 commiserunt.
1574 3959 2065 4032 Condonantes
2096 3961 2308 4053 igitur
2334 3961 2672 4034 maleficia
2717 3972 3115 4057 perpetrata
3160 3971 3300 4032 tam
3340 3961 3825 4032 universaliter

1004 4103 1214 4175 quam
1247 4085 1520 4156 divisim
1554 4095 1794 4156 contra
1826 4105 2229 4156 communes
2267 4085 2508 4158 fideles
2545 4096 2816 4159 nostros
2846 4086 2959 4158 vel
2992 4085 3326 4180 speciales
3353 4105 3718 4179 personaS,
3752 4094 3823 4155 et

1006 4207 1195 4298 quod
1231 4228 1342 4278 res
1377 4209 1666 4281 mobiles
1693 4210 1960 4281 ablatas
1997 4219 2305 4304 tempore
2338 4210 2675 4303 presentis
2710 4231 2960 4302 guerre
2994 4209 3357 4280 restituere
3387 4229 3530 4280 non
3566 4229 3820 4300 cogan-

1005 4338 1145 4418 tur,
1191 4352 1578 4424 penasque,
1613 4334 1905 4405 mulctas
1944 4342 2015 4405 et
2052 4332 2664 4405 condemnationes
2709 4343 2846 4404 tam
2885 4355 3011 4428 per
3054 4352 3185 4404 nos
3219 4353 3427 4425 quam
3462 4353 3588 4427 per
3620 4351 3816 4402 eum-

1002 4453 1162 4524 dem
1193 4475 1424 4545 regem
1458 4457 1571 4526 vel
1602 4458 1774 4529 alios
1810 4468 2082 4529 nostros
2118 4457 2410 4528 nuncios
2443 4467 2514 4529 et
2541 4458 2802 4550 legatos
2831 4457 3094 4528 eisdem
3122 4455 3535 4550 compositas
3562 4454 3815 4525 nihilo-

1000 4577 1231 4648 minus
1280 4578 1720 4668 remittendo,
1761 4581 2223 4673 promittimus
2271 4582 2478 4653 etiam
2530 4590 2785 4653 terram
2838 4581 3057 4675 ipsam
3080 4632 3100 4670 ,
3152 4579 3416 4651 scilicet
3461 4578 3810 4650 civitatem

1000 4700 1337 4772 Camerini
1373 4712 1444 4772 et
1478 4700 1793 4773 homines
1826 4702 2120 4774 civitatis
2165 4704 2380 4798 ipsius
2423 4703 2495 4774 in
2536 4703 2722 4775 bono
2745 4713 2833 4775 et
2872 4701 3157 4797 pacifico
3192 4711 3373 4773 statu
3404 4699 3815 4795 propensius
