4364 5738
1034 549 1157 643 444
2032 585 2460 648 rameruci
2508 584 2855 647 saeuum
3463 589 3629 668 [An.
3664 590 3841 655 1246.

1034 724 1371 824 vegetem
1409 716 1563 799 vini
1599 730 1675 799 et
1709 716 1859 800 alia
1893 719 2272 829 quaedam
2310 742 2541 825 opera
2575 716 2673 800 de
2697 726 2994 799 caetero
3026 715 3374 826 exigant,
3413 744 3610 828 quae
3644 720 3846 804 idem

1037 845 1460 931 Robbertus
1496 874 1650 932 non
1683 850 1780 932 de
1806 848 2011 959 jure,
2053 850 2187 932 sed
2225 875 2358 958 per
2389 846 2822 968 violentiam
2859 847 3233 956 exigebat.

1198 1101 1446 1179 (incdit.
1474 1120 1547 1163 ex
1573 1102 1800 1164 archiv.
1833 1109 2088 1164 monast.
2119 1101 2372 1164 cavens.
2402 1118 2436 1162 a
2462 1117 2726 1180 pergam.
2760 1102 2997 1180 origin..
3018 1118 3159 1163 arca
3182 1101 3396 1177 XLVI,
3426 1111 3494 1163 η’
3520 1100 3651 1183 49.)

1133 1329 1210 1400 In
1234 1330 1515 1403 nomine
1546 1330 1824 1403 Domini
1857 1330 1983 1401 Dei
2015 1329 2236 1401 eterni
2264 1339 2335 1400 et
2364 1328 2738 1401 Salvatoris
2768 1328 2986 1400 nostri
3017 1328 3173 1400 Iesu
3216 1329 3499 1422 Christi,
3535 1351 3722 1403 anno
3755 1331 3846 1403 ab

967 1522 975 1530 .
1034 1453 1508 1526 incarnatione
1557 1456 1709 1546 ejus
1742 1454 2108 1525 millesimo
2144 1452 2620 1526 ducentesimo
2656 1453 3166 1546 quatragesimo
3192 1464 3392 1528 sexto
3420 1465 3492 1528 et
3518 1454 3844 1528 vicesimo

1036 1589 1236 1651 sexto
1265 1600 1451 1652 anno
1481 1579 1748 1675 imperii
1780 1580 2042 1653 domini
2074 1578 2292 1652 nostri
2324 1578 2668 1651 Frederici
2708 1578 3178 1671 gloriosissimi
3215 1580 3684 1654 Romanorum
3713 1582 3840 1653 im-

1036 1703 1374 1798 peratoris
1401 1725 1673 1798 semper
1693 1706 1996 1797 augusti,
2018 1714 2091 1776 et
2119 1703 2448 1776 vicesimo
2471 1703 2693 1797 primo
2719 1723 2906 1775 anno
2924 1703 3125 1796 regni
3154 1704 3529 1776 Ierusalem
3556 1716 3628 1777 et
3651 1706 3843 1799 regni

1036 1826 1262 1898 Sicilie
1293 1837 1364 1898 et
1389 1828 1582 1899 ltalie
1608 1826 1953 1919 magnifici
1981 1828 2162 1921 regis
2190 1825 2702 1921 quatragesimo
2724 1836 2973 1899 octavo
2990 1880 3010 1915 ,
3033 1826 3149 1898 die
3177 1828 3500 1899 mercurii
3521 1829 3844 1902 vicesimo

1036 1961 1286 2024 octavo
1330 1952 1586 2023 mensis
1633 1953 1940 2045 augusti,
1975 1963 2220 2046 quarte
2248 1950 2674 2042 indictionis,
2713 1951 2992 2023 declaro
3042 1972 3173 2044 ego
3216 1952 3591 2024 Riccardus
3622 1953 3844 2045 judex

1035 2075 1398 2147 Sarnensis
1418 2075 1607 2168 quod
1622 2075 1691 2146 in
1706 2077 2051 2170 presentia
2069 2076 2353 2169 quidem
2375 2075 2539 2165 mei,
2571 2074 3010 2169 presentibus
3034 2075 3243 2146 etiam
3257 2075 3546 2149 Unfrido
3567 2078 3843 2172 puplico

1036 2198 1350 2291 ejusdem
1401 2208 1582 2270 terre
1631 2199 1991 2270 Sarnensis
2040 2199 2338 2290 notarim
2376 2199 2685 2293 dompno
2740 2199 3009 2290 Ligorio
3074 2199 3518 2295 presbytero,
3558 2200 3844 2273 Unfrido

1034 2322 1200 2395 olim
1220 2322 1484 2414 judice,
1517 2323 1843 2414 magistro
1875 2323 2140 2395 Marino
2171 2333 2244 2395 et
2262 2322 2578 2394 Iohanne
2609 2322 2757 2395 Cito
2792 2322 3083 2394 testibus
3110 2322 3625 2395 subscribendis
3650 2334 3721 2394 et
3754 2323 3838 2395 ad

1034 2446 1169 2519 hoc
1199 2447 1588 2541 specialiter
1613 2446 1870 2538 rogatis
1904 2457 1974 2517 et
2002 2445 2292 2535 vocatis,
2325 2446 2673 2541 dompnus
2707 2443 3056 2518 Iohannes
3082 2445 3443 2537 religiosus
3468 2445 3843 2520 monachus

1036 2580 1108 2642 et
1136 2570 1529 2666 prepositus
1561 2569 1957 2641 monasterii
1989 2573 2240 2642 Sancte
2277 2569 2624 2641 Trinitatis
2656 2569 2879 2641 Cavee
2921 2569 3301 2661 assignavit
3323 2570 3544 2660 judici
3575 2571 3839 2662 Hugoni

1035 2694 1125 2767 de
1157 2693 1378 2765 Sarno
1410 2703 1668 2764 statuto
1693 2714 1902 2786 super
1925 2693 2263 2763 demaniis
2296 2702 2364 2763 et
2397 2692 2737 2764 revocatis
2770 2701 2840 2763 et
2877 2693 3184 2763 ecclesiis
3216 2694 3621 2764 vacantibus
3649 2692 3838 2764 Prin-

1033 2818 1303 2915 cipatus
1348 2827 1419 2890 et
1465 2827 1644 2890 terre
1695 2817 2181 2888 Beneventane
2232 2838 2357 2911 per
2405 2817 2710 2889 nobilem
2767 2816 2993 2888 virum
3053 2816 3412 2890 dominum
3465 2816 3840 2890 Iohannem

1032 2944 1418 3032 Morenum‚
1460 2942 1863 3033 magistrum
1895 2951 2415 3035 procuratorem
2441 2940 2632 3012 curie
2664 2941 2729 3010 in
2765 2941 3162 3034 Principatu
3200 2950 3271 3011 et
3296 2942 3503 3011 Terra
3535 2939 3833 3030 Laboris,

1031 3066 1369 3158 quasdam
1399 3065 1659 3135 litteras
1680 3064 1810 3158 ipsi
1830 3064 2047 3154 judici
2076 3064 2349 3156 Hugoni
2368 3086 2409 3135 a
2427 3063 2893 3158 suprascripto
2923 3064 3203 3136 domino
3223 3061 3537 3136 Iohanne
3563 3065 3840 3134 Moreno

1036 3188 1491 3278 transmissaS‚
1530 3208 1821 3281 quarum
1857 3188 2277 3259 continentia
2319 3188 2472 3259 talis
2504 3196 2654 3258 erat
2686 3208 2703 3250 ε

1129 3312 1459 3385 Prudenti
1491 3312 1642 3382 viro
1669 3310 1888 3402 judici
1912 3312 2184 3404 Hugoni
2217 3311 2306 3383 de
2340 3313 2558 3383 Sarno
2586 3319 2843 3381 statuto
2876 3331 3087 3404 super
3117 3309 3479 3400 demaniis,
3505 3312 3840 3383 revocatis

1035 3448 1106 3511 et
1132 3436 1438 3509 ecclesiis
1462 3435 1869 3507 vacantibus
1888 3436 2319 3530 Principatus
2346 3446 2418 3506 et
2446 3446 2628 3506 terre
2655 3435 3146 3506 Beneventane
3164 3435 3385 3505 amico
3405 3456 3557 3525 suc,
3589 3433 3840 3506 Iohan-

1033 3583 1158 3634 nes
1193 3562 1518 3633 Morenus
1549 3561 1874 3653 magister
1901 3568 2309 3654 procurator
2341 3559 2528 3630 curie
2559 3559 2628 3629 in
2657 3558 3050 3653 Principatu
3085 3569 3157 3629 et
3183 3560 3393 3629 Terra
3432 3558 3713 3630 Laboris
3740 3579 3840 3629 sa·

1033 3687 1249 3757 lutem
1288 3694 1359 3756 et
1407 3704 1715 3756 amorem
1763 3684 2132 3753 sincerum.
2176 3685 2419 3754 Sacras
2456 3681 2846 3775 imperiales
2882 3681 3143 3753 litteras
3185 3681 3572 3775 recepimus
3607 3681 3677 3752 in
3715 3681 3838 3752 hac

1035 3812 1291 3884 forma:
1316 3849 1413 3862 —
1441 3806 1850 3895 FridericuS‚
1885 3806 2006 3876 Dei
2041 3806 2258 3897 gratia
2294 3817 2363 3877 et
2393 3816 2650 3893 cetera,
2685 3805 2982 3878 Iohanni
3018 3806 3326 3895 Moren0,
3354 3816 3425 3876 et
3451 3815 3703 3877 cetera.
3734 3807 3837 3877 Ex

1033 3935 1314 4029 querela
1361 3931 1697 4004 Leonardi
1749 3929 2167 4001 venerabilis
2214 3930 2484 4000 abbatis
2530 3940 2610 4000 et·
2649 3939 3035 4002 conventus
3081 3929 3477 4001 monasterii
3524 3929 3613 4002 de
3662 3930 3835 4001 Cava

1032 4069 1427 4131 nostrorum
1470 4054 1780 4127 fidelium
1822 4062 2059 4124 nostra
2098 4054 2288 4124 curia
2326 4052 2672 4124 intellexit
2710 4052 2901 4146 quod
2936 4052 3217 4123 stallerii
3255 4064 3632 4146 proventus
3663 4062 3838 4124 terre

1032 4181 1359 4254 Robberti
1390 4179 1478 4252 de
1507 4179 1760 4251 Caiano
1791 4175 2161 4272 proditoris
2190 4176 2405 4247 nostri
2434 4197 2559 4270 per
2584 4185 2650 4247 te
2684 4175 2951 4265 statuti,
2988 4196 3071 4246 ea
3098 4175 3461 4248 occasione
3482 4176 3839 4247 dumtaxat

1034 4302 1224 4397 quod
1255 4302 1440 4372 idem
1472 4302 1862 4372 Robbertus
1899 4301 1987 4372 de
2018 4299 2271 4372 Caiano
2303 4319 2343 4369 a
2379 4298 2605 4393 priore
2643 4299 2931 4369 ecclesie
2968 4300 3200 4370 Sancti
3244 4299 3446 4370 Blasii
3493 4299 3581 4370 de
3614 4299 3835 4370 Salvia

1036 4446 1172 4521 que
1201 4423 1477 4495 subdita
1504 4435 1609 4495 est
1639 4424 1764 4518 ipsi
1800 4423 2216 4494 monasterio
2237 4475 2256 4509 ‚
2302 4444 2426 4517 per
2456 4422 2852 4493 violentiam
2897 4433 2967 4493 et
3000 4434 3240 4494 contra
3264 4422 3601 4515 justitiam
3631 4443 3836 4492 unam

1034 4571 1269 4639 suem,
1308 4570 1522 4618 unum
1565 4548 1847 4618 arietem
1888 4557 1958 4618 et
1995 4569 2205 4617 unam
2251 4555 2564 4638 vegetem
2615 4547 2759 4617 vini
2804 4567 2886 4616 ac
2939 4546 3030 4617 ab
3080 4545 3473 4617 hominibus
3528 4546 3834 4635 ejusdem

1032 4672 1322 4748 ecclesie
1350 4671 1685 4767 quasdam
1713 4691 1960 4765 operas
1986 4670 2314 4762 exigebat
2340 4691 2466 4764 per
2488 4691 2751 4741 annum
2768 4721 2789 4759 ‚
2815 4691 2899 4741 eo
2926 4669 3117 4762 quod
3142 4670 3327 4742 dicta
3357 4667 3646 4740 ecclesia
3657 4677 3835 4741 terre
