4364 5738
545 531 744 591 muer.
775 526 869 610 2.]
1435 523 1841 585 msromA
1892 522 2489 584 n1PLOMAr1cA.
3248 527 3364 591 149
3428 580 3454 604 ,

544 663 771 736 Plebis
815 670 1166 757 petentem
1213 656 1364 729 fieri
1405 657 1666 730 dictum
1707 668 2058 752 sumptum
2107 671 2178 730 et
2223 659 2493 753 copiam
2532 659 2621 730 de
2650 660 2866 731 verbo
2902 661 2992 732 ad
3032 662 3357 753 verbum,

543 796 750 882 prout
798 786 871 856 in
919 785 1106 856 dicto
1157 782 1520 876 privilegio
1569 783 1990 872 continetur,
2038 782 2129 853 ad
2177 793 2585 877 perpetuam
2621 783 2723 853 rei
2768 784 3193 858 memoriam.
3233 786 3364 873 Qui

544 909 868 982 dominus
907 907 1142 979 Simon
1178 906 1440 977 dictum
1483 905 1919 998 privilegium
1973 905 2220 977 videns
2263 916 2333 978 et
2380 908 2650 998 legenS,
2685 906 2846 999 quia
2880 910 3183 1002 reperuit
3213 910 3362 983 dic·

546 1043 693 1105 tum
729 1031 1169 1127 privilegium
1212 1050 1353 1099 non
1384 1049 1654 1100 cassum
1674 1082 1694 1119 ,
1737 1050 1879 1100 non
1913 1011 2278 1120 viciatum,
2317 1030 2529 1102 immo
2563 1031 2759 1122 signo
2791 1040 3123 1104 consueto
3155 1054 3236 1104 ac
3269 1035 3362 1104 si·

541 1156 708 1248 gillo
739 1155 1028 1249 aliisque
1061 1152 1589 1247 solepnitatibus
1619 1152 1969 1224 consuetis
1995 1153 2375 1241 munitum,
2408 1153 2759 1224 licentiam
2788 1156 3368 1229 etauctoritatem

544 1278 738 1350 dedit
780 1288 852 1350 et
898 1277 1277 1372 impertivit
1307 1275 1519 1347 michi
1553 1275 1825 1348 notario
1870 1276 2308 1371 infrascripto
2349 1277 2670 1371 copiandi
2702 1277 2793 1350 de
2825 1279 3042 1350 verbo
3082 1280 3174 1352 ad
3205 1302 3365 1352 ver-

542 1403 747 1489 bum,
788 1403 981 1473 nullo
1012 1401 1252 1472 addito
1285 1409 1356 1471 et
1388 1400 1763 1490 diminut03
1802 1401 2001 1492 cujus
2040 1410 2242 1472 tenor
2274 1401 2431 1471 talis
2464 1410 2571 1472 est
2602 1431 2621 1472 ε

638 1527 714 1598 ln
758 1525 1040 1598 nomine
1085 1533 1322 1595 sancte
1377 1533 1448 1595 et
1496 1523 1853 1596 individue
1904 1524 2278 1598 Trinitatis.
2335 1523 2744 1616 Federigus,
2802 1525 3035 1596 divina
3089 1526 3366 1600 favente

545 1649 912 1721 clementia
942 1649 1410 1721 Romanorum
1461 1648 1837 1743 imperator
1877 1669 2154 1742 semper
2195 1658 2567 1740 augustuS,
2613 1649 2991 1719 Jerusalem
3039 1661 3109 1720 et
3138 1651 3365 1723 Sicilie

545 1792 708 1861 rex,
767 1773 1040 1844 dilectis
1082 1771 1335 1842 nostris
1389 1792 1473 1841 ac
1523 1771 1700 1841 sacri
1753 1770 2022 1864 imperii
2073 1769 2396 1843 fidelibus
2438 1771 2835 1843 hominibus
2883 1773 3099 1844 Castri
3142 1774 3367 1862 Plebis

541 1895 838 1986 gratiam
880 1896 1141 1986 regiam
1174 1903 1246 1965 et
1279 1915 1486 1966 omne
1520 1893 1808 1964 bonum.
1848 1893 2176 1975 Quamvis
2216 1894 2467 1985 regalis
2505 1892 2974 1965 munificentie
3007 1896 3368 1989 plenitudo

545 2019 746 2091 donis
795 2039 919 2089 sue
972 2017 1310 2108 largitatis
1359 2026 1649 2087 cunctos
1697 2016 1996 2086 libenter
2050 2026 2120 2087 et
2159 2017 2457 2108 gratiose
2499 2017 3005 2111 complectitur,
3057 2019 3148 2089 ad
3211 2020 3367 2092 illos

547 2153 780 2213 tamen
828 2163 922 2212 ex
966 2139 1269 2234 quodam
1317 2138 1754 2230 gratitudinis
1806 2138 2042 2210 debito
2091 2123 2562 2210 liberaliusse
2610 2140 2928 2211 extendit
2974 2161 3150 2231 quos
3198 2162 3367 2213 con·

545 2276 736 2337 stans
763 2264 1213 2337 serviciorum
1243 2263 1533 2335 exibitio
1573 2260 1772 2333 firma
1817 2283 2094 2354 quoque
2133 2262 2540 2335 strenuitate
2581 2241 3061 2356 constantique
3100 2266 3370 2358 plenius

545 2390 1122 2462 commendarunt
1153 2385 1336 2483 (sic).
1380 2385 1590 2460 Grata
1628 2387 1862 2477 itaque
1897 2383 2129 2457 fidelia
2169 2397 2242 2457 et
2281 2398 2565 2480 accepta
2608 2388 2888 2458 servitia
2931 2409 3068 2479 que
3115 2389 3368 2479 majes-

545 2515 667 2585 tati
697 2522 932 2585 nostre
972 2511 1305 2604 singulari
1344 2510 1731 2582 constantie
1762 2510 1912 2581 zelo
1950 2519 2021 2580 et
2056 2531 2308 2601 magno
2339 2508 2690 2582 fidelitatis
2717 2512 2967 2584 ardore
3007 2513 3369 2586 indefessis

547 2636 1128 2710 sollicitudinibus
1179 2644 1468 2707 actenus
1517 2632 1884 2704 exibuistis
1930 2642 2001 2703 et
2044 2633 2390 2704 exibuetis
2427 2631 2577 2729 (sic)
2630 2656 2758 2729 pro
2817 2635 3122 2729 presenti
3165 2658 3249 2709 ac
3295 2636 3366 2708 in

546 2761 854 2832 futurum
904 2759 1287 2831 ferventius
1342 2757 1627 2828 exibere
1675 2756 2026 2852 poteritis,
2086 2756 2453 2849 diligenter
2501 2758 2979 2848 actendend0,
3030 2779 3157 2831 vos
3206 2782 3365 2833 ves·

547 2895 826 2977 trosque
876 2905 1308 2958 successores
1353 2905 1598 2956 omnes
1637 2891 1709 2954 et
1747 2884 2314 2954 communitatem
2352 2884 2571 2978 ipsam
2612 2883 2826 2955 Castri
2865 2885 3092 2956 Plebis
3129 2884 3368 2977 hujus-
3420 2874 3429 2879 “

548 3008 736 3081 modi
781 3008 1207 3102 respectibus
1258 3008 1576 3079 volentes
1624 3007 1859 3099 aliquo
1911 3004 2228 3078 beneficii
2280 3007 2498 3079 nostri
2551 3006 2934 3079 munimine
2991 3007 3369 3081 liberaliter

547 3132 858 3225 aspicere
892 3142 963 3202 et
998 3131 1071 3201 in
1107 3131 1207 3202 eis
1252 3130 1525 3222 signum
1560 3130 1731 3221 regii
1768 3130 2025 3202 favoris
2066 3140 2137 3202 et
2173 3131 2394 3222 gratie
2428 3131 2816 3225 benigniter
2849 3131 3360 3224 demonstrare,

547 3276 674 3327 vos
712 3255 1014 3350 prefatos
1049 3253 1390 3341 homineS‚
1427 3253 1946 3341 comunitatem,
1985 3275 2416 3326 successores
2453 3276 2547 3325 ex
2581 3264 2770 3328 certa
2810 3265 3047 3327 nostra
3081 3256 3367 3328 scientia

548 3388 619 3449 et
661 3378 749 3450 de
793 3378 1164 3472 imperialis
1197 3376 1647 3472 plenitudinis
1689 3386 2028 3470 potestate
2062 3377 2403 3449 immunes
2436 3378 2723 3450 facimus
2769 3391 2839 3451 et
2885 3391 3171 3471 agentes
3209 3379 3365 3475 (sic)

549 3511 619 3572 et
654 3501 788 3572 hoc
827 3501 1043 3592 regali
1080 3501 1310 3572 edicto
1341 3500 1642 3594 prefatos
1683 3498 2001 3570 homines
2031 3521 2276 3573 omnes
2307 3511 2378 3573 et
2423 3523 2857 3574 successores
2904 3504 2995 3575 ab
3044 3504 3365 3576 omnibus

549 3633 619 3694 et
676 3623 964 3715 singulis
1030 3623 1548 3715 gravaminibus
1601 3643 2198 3715 quorumcumque
2251 3624 2591 3697 bonerum
2651 3625 3159 3698 ordinariorum
3216 3626 3361 3698 sive

549 3747 1260 3820 extraordinariorum
1301 3768 1463 3820 cum
1494 3746 1817 3818 omnibus
1862 3767 2105 3817 eorum
2138 3748 2389 3837 rebuS,
2417 3748 2689 3839 juribus
2736 3758 2807 3819 et
2854 3749 3239 3820 actionibus
3290 3749 3360 3819 in

550 3870 891 3942 territorio
930 3870 1149 3965 ipsius
1188 3870 1404 3944 Castri
1432 3871 1660 3943 Plebis
1691 3870 2067 3943 liberamus
2097 3872 2377 3967 penitus
2415 3868 2540 3968 [et]
2581 3872 2932 3943 reddimus
2978 3872 3356 3943 absolutos.

544 3993 655 4067 Ad
704 3995 907 4086 cujus
951 3995 1168 4066 Castri
1220 3994 1504 4086 quidem
1557 3994 1786 4066 Plebis
1833 3995 2327 4067 comunitatem
2383 4005 2455 4065 et
2501 3994 2818 4065 homines
2873 3993 3186 4085 ejusdem
3234 4015 3362 4088 per

548 4137 833 4210 presens
871 4118 1311 4212 privilegium
1348 4128 1421 4189 et
1453 4118 1686 4209 regale
1728 4117 2031 4191 edictum
2069 4119 2159 4192 de
2206 4118 2451 4190 eadem
2495 4115 2867 4211 imperialis
2911 4117 3362 4211 plenitudinis

435 4300 442 4309 .
546 4249 887 4332 potestate
928 4240 1275 4334 pertinere
1323 4240 1803 4332 concedimus,
1851 4241 2197 4313 sancimus
2242 4248 2314 4311 et
2354 4238 2787 4310 declaramus
2830 4248 3050 4312 totum
3087 4240 3360 4313 territo·

548 4361 727 4434 rium
775 4365 1042 4436 cultum
1092 4374 1163 4436 et
1209 4365 1548 4436 incultum
1568 4419 1588 4456 ,
1625 4364 1965 4438 *silvatum
2016 4374 2088 4435 et
2137 4362 2603 4435 macchiosum
2657 4361 2718 4459 (⁴
2734 4370 2788 4459 ),
2851 4365 3267 4438 existentem
3319 4387 3361 4437 a

621 4631 696 4703 (4)
733 4631 974 4688 roratum
1000 4631 1119 4688 bois
1145 4630 1331 4701 tulus,
1358 4628 1614 4704 maqucs?
