4364 5738
1029 574 1144 634 142
2022 577 2452 640 rmnssmci
2504 580 2850 641 ssscmvm
3462 589 3626 666 [Am.
3662 591 3835 653 1243.

1025 711 1236 782 totius
1268 710 1455 781 orbis
1499 711 1640 782 fere
1673 710 1871 780 ruina
1915 712 2398 800 tractabimus,
2434 724 2802 807 postquam
2859 716 3064 807 legati
3120 720 3382 809 sancti,
3418 725 3588 813 quin
3634 726 3839 797 etiam

1021 834 1391 906 cardinalis
1433 833 1829 929 promissio,
1870 836 2062 927 quod
2118 845 2226 906 est
2277 857 2531 908 nomen
2576 838 2976 911 venerabile
3024 843 3335 937 populis,
3387 855 3646 919 temere
3688 848 3835 921 vio·

1019 960 1244 1029 latur?
1273 959 1439 1029 Cum
1476 979 1614 1029 non
1652 980 1927 1053 semper
1956 959 2468 1053 presentialiter
2508 961 2711 1032 Cesar
2742 984 2901 1033 cum
2938 961 3336 1058 Apostolico
3370 971 3680 1042 conferat
3709 993 3835 1044 nec

1017 1105 1291 1176 semper
1326 1081 1846 1194 colloquentem·
1870 1081 1999 1152 sibi
2043 1079 2387 1152 summum
2426 1071 2820 1178 pontificem
2860 1086 3114 1159 habeat
3156 1091 3560 1183 magnificus
3600 1089 3831 1190 impe-

1014 1218 1228 1296 rator,
1285 1215 1470 1278 certe
1517 1227 1842 1277 veremur
1889 1206 2078 1298 quod
2133 1228 2265 1277 nec
2309 1207 2440 1277 ista
2485 1208 2753 1298 fastigia
2804 1208 3215 1302 dignitatum
3270 1213 3450 1285 inter
3507 1226 3608 1288 tot
3652 1220 3827 1289 mala

1015 1331 1447 1419 sufficerent,
1491 1330 1616 1401 sed
1654 1331 1801 1421 jam
1843 1329 2157 1400 oratione
2207 1340 2606 1401 sanctorum
2658 1332 2749 1403 de
2789 1334 3064 1405 celestis
3119 1338 3503 1410 consistorii
3550 1341 3829 1413 sedibus

1014 1452 1399 1548 oportuerit
1454 1452 1806 1546 apostolos
1868 1463 1939 1524 et
2000 1453 2287 1545 angelos
2338 1455 2639 1525 evocari.
2704 1454 3155 1531 Affectionem
3203 1461 3435 1553 itaque
3484 1473 3820 1553 vestram,

1013 1599 1224 1671 quam
1262 1576 1602 1647 habemus
1646 1576 1718 1645 in
1754 1576 1880 1647 Dei
1931 1577 2226 1648 veritate
2276 1577 2712 1672 precipuam,
2766 1602 2930 1671 egre
2982 1583 3162 1654 ferre
3208 1605 3347 1655 non
3404 1587 3725 1657 volumus
3770 1586 3825 1657 si

1014 1721 1221 1773 cause
1254 1708 1490 1770 nostre
1513 1699 1860 1791 justiciam
1893 1721 2022 1771 nos
2055 1700 2121 1769 in
2156 1700 2482 1772 noticiam
2516 1703 2865 1796 publicam
2899 1708 3273 1801 oportebit,
3304 1709 3511 1780 rebus
3542 1719 3621 1780 ut
3643 1727 3826 1782 nunc

1014 1846 1088 1896 se
1112 1823 1552 1912 habentibus,
1583 1845 1850 1894 summa
1875 1825 2286 1896 necessitate
2314 1835 2605 1919 cogente
2630 1829 2971 1922 proferre3
3011 1853 3306 1924 persone
3336 1841 3569 1905 tamen
3600 1845 3824 1906 vestre

1013 1948 1624 2040 transgressionem
1664 1960 1785 2019 aut
1829 1950 2139 2043 culpam,
2192 1950 2372 2021 sicut
2419 1951 2609 2045 apud
2640 1973 2805 2042 nOS,
2857 1954 2956 2025 sic
3002 1955 3212 2026 'etiam
3253 1956 3443 2051 apud
3475 1978 3718 2030 omnes
3754 1961 3821 2030 in

1011 2073 1332 2145 omnibus
1378 2082 1776 2144 excusatam
1831 2073 2077 2145 offerre
2115 2073 2579 2169 disponimus,
2616 2098 3015 2170 quanquam
3063 2080 3276 2174 ipsius
3330 2102 3536 2153 cause
3584 2082 3823 2153 discri-

1009 2216 1166 2266 men
1220 2204 1290 2266 et
1350 2193 1690 2265 evidentis
1748 2196 2231 2267 enormitatem
2284 2196 2544 2269 offense
2611 2198 2818 2270 nullis
2886 2201 3257 2273 verborum
3324 2203 3708 2295 coloribus,
3766 2204 3821 2275 si

1009 2323 1399 2413 loquamur,
1437 2319 1896 2391 obtenebrare
1931 2320 2301 2414 possimus.

2572 2619 2873 2629 ———-—-
2896 2621 3427 2631 ω

1112 2889 1575 2997 Fridericus,
1614 2888 2129 2971 Romanorum
2179 2888 2620 2996 imperator,
2662 2887 2824 2997 regi
2871 2887 3226 2971 Franciae
3270 2898 3345 2971 et
3394 2888 3562 2971 aliis
3598 2887 3815 2998 regi-

1007 3024 1156 3109 bus
1195 3035 1461 3109 notum
1505 3022 1686 3107 facit
1726 3047 1923 3131 quae
1970 3019 2111 3103 sibi
2158 3021 2237 3101 in
2288 3019 2683 3102 obsidione
2729 3019 3037 3102 Viterbii
3088 3021 3579 3130 contigerint,
3629 3022 3814 3102 dum

1009 3157 1107 3238 ad
1142 3180 1399 3263 preces
1441 3179 1682 3261 papae
1715 3162 1790 3235 et
1825 3151 2329 3235 cardinalium
2373 3151 2769 3234 obsidione
2805 3151 3091 3260 soluta,
3134 3180 3274 3235 nec
3320 3153 3815 3236 Viterbienses

1007 3316 1146 3370 nec
1179 3288 1502 3371 Romani
1541 3287 1769 3369 fidem
1807 3287 2261 3395 promissam
2306 3286 2902 3393 observaverint,
2946 3289 3078 3369 sed
3122 3286 3495 3371 militibus
3542 3288 3699 3370 suis
3744 3294 3817 3370 et

1006 3420 1173 3502 aliis
1210 3420 1502 3529 imperii
1539 3419 1890 3502 fidelibus
1925 3420 2212 3500 damna
2252 3444 2481 3527 super
2517 3420 2820 3502 damnis
2857 3418 3383 3529 irrogaverint.

1164 3635 1352 3715 (Edit.
1383 3639 1446 3695 in
1473 3634 1639 3696 Petri
1671 3632 1741 3694 de
1782 3635 1916 3694 Vin.
1961 3633 2156 3712 epist„
2190 3632 2286 3692 nb.
2336 3634 2428 3712 11,
2476 3650 2607 3710 cap.
2648 3634 2740 3708 11,
2772 3633 2907 3694 coll.
2954 3650 3091 3694 cum
3128 3633 3377 3695 codich.
3421 3632 3565 3693 bibl.
3616 3635 3808 3695 Cesar.

1237 3745 1453 3819 Paris„
1465 3740 1649 3822 fonds
1674 3737 2427 3819 Same-Gemuimlarlay,
2457 3750 2526 3800 n⁰
2556 3748 2696 3818 455,
2727 3737 2978 3817 etsonds
3002 3740 3415 3817 Nom-Dama,
3446 3749 3511 3799 n⁰
3542 3738 3707 3818 202.)

1090 3930 1666 4002 Subministrante
1702 3926 1904 4000 nobis
1934 3947 2277 3998 novorum
2309 3924 2811 4016 emergentium
2854 3924 3187 3996 varietate
3231 3924 3630 4016 materiam,
3671 3933 3808 3996 tam

992 4077 1172 4126 nova
1203 4076 1410 4146 quam
1458 4064 1698 4125 vetera
1738 4050 2037 4122 scribere
2089 4049 2425 4140 cogimur,
2468 4059 2548 4120 ut
2583 4050 2677 4121 ad
2717 4070 2844 4120 vos
2884 4049 3087 4144 plena
3131 4049 3376 4121 notitia
3416 4059 3806 4122 nostrorum

994 4187 1369 4250 eventuum
1429 4197 1521 4247 ex
1583 4187 1775 4247 certa
1829 4173 2115 4245 scientia
2172 4174 2583 4266 perferatur.
2653 4173 3146 4245 obsidentibus
3205 4173 3407 4245 nobis
3464 4172 3805 4265 siquidem

989 4300 1489 4371 viterbiensem
1525 4300 1910 4387 civitatem,
1951 4296 2143 4369 etad
2176 4296 2766 4391 expugnationem
2800 4297 3115 4389 ejusdem
3161 4319 3287 4391 pro
3324 4295 3591 4368 infinita
3626 4294 3805 4366 mul·

992 4420 1286 4494 titudine
1344 4421 1679 4493 machinis
1725 4421 2108 4517 preparatis
2130 4474 2151 4511 ,
2218 4442 2311 4492 ex
2370 4420 2665 4493 adverso
2719 4422 2993 4515 provisa
3040 4431 3145 4493 est
3204 4443 3472 4493 summe
3535 4420 3803 4492 subtili·

993 4546 1150 4617 tatis
1200 4555 1270 4616 et
1312 4544 1644 4618 industrie
1685 4548 1834 4637 via,
1879 4569 2017 4641 que
2057 4547 2485 4642 propositum
2539 4556 2852 4620 nostrum
2896 4568 2938 4618 a
2983 4539 3247 4642 coeptis
3295 4555 3685 4635 averteret,
3737 4554 3807 4616 et

980 4671 1247 4762 justum
1287 4668 1498 4740 animi
1533 4671 1748 4743 nostri
1785 4681 2086 4760 motum,
2130 4692 2339 4764 quem
2380 4679 2519 4741 tam
2566 4669 2920 4763 inopinata
2962 4668 3252 4764 perfidia
3289 4679 3533 4741 contra
3569 4690 3697 4741 nos
3735 4676 3805 4738 et
