4364 5738
586 542 790 602 lumcr.
819 538 916 623 5.]
1475 536 1869 598 HISTORIA
1919 534 2513 598 DIPLOMATch.
3291 541 3408 601 477

589 696 716 770 per
742 674 1183 757 Guillelmum
1217 673 1307 745 de
1335 672 1617 745 Tribino
1660 683 1729 744 et
1760 694 2057 745 uxorem
2094 694 2290 744 suam
2325 670 2794 763 Theodoram,
2831 692 3016 745 anno
3049 673 3411 746 millesimo

589 797 1038 890 nonagesimo
1087 796 1311 893 primo
1329 848 1348 886 ,
1383 817 1624 867 mense
1656 795 1928 890 aprilis,
1970 795 2348 868 indictione
2393 803 2668 890 quarta,
2702 805 2772 867 et
2816 816 2942 890 per
2976 797 3408 870 Tancredum

587 920 678 992 de
706 921 1058 1012 Altavilla,
1080 943 1267 993 anno
1295 921 1662 993 millesimo
1685 919 2063 993 centesimo
2091 930 2370 1012 quarto,
2403 940 2642 991 mense
2672 921 3001 1012 octobriS,
3030 921 3408 995 indictione

587 1041 1025 1115 duodecima.
1062 1084 1161 1096 —
1191 1043 1520 1137 Sequitur
1575 1042 1878 1135 denique
1936 1042 2419 1138 pronunciatio
2479 1041 2863 1113 sententiae
2922 1045 3049 1137 per
3097 1042 3405 1135 judicem

586 1164 1036 1238 Gallicianum
1069 1177 1308 1239 contra
1334 1166 1758 1238 Ranuccium
1791 1178 1864 1237 et
1888 1165 2267 1238 cabellotos
2293 1164 2685 1260 praedictos
2712 1161 2844 1235 sub
2869 1187 3095 1259 poena
3123 1176 3402 1237 centum

584 1284 1111 1386 augustalium]

687 1848 1318 1957 Buccamugellus
1376 1849 1473 1931 de
1532 1848 1881 1952 Salerno,
1936 1860 2274 1959 receptor
2327 1850 2738 1958 imperialis
2792 1851 2871 1932 in
2938 1852 3210 1936 Tuscia
3226 1917 3249 1961 ,
3306 1858 3401 1939 (16

580 1983 945 2065 mandato
994 1981 1350 2064 Friderici
1404 1983 1500 2064 de
1554 1981 1952 2064 Antiochia
2005 1975 2405 2065 confitetur
2468 1984 2836 2091 recepisse
2888 2011 2934 2065 a
2978 1988 3395 2072 camerario

579 2114 928 2197 comunis
970 2113 1322 2196 Senensis
1361 2112 1617 2196 CXXV
1659 2113 1895 2196 libras
1942 2114 2471 2222 denariorum,
2512 2143 2603 2197 ex
2642 2141 2944 2198 summa
2999 2117 3238 2201 CCCL
3293 2119 3400 2200 li-

579 2245 893 2329 brarum
949 2247 1344 2329 annuatim
1363 2307 1386 2352 ,
1440 2246 1764 2329 residuis
1817 2246 2214 2330 reservatis
2260 2272 2399 2354 pro
2452 2272 2685 2329 censu
2735 2248 2962 2330 castri
3016 2250 3390 2333 Monterii.

744 2461 992 2539 (Inedit.
1024 2479 1121 2539 ap.
1153 2462 1317 2523 arch.
1349 2478 1567 2521 comm.
1597 2460 1843 2522 senens.
1872 2477 2166 2539 pergam„
2196 2468 2244 2522 t.
2275 2460 2354 2538 V,
2386 2471 2452 2520 n⁰
2480 2459 2647 2539 409.)

674 2650 878 2722 Anno
913 2648 1188 2722 Domini
1232 2649 1599 2721 millesimo
1639 2648 1760 2720 CC.
1781 2648 2009 2737 XLVI,
2049 2647 2425 2720 indictione
2461 2648 2546 2739 V,
2581 2648 2694 2719 die
2731 2647 2937 2720 iduus
2976 2648 3387 2725 decembris.

573 2774 722 2865 Ego
745 2773 1058 2845 Matheus
1080 2774 1650 2865 Buccamugellus
1681 2772 1770 2844 de
1799 2773 2115 2860 Salern0,
2149 2785 2468 2868 receptor
2500 2782 2570 2843 et
2601 2773 3040 2867 rexponsitor
3069 2774 3393 2869 imperia-

576 2898 659 2969 lis
688 2899 978 2993 pecunie
1013 2898 1082 2969 in
1111 2899 1382 2989 Tuscia,
1411 2898 1692 2970 nomine
1725 2896 2099 2992 imperialis
2130 2897 2351 2988 curie,
2380 2896 2468 2968 de
2496 2897 2823 2969 mandato
2854 2897 3115 2969 domini
3147 2900 3397 2972 Frede-

576 3021 704 3113 rigi
737 3022 826 3093 de
860 3021 1224 3092 Antiochia
1255 3022 1515 3093 domini
1547 3021 1982 3117 imperatoris
2012 3017 2135 3091 filii
2171 3022 2353 3093 facto
2384 3021 2748 3116 potestati,
2783 3021 3068 3094 consilio
3102 3033 3171 3094 et
3203 3045 3393 3095 com-

572 3145 766 3214 muni
803 3143 1091 3214 Senensi
1120 3154 1200 3214 ut
1230 3144 1320 3215 de
1358 3143 1686 3233 mandato
1736 3144 2042 3215 constitit
2076 3164 2203 3237 per
2242 3144 2516 3215 lieteras
2556 3144 2720 3216 dicti
2753 3144 3016 3217 domini
3047 3146 3393 3240 Frederigi

573 3287 700 3338 suo
737 3266 961 3357 sigillo
998 3265 1327 3356 sigillatas
1361 3287 1403 3337 a
1434 3288 1546 3336 me
1578 3267 1849 3337 notario
1877 3266 2317 3361 infrascripto
2350 3268 2534 3338 visas
2564 3277 2636 3339 et
2656 3269 2907 3359 lectaS,
2938 3269 3148 3341 habui
3182 3282 3253 3343 et
3278 3294 3392 3344 re-

571 3389 724 3483 cepi
770 3409 813 3460 a
847 3388 1047 3459 vobis
1100 3388 1384 3460 domino
1419 3388 1801 3459 Contadino
1853 3387 2226 3477 Beringerii
2281 3389 2663 3460 camerario
2711 3392 3022 3462 comunis
3069 3394 3395 3467 Senensis

571 3513 736 3585 dicti
774 3512 1088 3583 comunis
1128 3511 1408 3583 nomine
1445 3511 1747 3582 CXXXV
1774 3510 1985 3581 libras
2025 3510 2469 3581 denariorum
2520 3512 2943 3584 minutorum
2986 3535 3077 3584 ex
3114 3517 3389 3589 residuo

570 3657 837 3707 summe
864 3635 1061 3708 CCCL
1089 3634 1420 3706 librarum
1449 3655 1587 3727 que
1617 3645 1816 3705 erant
1842 3655 1967 3728 pro
1992 3633 2408 3724 settuaginta
2440 3633 2740 3706 marchis
2769 3618 3038 3727 argenti
3064 3637 3155 3709 ad
3183 3640 3389 3711 ratio-

569 3779 732 3833 nem
763 3760 812 3833 C
844 3760 1220 3832 solidorum
1256 3779 1380 3852 pro
1417 3758 1729 3851 qualibet
1765 3778 2032 3846 marca,
2071 3756 2427 3828 residuum
2457 3779 2627 3830 vero
2665 3768 2770 3830 est
2799 3759 3020 3830 CCXV
3054 3759 3244 3832 libris
3274 3784 3387 3834 re-

569 3884 858 3956 servatis
883 3905 1011 3979 pro
1040 3904 1254 3955 censu
1285 3904 1495 3975 quem
1531 3902 1826 3954 comune
1863 3883 2169 3953 Senense
2205 3881 2460 3953 habere
2492 3882 2704 3954 debet
2734 3882 2823 3954 de
2858 3892 3084 3955 castro
3116 3887 3383 3958 Monte·

565 4007 650 4077 rii
690 4018 769 4079 ut
813 4007 1014 4097 dicit,
1047 4027 1220 4098 quas
1262 4006 1430 4077 dare
1475 4004 1778 4076 debebat
1819 4006 1909 4077 de
1952 4027 2190 4077 mense
2232 4005 2394 4076 maii
2435 4006 2752 4101 proxime
2795 4007 3101 4101 preteriti
3139 4020 3384 4102 quarte

565 4128 991 4221 indictionis3
1030 4129 1420 4202 renuntiavi
1462 4128 1855 4223 exceptioni
1898 4151 2038 4202 non
2069 4126 2303 4201 habite
2348 4139 2419 4237 et
2453 4151 2594 4201 non
2629 4139 2907 4224 recepte
2940 4132 3266 4225 pecunie,
3305 4146 3385 4207 ut

567 4252 828 4325 dictum
871 4264 1001 4344 est,
1040 4254 1170 4326 fori
1215 4254 1574 4348 privilegio
1621 4262 1692 4324 et
1730 4253 1918 4324 omni
1955 4253 2135 4344 J'uris
2175 4263 2246 4324 et
2291 4255 2522 4346 legum
2563 4254 2852 4326 auxilio.
2896 4254 3144 4328 Actum
3186 4260 3385 4332 Senis

565 4375 754 4471 apud
794 4377 1118 4448 Sanctum
1159 4376 1602 4468 Peregrinum
1636 4375 1710 4446 in
1740 4373 2116 4446 Biccherna
2149 4397 2382 4449 coram
2414 4376 2713 4450 dominis
2742 4378 2998 4472 Orgese
3034 4381 3391 4476 Mainetti,

565 4498 954 4591 Uguccione
985 4498 1553 4572 Mezzolomhardi
1577 4497 1841 4591 judice,
1872 4497 2192 4570 Rainerio
2219 4498 2515 4590 Patricii,
2548 4498 2880 4593 Federigo
2913 4503 3216 4596 Comitis,
3247 4505 3381 4578 Ar-

564 4621 863 4715 ringerio
897 4622 1173 4694 Ranerii
1201 4632 1272 4694 et
1294 4621 1645 4694 Dieceldie
1674 4620 1770 4719 (3³)
1795 4622 2081 4694 notariis
2095 4670 2128 4713 ,a
2149 4621 2441 4695 testibus
2470 4625 2924 4719 presentibus.

3560 1859 3686 1901 Seni·
3694 1887 3710 1908 ,

3469 1910 3521 1951 1³
3536 1911 3794 1957 decembri..
