4364 5738
551 559 750 616 Iunior.
788 555 876 632 l.]
1454 552 1846 612 HISTORIA
1897 551 2485 613 DIPLOMA'HCA.
3260 555 3376 616 109

649 689 1072 776 Fridericus,
1113 687 1238 758 Dei
1279 687 1501 778 gratia
1532 687 1997 758 Romanorum
2037 686 2414 781 imperator
2453 707 2728 780 semper
2761 699 3128 778 augustuS,
3174 690 3371 760 Jeru-

551 813 767 882 salem
802 820 872 882 et
913 809 1163 904 Sycilie
1197 831 1353 881 rex.
1392 809 1820 904 Supplicavit
1854 810 2267 881 excellentie
2300 820 2536 881 nostre
2571 810 2932 882 Heinricus
2959 813 3374 884 venerabilis

551 933 1147 1027 Babenbergensis
1201 934 1498 1021 electuS,
1564 933 1862 1005 dilectus
1910 933 2233 1027 princeps
2282 943 2543 1023 noster,
2594 945 2938 1025 quatenus
2990 958 3150 1007 cum
3188 935 3371 1009 filius

550 1056 961 1129 marschalci
994 1056 1083 1127 de
1116 1056 1401 1150 Cynstat
1426 1055 1889 1127 ministerialis
1921 1056 2210 1128 ecclesie
2242 1077 2366 1128 sue
2396 1055 2609 1128 filiam
2641 1058 2925 1150 Ruperti
2956 1058 3044 1130 de
3073 1059 3368 1131 Nirstein

549 1180 1015 1252 ministerialis
1047 1180 1264 1251 nostri
1290 1177 1393 1274 (a)
1430 1180 1713 1252 duxerit
1743 1179 1812 1250 in
1843 1200 2166 1270 uxorem,
2208 1201 2338 1253 nos
2372 1180 2593 1274 ipsam
2619 1180 2712 1276 (b)
2740 1202 2897 1253 cum
2931 1183 3125 1276 prole
3159 1203 3368 1276 quam

548 1324 589 1374 a
614 1301 760 1376 filio
793 1304 960 1376 dicti
990 1303 1400 1374 marschalci
1433 1304 1849 1397 susceperit,
1890 1303 2021 1374 sibi
2050 1313 2121 1374 et
2142 1304 2433 1376 ecclesie
2459 1304 3015 1397 Babenbergensi
3045 1304 3365 1377 dividen-

547 1425 707 1498 dam
742 1427 1105 1498 nobiscum
1141 1427 1310 1498 dare
1339 1428 1428 1498 de
1458 1427 1740 1521 speciali
1765 1427 1986 1518 gratia
2020 1426 2489 1518 dignaremur.
2525 1428 2665 1498 Nos
2691 1428 2901 1518 igitur
2930 1429 3366 1500 attendentes

546 1552 738 1642 quod
774 1551 1001 1623 dictus
1032 1551 1380 1643 Rupertus
1406 1552 1642 1644 plures
1672 1550 1899 1622 adhuc
1934 1548 2113 1621 filios
2157 1550 2369 1622 habet
2405 1561 2476 1622 et
2517 1548 2695 1622 filias
2739 1552 2941 1622 nobis
2972 1561 3043 1621 et
3077 1552 3365 1646 imperio

543 1674 950 1761 attinentes,
997 1674 1211 1768 ipsius
1245 1673 1862 1768 supplicationibus
1904 1674 2271 1764 benignius
2307 1673 2616 1744 inclinati
2666 1674 2916 1745 dictam
2966 1673 3177 1745 filiam
3222 1676 3361 1746 Ru-

546 1796 721 1888 perti
750 1796 839 1866 de
876 1796 1176 1866 Nirstein
1209 1817 1419 1888 quam
1452 1794 1634 1867 filius
1662 1796 1905 1889 prefati
1936 1796 2343 1868 marschalci
2377 1796 2581 1868 duxit
2612 1797 2942 1888 legittime
2971 1799 3041 1867 in
3069 1819 3362 1869 uxorem

543 1940 700 1990 cum
740 1917 900 1989 filiis
945 1940 1121 2010 quos
1159 1919 1361 1994 simul
1395 1918 1799 2010 genuerint,
1845 1918 2029 1990 dicte
2077 1920 2636 2012 Babenbergensi
2691 1921 2979 1991 ecclesie
3031 1932 3101 1991 et
3142 1923 3362 1993 electo

541 2043 758 2136 ipsius
793 2041 1077 2112 nomine
1102 2015 1356 2113 'damus
1397 2040 1808 2113 dividendos
1848 2040 2208 2111 nobiscum
2255 2051 2325 2112 et
2369 2052 2606 2113 tenore
2648 2043 3070 2136 presentium
3109 2042 3359 2114 confir-

543 2188 851 2252 mamuS‚
901 2166 1109 2236 salvis
1161 2164 1676 2237 conditionibus
1718 2163 1970 2235 habitis
2021 2164 2205 2234 inter
2257 2185 2382 2236 nos
2428 2175 2499 2236 et
2548 2167 2910 2237 ecclesiam
2962 2167 3355 2237 Babenber-

537 2309 828 2381 gensem
870 2288 958 2358 de
1001 2288 1564 2359 ministerialibus
1608 2286 1859 2360 nostris
1900 2297 1971 2358 et
2012 2287 2280 2380 imperii
2324 2298 2393 2359 et
2438 2289 2652 2382 ipsius
2693 2289 2981 2360 ecclesie
3024 2289 3359 2360 hactenus

538 2410 948 2484 observatis.
993 2411 1104 2483 Ad
1151 2411 1351 2501 cujus
1384 2411 1484 2482 rei
1524 2411 1926 2482 memoriam
1959 2432 2248 2504 presens
2288 2412 2618 2505 scriptum
2650 2411 2795 2482 fieri
2830 2411 3116 2482 fecimus
3156 2422 3227 2483 et
3264 2414 3355 2482 si-

407 2603 411 2608 .
537 2536 704 2627 gillo
736 2535 1114 2624 majestatis
1147 2545 1380 2606 nostre
1399 2536 1731 2626 jussimus
1762 2534 2200 2605 communiri.

632 2660 885 2730 Datum
915 2658 1187 2746 Ariani,
1235 2678 1422 2729 anno
1468 2658 1810 2729 dominice
1858 2657 2346 2728 incarnationis
2393 2658 2483 2729 M.
2512 2657 2632 2730 CC.
2660 2659 2897 2745 XLIII,
2945 2679 3180 2729 mense
3226 2680 3351 2730 au-

535 2791 771 2875 gusto,
805 2784 833 2853 1
868 2781 1283 2855 indictionis.

638 3357 693 3438 F
697 3357 1108 3461 ridericuS,
1185 3355 1703 3439 Romanorum
1784 3357 2223 3465 imperator,
2300 3358 2639 3443 Arnoldo
2707 3362 2803 3442 de
2869 3362 3340 3446 Gimmenich
3421 3394 3712 3502 [05:323ss

530 3491 844 3571 sculteto
910 3489 1243 3596 Aquensi
1305 3488 1847 3597 obligationem
1910 3502 2413 3572 trecentarum
2477 3517 2907 3574 marcarum
2963 3497 3042 3575 in
3111 3498 3340 3580 domo
3654 3480 3664 3491 ’

529 3623 656 3703 ubi
696 3622 930 3729 panni
967 3621 1402 3703 venduntur
1436 3622 1642 3727 apud
1680 3620 1938 3728 Aquas
1975 3633 2050 3703 et
2083 3622 2676 3713 infeudationem
2715 3625 3021 3708 alterius
3063 3628 3338 3710 domus

528 3779 722 3861 quae
757 3753 1080 3836 Blandin
1121 3753 1429 3859 dicitur,
1470 3753 1894 3836 confirmat.

684 3965 955 4045 (Edider.
1001 3967 1447 4040 Wuanrwum,
1492 3968 1656 4030 Nova
1696 3965 1907 4028 mbsid.
1952 3965 2281 4047 diplomat„
2323 3978 2363 4031 t.
2411 3972 2526 4041 XI,
2571 3989 2626 4046 p.
2672 3982 2770 4048 21,
2800 3982 2868 4032 n⁰
2893 3983 2955 4043 5,
2996 3990 3070 4033 ex
3103 3975 3328 4038 archiv.

757 4073 1129 4151 Blanckenh.
1162 4106 1243 4118 -
1266 4073 1465 4147 me,
1509 4071 1648 4133 Cod-
1685 4071 1986 4153 diplomat.
2021 4075 2334 4156 Aquensis,
2368 4095 2431 4153 p.
2481 4086 2613 4149 161,
2660 4088 2726 4136 n⁰
2765 4086 2912 4152 235,
2945 4082 3332 4142 verisimiliter

760 4178 1007 4237 latinam
1037 4180 1364 4237 versionem
1392 4182 1574 4238 secuti
1601 4179 1905 4255 cujusdam
1935 4180 2293 4240 Teutonicae
2319 4196 2394 4239 ex
2421 4181 2691 4257 originali
2719 4184 3049 4262 versionis.)

614 4358 1031 4450 FridericuS,
1065 4362 1189 4433 Dei
1223 4363 1448 4455 gratia
1491 4363 1959 4436 Romanorum
2000 4364 2375 4456 imperator
2413 4383 2687 4457 semper
2721 4378 3090 4459 augustus,
3129 4372 3325 4443 Jeru-

603 4532 686 4612 (a)
730 4535 802 4595 In
828 4536 1022 4597 codice
1043 4543 1253 4598 noem.

600 4638 682 4718 (b)
723 4640 948 4701 laidem
973 4643 1183 4721 imm.
