4364 5738
614 571 818 632 inum.
850 567 937 653 3.]
1122 588 1130 597 ·
1498 561 1893 628 msroma
1940 556 2530 622 nirLoMATmA.
3307 552 3432 614 315

724 1119 1149 1231 Fridericus
1163 1184 1187 1229 ‚
1228 1125 1750 1208 Romanorum
1787 1122 2229 1232 imperator,
2272 1123 2898 1232 compositionem
2933 1123 3130 1205 inter
3173 1122 3428 1207 Mein-

617 1253 946 1337 hardum
1001 1256 1356 1339 comitem
1400 1256 1498 1337 de
1547 1254 1843 1340 Gorizia
1885 1266 1962 1337 et
2009 1254 2636 1339 communitatem
2695 1254 3097 1338 hominum
3159 1256 3432 1339 Portus

618 1385 951 1473 Latisani
991 1414 1219 1501 super
1248 1389 1691 1475 eorumdem
1724 1388 2071 1472 libertate
2103 1388 2371 1473 initam
2409 1386 2834 1472 confirmat.

780 1609 1125 1688 (Memorat.
1152 1628 1254 1691 ap.
1280 1614 1603 1689 noum,
1629 1614 1875 1698 Repeto
1899 1615 2153 1696 impasti,
2179 1632 2245 1693 p.
2277 1623 2419 1692 201,
2437 1622 2511 1676 n·
2538 1622 2722 1687 1⁰97,
2748 1629 2829 1679 ex
2851 1615 3065 1678 nautia
3087 1629 3272 1692 quam
3296 1628 3436 1680 eum

851 1717 987 1795 ipso
1010 1718 1279 1782 Pei-tatus
1302 1722 1818 1802 communicavit.)

717 1911 892 1986 Acta
934 1926 1099 1987 sunt
1140 1915 1272 1988 hec
1309 1937 1496 1988 anno
1541 1915 1886 1989 dominice
1935 1916 2429 1989 incarnationis
2462 1916 2557 1989 M.
2581 1916 2928 2007 CC.XLV,
2973 1935 3212 1989 mense
3241 1915 3432 2010 julii,

622 2036 823 2111 tertie
854 2038 1275 2110 indictionis·

718 2164 968 2234 Datum
998 2163 1312 2253 Verone,
1346 2170 1481 2234 etc.

727 2742 1153 2829 Fridericus
1170 2804 1194 2851 ‚
1249 2744 1773 2830 Romanorum
1834 2745 2276 2855 imperator,
2335 2745 2437 2829 ad
2505 2743 3095 2856 supplicationes
3165 2744 3443 2831 civium

626 2875 1314 2960 Wormaciensium
1339 2940 1363 2985 ‚
1410 2878 1786 2988 promittit
1824 2879 2038 2991 quod
2083 2888 2245 2962 tam
2281 2877 2595 2962 clericos
2637 2903 2879 2987 quam
2912 2877 3147 2963 laicos
3193 2877 3439 2968 Wor-

630 3008 905 3090 matiae
931 3009 1009 3088 in
1045 3011 1591 3120 compositione
1619 3021 1954 3094 assumet
1980 3036 2217 3120 quam
2250 3009 2590 3092 facturus
2627 3019 2741 3092 est
2777 3011 2931 3094 sive
2965 3035 3143 3092 cum
3178 3009 3447 3093 Eccle-

631 3137 744 3220 sia
778 3140 1123 3223 Romana
1158 3143 1313 3225 sive
1348 3169 1526 3224 cum
1565 3144 2126 3252 archiepiscopo
2158 3142 2633 3251 Maguntino.

792 3366 995 3446 (Edld.
1031 3370 1179 3431 1011.
1207 3371 1424 3432 ann.
1455 3371 1724 3444 Monrrz,
1756 3370 1911 3431 Hm.
1934 3368 2077 3450 dipl.
2111 3368 2502 3450 Abltandlunq
2525 3388 2653 3430 vom
2689 3369 2992 3450 Ursprunq
3025 3367 3191 3429 der-er
3216 3368 3445 3452 Reiclzsf

877 3474 1094 3548 Smne,
1122 3482 1258 3549 etc„
1282 3475 1553 3557 append.
1580 3476 1848 3551 docum„
1877 3484 1947 3538 n⁰
1970 3476 2149 3554 XVI,
2176 3494 2252 3540 ex
2279 3473 2604 3559 originali.)

727 3671 1148 3762 FridericuS,
1187 3672 1315 3744 Dei
1344 3673 1568 3764 gratia
1594 3675 2065 3746 Romanorum
2101 3674 2483 3768 imperator
2523 3690 2801 3769 semper
2837 3681 3207 3764 augustus,
3249 3670 3447 3741 Jeru-

633 3795 849 3869 salem
885 3805 958 3866 et
984 3796 1215 3869 Sicilie
1250 3818 1406 3869 rex.
1444 3797 1574 3869 Per
1604 3818 1893 3892 presens
1920 3797 2257 3892 scriptum
2289 3808 2532 3869 notum
2562 3795 2852 3868 facimus
2882 3793 3228 3867 universis
3258 3794 3448 3887 quod

633 3938 762 3990 nos
792 3918 1063 3992 devotis
1103 3921 1727 4015 supplicationibus
1759 3921 2017 3994 civium
2054 3919 2675 3995 wormaciensium
2710 3927 3104 3990 nostrorum
3135 3916 3446 3989 fidelium

629 4042 1098 4116 favorabiliter
1137 4044 1447 4119 inclinati
1478 4066 1857 4140 eorumque
1885 4047 2116 4120 future
2152 4045 2369 4140 quieti
2395 4042 2932 4117 misericorditer
2963 4041 3443 4136 providentes»,

633 4166 1097 4259 promittimus
1131 4169 1323 4264 quod
1351 4178 1493 4243 tam
1520 4169 1807 4244 clericos
1842 4189 2054 4267 quam
2087 4169 2300 4243 laicos
2330 4167 2706 4242 Wormatie
2749 4164 3044 4240 civitatis
3071 4164 3199 4261 qui
3238 4161 3449 4236 fidem

632 4307 835 4360 suam
896 4291 1085 4363 circa
1135 4313 1266 4365 nos
1323 4304 1395 4365 et
1444 4293 1813 4387 imperium
1866 4291 2306 4366 laudabiliter
2359 4299 2908 4380 conservarunt,
2969 4288 3450 4384 compositioni

637 4419 873 4484 nostre
895 4434 1109 4505 quam
1136 4416 1386 4488 facturi
1411 4439 1655 4488 sumus
1697 4438 1858 4488 cum
1888 4413 2197 4487 Ecclesia
2220 4416 2529 4486 Romana
2560 4412 2710 4485 sive
2734 4434 2897 4484 cum
2935 4411 3448 4508 archiepiscopo

636 4533 1038 4625 Maguntino
1064 4536 1361 4611 fideliter
1385 4561 1852 4630 assumemus3
1875 4539 1973 4610 ita
1997 4548 2080 4610 ut
2102 4536 2328 4611 omnis
2351 4546 2573 4609 cesset
2595 4535 2866 4630 questio
2894 4558 3031 4630 que
3056 4536 3222 4631 ipsis
3248 4558 3448 4609 occa-

639 4656 833 4730 sione
860 4660 1173 4755 obsequii
1199 4665 1402 4736 nobis
1429 4674 1499 4737 et
1524 4663 1816 4759 imperio
1853 4662 2141 4734 exhibiti
2177 4661 2442 4735 moveri
2468 4670 2700 4756 posset
2725 4681 2767 4732 a
2796 4660 3109 4754 predicta
3141 4662 3450 4733 Romana

3548 1124 3748 1168 Veronae
3761 1158 3778 1179 ,

3597 1179 3734 1234 snum

3567 2744 3765 2788 Veronae
3780 2772 3795 2795 ‚

3593 2801 3621 2842 8
3635 2796 3757 2853 jum.
