<?xml version="1.0" encoding="UTF-8"?>
<!DOCTYPE html PUBLIC "-//W3C//DTD XHTML 1.0 Transitional//EN"
    "http://www.w3.org/TR/xhtml1/DTD/xhtml1-transitional.dtd">
<html xmlns="http://www.w3.org/1999/xhtml" xml:lang="en" lang="en">
 <head>
  <title>
</title>
<meta http-equiv="Content-Type" content="text/html;charset=utf-8" />
  <meta name='ocr-system' content='tesseract 3.04.00' />
  <meta name='ocr-capabilities' content='ocr_page ocr_carea ocr_par ocr_line ocrx_word'/>
</head>
<body>
  <div class='ocr_page' id='page_1' title='image "./historiadiploma00degoog_0356.png"; bbox 0 0 4364 5738; ppageno 0'>
   <div class='ocr_carea' id='block_1_1' title="bbox 1084 522 3895 2358">
    <p class='ocr_par' dir='ltr' id='par_1_1' title="bbox 1084 522 3895 2358">
     <span class='ocr_line' id='line_1_1' title="bbox 1084 522 3888 606; baseline 0.004 -23"><span class='ocrx_word' id='word_1_1' title='bbox 1084 522 1209 583; x_wconf 73' lang='lat'>342</span> <span class='ocrx_word' id='word_1_2' title='bbox 1286 571 1323 578; x_wconf 79' lang='grc'>-</span> <span class='ocrx_word' id='word_1_3' title='bbox 2083 523 2511 587; x_wconf 71' lang='grc' dir='ltr'><strong>ΗΠΒΕΜΟΙ</strong></span> <span class='ocrx_word' id='word_1_4' title='bbox 2562 526 2910 588; x_wconf 69' lang='lat' dir='ltr'>ssscumnt</span> <span class='ocrx_word' id='word_1_5' title='bbox 3523 526 3687 606; x_wconf 73' lang='lat' dir='ltr'>[An.</span> <span class='ocrx_word' id='word_1_6' title='bbox 3723 530 3888 593; x_wconf 70' lang='lat'>1245.</span> 
     </span>
     <span class='ocr_line' id='line_1_2' title="bbox 1091 657 3889 756; baseline 0.002 -26"><span class='ocrx_word' id='word_1_7' title='bbox 1091 660 1418 753; x_wconf 90' lang='lat' dir='ltr'>temporis</span> <span class='ocrx_word' id='word_1_8' title='bbox 1455 657 1865 754; x_wconf 77' lang='lat' dir='ltr'>prefiguretl</span> <span class='ocrx_word' id='word_1_9' title='bbox 1903 658 2015 731; x_wconf 83' lang='lat' dir='ltr'>Ab</span> <span class='ocrx_word' id='word_1_10' title='bbox 2063 659 2282 753; x_wconf 89' lang='lat' dir='ltr'>ipsius</span> <span class='ocrx_word' id='word_1_11' title='bbox 2316 658 2621 754; x_wconf 82' lang='lat' dir='ltr'>denique</span> <span class='ocrx_word' id='word_1_12' title='bbox 2659 661 2993 732; x_wconf 84' lang='lat' dir='ltr'>fructibus</span> <span class='ocrx_word' id='word_1_13' title='bbox 3036 660 3398 732; x_wconf 88' lang='lat' dir='ltr'>manifeste</span> <span class='ocrx_word' id='word_1_14' title='bbox 3433 663 3889 756; x_wconf 75' lang='lat' dir='ltr'>cognoscitur,</span> 
     </span>
     <span class='ocr_line' id='line_1_3' title="bbox 1089 780 3895 876; baseline 0.002 -24"><span class='ocrx_word' id='word_1_15' title='bbox 1089 780 1297 874; x_wconf 88' lang='lat' dir='ltr'>quale</span> <span class='ocrx_word' id='word_1_16' title='bbox 1330 782 1535 852; x_wconf 89' lang='lat' dir='ltr'>fuerit</span> <span class='ocrx_word' id='word_1_17' title='bbox 1569 782 1718 873; x_wconf 90' lang='lat' dir='ltr'>ejus</span> <span class='ocrx_word' id='word_1_18' title='bbox 1749 791 2208 876; x_wconf 90' lang='lat' dir='ltr'>preconcepte</span> <span class='ocrx_word' id='word_1_19' title='bbox 2239 783 2618 854; x_wconf 89' lang='lat' dir='ltr'>voluntatis</span> <span class='ocrx_word' id='word_1_20' title='bbox 2650 782 2958 872; x_wconf 92' lang='lat' dir='ltr'>initium,</span> <span class='ocrx_word' id='word_1_21' title='bbox 2993 782 3185 876; x_wconf 89' lang='lat' dir='ltr'>quod</span> <span class='ocrx_word' id='word_1_22' title='bbox 3224 792 3366 855; x_wconf 91' lang='lat' dir='ltr'>tam</span> <span class='ocrx_word' id='word_1_23' title='bbox 3395 784 3550 856; x_wconf 83' lang='lat' dir='ltr'>vilis</span> <span class='ocrx_word' id='word_1_24' title='bbox 3583 782 3743 858; x_wconf 87' lang='lat' dir='ltr'>finis</span> <span class='ocrx_word' id='word_1_25' title='bbox 3775 807 3895 858; x_wconf 82' lang='lat' dir='ltr'>ex·</span> 
     </span>
     <span class='ocr_line' id='line_1_4' title="bbox 1089 905 3891 1002; baseline 0.002 -27"><span class='ocrx_word' id='word_1_26' title='bbox 1089 906 1357 1000; x_wconf 84' lang='lat' dir='ltr'><strong>plicuit,</strong></span> <span class='ocrx_word' id='word_1_27' title='bbox 1389 905 1612 997; x_wconf 90' lang='lat' dir='ltr'>qualis</span> <span class='ocrx_word' id='word_1_28' title='bbox 1648 906 1801 996; x_wconf 90' lang='lat' dir='ltr'>ejus</span> <span class='ocrx_word' id='word_1_29' title='bbox 1832 905 2235 999; x_wconf 82' lang='lat' dir='ltr'>pregnantis</span> <span class='ocrx_word' id='word_1_30' title='bbox 2260 905 2598 1000; x_wconf 85' lang='lat' dir='ltr'>propositi</span> <span class='ocrx_word' id='word_1_31' title='bbox 2626 915 2857 979; x_wconf 91' lang='lat' dir='ltr'>tumor</span> <span class='ocrx_word' id='word_1_32' title='bbox 2888 906 3222 996; x_wconf 84' lang='lat' dir='ltr'>extiterit,</span> <span class='ocrx_word' id='word_1_33' title='bbox 3254 927 3462 999; x_wconf 81' lang='lat' dir='ltr'>quem</span> <span class='ocrx_word' id='word_1_34' title='bbox 3493 917 3734 1002; x_wconf 88' lang='lat' dir='ltr'>partus</span> <span class='ocrx_word' id='word_1_35' title='bbox 3761 920 3891 980; x_wconf 87' lang='lat' dir='ltr'>tam</span> 
     </span>
     <span class='ocr_line' id='line_1_5' title="bbox 1089 1028 3889 1126; baseline 0.001 -26"><span class='ocrx_word' id='word_1_36' title='bbox 1089 1029 1379 1119; x_wconf 89' lang='lat' dir='ltr'>fetidus,</span> <span class='ocrx_word' id='word_1_37' title='bbox 1414 1038 1555 1099; x_wconf 91' lang='lat' dir='ltr'>tam</span> <span class='ocrx_word' id='word_1_38' title='bbox 1594 1029 1879 1100; x_wconf 90' lang='lat' dir='ltr'>dolosus</span> <span class='ocrx_word' id='word_1_39' title='bbox 1919 1029 2253 1101; x_wconf 83' lang='lat' dir='ltr'>excludit.</span> <span class='ocrx_word' id='word_1_40' title='bbox 2292 1029 2382 1100; x_wconf 93' lang='lat' dir='ltr'>Ut</span> <span class='ocrx_word' id='word_1_41' title='bbox 2412 1050 2623 1123; x_wconf 90' lang='lat' dir='ltr'>super</span> <span class='ocrx_word' id='word_1_42' title='bbox 2657 1028 2769 1100; x_wconf 89' lang='lat' dir='ltr'>his</span> <span class='ocrx_word' id='word_1_43' title='bbox 2803 1029 3013 1121; x_wconf 83' lang='lat' dir='ltr'>igitur</span> <span class='ocrx_word' id='word_1_44' title='bbox 3041 1040 3345 1102; x_wconf 91' lang='lat' dir='ltr'>mentem</span> <span class='ocrx_word' id='word_1_45' title='bbox 3379 1041 3684 1102; x_wconf 88' lang='lat' dir='ltr'>vestram</span> <span class='ocrx_word' id='word_1_46' title='bbox 3708 1085 3728 1121; x_wconf 98' lang='lat'>,</span> <span class='ocrx_word' id='word_1_47' title='bbox 3762 1054 3889 1126; x_wconf 89' lang='lat' dir='ltr'>que</span> 
     </span>
     <span class='ocr_line' id='line_1_6' title="bbox 1088 1146 3887 1240; baseline 0.001 -16"><span class='ocrx_word' id='word_1_48' title='bbox 1088 1174 1247 1224; x_wconf 90' lang='lat' dir='ltr'>cum</span> <span class='ocrx_word' id='word_1_49' title='bbox 1290 1153 1384 1224; x_wconf 90' lang='lat' dir='ltr'>ad</span> <span class='ocrx_word' id='word_1_50' title='bbox 1429 1152 1833 1223; x_wconf 88' lang='lat' dir='ltr'>utrumlibet</span> <span class='ocrx_word' id='word_1_51' title='bbox 1876 1151 1966 1223; x_wconf 91' lang='lat' dir='ltr'>sit</span> <span class='ocrx_word' id='word_1_52' title='bbox 2018 1152 2300 1223; x_wconf 89' lang='lat' dir='ltr'>auditus</span> <span class='ocrx_word' id='word_1_53' title='bbox 2343 1151 2777 1240; x_wconf 82' lang='lat' dir='ltr'>indifferens,</span> <span class='ocrx_word' id='word_1_54' title='bbox 2824 1153 3115 1225; x_wconf 71' lang='lat' dir='ltr'>sinistris</span> <span class='ocrx_word' id='word_1_55' title='bbox 3162 1154 3337 1225; x_wconf 91' lang='lat' dir='ltr'>forte</span> <span class='ocrx_word' id='word_1_56' title='bbox 3380 1146 3710 1226; x_wconf 82' lang='lat' dir='ltr'>relatibus</span> <span class='ocrx_word' id='word_1_57' title='bbox 3752 1178 3887 1227; x_wconf 89' lang='lat' dir='ltr'>rem</span> 
     </span>
     <span class='ocr_line' id='line_1_7' title="bbox 1086 1277 3891 1371; baseline 0.001 -22"><span class='ocrx_word' id='word_1_58' title='bbox 1086 1279 1286 1349; x_wconf 89' lang='lat' dir='ltr'>aliter</span> <span class='ocrx_word' id='word_1_59' title='bbox 1319 1287 1553 1371; x_wconf 85' lang='lat' dir='ltr'>posset</span> <span class='ocrx_word' id='word_1_60' title='bbox 1581 1277 1867 1348; x_wconf 90' lang='lat' dir='ltr'>credere</span> <span class='ocrx_word' id='word_1_61' title='bbox 1892 1297 2101 1369; x_wconf 89' lang='lat' dir='ltr'>quam</span> <span class='ocrx_word' id='word_1_62' title='bbox 2133 1277 2391 1349; x_wconf 87' lang='lat' dir='ltr'>veritas</span> <span class='ocrx_word' id='word_1_63' title='bbox 2421 1286 2869 1370; x_wconf 83' lang='lat' dir='ltr'>protestatur,</span> <span class='ocrx_word' id='word_1_64' title='bbox 2903 1277 3295 1349; x_wconf 87' lang='lat' dir='ltr'>rumoribus</span> <span class='ocrx_word' id='word_1_65' title='bbox 3322 1278 3611 1370; x_wconf 89' lang='lat' dir='ltr'>abjectis</span> <span class='ocrx_word' id='word_1_66' title='bbox 3636 1280 3891 1352; x_wconf 89' lang='lat' dir='ltr'>adulte-</span> 
     </span>
     <span class='ocr_line' id='line_1_8' title="bbox 1088 1397 3886 1496; baseline 0 -23"><span class='ocrx_word' id='word_1_67' title='bbox 1088 1403 1258 1473; x_wconf 92' lang='lat' dir='ltr'>rinis</span> <span class='ocrx_word' id='word_1_68' title='bbox 1283 1400 1595 1474; x_wconf 87' lang='lat' dir='ltr'>veritatis</span> <span class='ocrx_word' id='word_1_69' title='bbox 1614 1400 1824 1472; x_wconf 82' lang='lat' dir='ltr'>scobe</span> <span class='ocrx_word' id='word_1_70' title='bbox 1841 1398 1932 1496; x_wconf 76' lang='lat' dir='ltr'>(P)</span> <span class='ocrx_word' id='word_1_71' title='bbox 1957 1397 2411 1494; x_wconf 83' lang='lat' dir='ltr'>purificent,..</span> <span class='ocrx_word' id='word_1_72' title='bbox 2429 1452 2446 1470; x_wconf 91' lang='lat'>.</span> <span class='ocrx_word' id='word_1_73' title='bbox 2471 1400 2764 1472; x_wconf 82' lang='lat' dir='ltr'>nuncios</span> <span class='ocrx_word' id='word_1_74' title='bbox 2791 1409 3062 1472; x_wconf 87' lang='lat' dir='ltr'>nostros</span> <span class='ocrx_word' id='word_1_75' title='bbox 3078 1402 3333 1473; x_wconf 88' lang='lat' dir='ltr'>latores</span> <span class='ocrx_word' id='word_1_76' title='bbox 3357 1402 3780 1495; x_wconf 86' lang='lat' dir='ltr'>presentium</span> <span class='ocrx_word' id='word_1_77' title='bbox 3803 1403 3886 1476; x_wconf 91' lang='lat' dir='ltr'>ad</span> 
     </span>
     <span class='ocr_line' id='line_1_9' title="bbox 1086 1523 3880 1619; baseline 0 -22"><span class='ocrx_word' id='word_1_78' title='bbox 1086 1536 1390 1597; x_wconf 86' lang='lat' dir='ltr'>vestram</span> <span class='ocrx_word' id='word_1_79' title='bbox 1435 1524 1854 1619; x_wconf 84' lang='lat' dir='ltr'>presentiam</span> <span class='ocrx_word' id='word_1_80' title='bbox 1904 1523 2236 1595; x_wconf 80' lang='lat' dir='ltr'>duximus</span> <span class='ocrx_word' id='word_1_81' title='bbox 2271 1523 2758 1612; x_wconf 75' lang='lat' dir='ltr'>destinandoS,</span> <span class='ocrx_word' id='word_1_82' title='bbox 2790 1534 2869 1595; x_wconf 92' lang='lat' dir='ltr'>ut</span> <span class='ocrx_word' id='word_1_83' title='bbox 2909 1534 3173 1616; x_wconf 92' lang='lat' dir='ltr'>quanto</span> <span class='ocrx_word' id='word_1_84' title='bbox 3217 1524 3605 1598; x_wconf 85' lang='lat' dir='ltr'>dilectionis</span> <span class='ocrx_word' id='word_1_85' title='bbox 3645 1526 3880 1598; x_wconf 86' lang='lat' dir='ltr'>indicia</span> 
     </span>
     <span class='ocr_line' id='line_1_10' title="bbox 1086 1645 3878 1742; baseline 0 -22"><span class='ocrx_word' id='word_1_86' title='bbox 1086 1670 1254 1740; x_wconf 81' lang='lat' dir='ltr'>erga</span> <span class='ocrx_word' id='word_1_87' title='bbox 1313 1648 1611 1719; x_wconf 90' lang='lat' dir='ltr'>eundem</span> <span class='ocrx_word' id='word_1_88' title='bbox 1668 1646 1885 1717; x_wconf 87' lang='lat' dir='ltr'>filium</span> <span class='ocrx_word' id='word_1_89' title='bbox 1939 1656 2250 1719; x_wconf 86' lang='lat' dir='ltr'>vestrum</span> <span class='ocrx_word' id='word_1_90' title='bbox 2306 1645 2820 1740; x_wconf 79' lang='lat' dir='ltr'>magnificentia</span> <span class='ocrx_word' id='word_1_91' title='bbox 2871 1657 3108 1719; x_wconf 92' lang='lat' dir='ltr'>nostra</span> <span class='ocrx_word' id='word_1_92' title='bbox 3162 1669 3437 1742; x_wconf 89' lang='lat' dir='ltr'>semper</span> <span class='ocrx_word' id='word_1_93' title='bbox 3483 1651 3878 1738; x_wconf 89' lang='lat' dir='ltr'>ostenderit,</span> 
     </span>
     <span class='ocr_line' id='line_1_11' title="bbox 1090 1770 3883 1866; baseline 0.001 -24"><span class='ocrx_word' id='word_1_94' title='bbox 1090 1782 1427 1865; x_wconf 88' lang='lat' dir='ltr'>quantum</span> <span class='ocrx_word' id='word_1_95' title='bbox 1455 1782 1526 1842; x_wconf 88' lang='lat' dir='ltr'>et</span> <span class='ocrx_word' id='word_1_96' title='bbox 1544 1771 1839 1863; x_wconf 89' lang='lat' dir='ltr'>qualiter</span> <span class='ocrx_word' id='word_1_97' title='bbox 1861 1770 2086 1864; x_wconf 92' lang='lat' dir='ltr'>ipsum</span> <span class='ocrx_word' id='word_1_98' title='bbox 2110 1770 2411 1863; x_wconf 79' lang='lat' dir='ltr'>benigne</span> <span class='ocrx_word' id='word_1_99' title='bbox 2436 1771 2861 1860; x_wconf 84' lang='lat' dir='ltr'>tractaverit,</span> <span class='ocrx_word' id='word_1_100' title='bbox 2878 1780 3216 1863; x_wconf 91' lang='lat' dir='ltr'>quantum</span> <span class='ocrx_word' id='word_1_101' title='bbox 3241 1793 3364 1866; x_wconf 91' lang='lat' dir='ltr'>per</span> <span class='ocrx_word' id='word_1_102' title='bbox 3382 1793 3512 1844; x_wconf 91' lang='lat' dir='ltr'>nos</span> <span class='ocrx_word' id='word_1_103' title='bbox 3534 1782 3607 1845; x_wconf 90' lang='lat' dir='ltr'>et</span> <span class='ocrx_word' id='word_1_104' title='bbox 3626 1784 3883 1845; x_wconf 85' lang='lat' dir='ltr'>nostros</span> 
     </span>
     <span class='ocr_line' id='line_1_12' title="bbox 1086 1893 3882 1988; baseline 0.001 -23"><span class='ocrx_word' id='word_1_105' title='bbox 1086 1915 1361 1988; x_wconf 89' lang='lat' dir='ltr'>semper</span> <span class='ocrx_word' id='word_1_106' title='bbox 1387 1893 1694 1964; x_wconf 79' lang='lat' dir='ltr'>extiterit</span> <span class='ocrx_word' id='word_1_107' title='bbox 1722 1893 2125 1981; x_wconf 79' lang='lat' dir='ltr'>honoratus,</span> <span class='ocrx_word' id='word_1_108' title='bbox 2167 1913 2377 1988; x_wconf 89' lang='lat' dir='ltr'>quam</span> <span class='ocrx_word' id='word_1_109' title='bbox 2403 1893 2737 1964; x_wconf 91' lang='lat' dir='ltr'>acerrime</span> <span class='ocrx_word' id='word_1_110' title='bbox 2770 1894 3005 1984; x_wconf 90' lang='lat' dir='ltr'>etiam,</span> <span class='ocrx_word' id='word_1_111' title='bbox 3038 1915 3247 1986; x_wconf 90' lang='lat' dir='ltr'>quam</span> <span class='ocrx_word' id='word_1_112' title='bbox 3281 1896 3578 1967; x_wconf 88' lang='lat' dir='ltr'>latenter</span> <span class='ocrx_word' id='word_1_113' title='bbox 3605 1916 3649 1967; x_wconf 94' lang='lat' dir='ltr'>a</span> <span class='ocrx_word' id='word_1_114' title='bbox 3683 1897 3882 1968; x_wconf 90' lang='lat' dir='ltr'>latere</span> 
     </span>
     <span class='ocr_line' id='line_1_13' title="bbox 1088 2015 3880 2112; baseline 0.001 -24"><span class='ocrx_word' id='word_1_115' title='bbox 1088 2025 1325 2088; x_wconf 90' lang='lat' dir='ltr'>nostro</span> <span class='ocrx_word' id='word_1_116' title='bbox 1364 2026 1434 2087; x_wconf 91' lang='lat' dir='ltr'>et</span> <span class='ocrx_word' id='word_1_117' title='bbox 1464 2037 1674 2108; x_wconf 87' lang='lat' dir='ltr'>quam</span> <span class='ocrx_word' id='word_1_118' title='bbox 1710 2016 2000 2110; x_wconf 84' lang='lat' dir='ltr'>turpiter</span> <span class='ocrx_word' id='word_1_119' title='bbox 2039 2016 2460 2111; x_wconf 91' lang='lat' dir='ltr'>presentiam</span> <span class='ocrx_word' id='word_1_120' title='bbox 2494 2015 2914 2112; x_wconf 89' lang='lat' dir='ltr'>subripuerit</span> <span class='ocrx_word' id='word_1_121' title='bbox 2944 2018 3416 2111; x_wconf 87' lang='lat' dir='ltr'>personalem,</span> <span class='ocrx_word' id='word_1_122' title='bbox 3462 2017 3673 2092; x_wconf 92' lang='lat' dir='ltr'>iidem</span> <span class='ocrx_word' id='word_1_123' title='bbox 3715 2042 3880 2090; x_wconf 90' lang='lat' dir='ltr'>nun·</span> 
     </span>
     <span class='ocr_line' id='line_1_14' title="bbox 1087 2138 3883 2238; baseline 0.001 -26"><span class='ocrx_word' id='word_1_124' title='bbox 1087 2141 1173 2213; x_wconf 93' lang='lat' dir='ltr'>cii</span> <span class='ocrx_word' id='word_1_125' title='bbox 1220 2141 1469 2229; x_wconf 91' lang='lat' dir='ltr'>nostri,</span> <span class='ocrx_word' id='word_1_126' title='bbox 1505 2149 1831 2232; x_wconf 84' lang='lat' dir='ltr'>tanquam</span> <span class='ocrx_word' id='word_1_127' title='bbox 1873 2140 2024 2231; x_wconf 90' lang='lat' dir='ltr'>ejus</span> <span class='ocrx_word' id='word_1_128' title='bbox 2064 2138 2399 2211; x_wconf 91' lang='lat' dir='ltr'>hactenus</span> <span class='ocrx_word' id='word_1_129' title='bbox 2438 2139 2512 2210; x_wconf 92' lang='lat' dir='ltr'>in</span> <span class='ocrx_word' id='word_1_130' title='bbox 2555 2140 2746 2211; x_wconf 91' lang='lat' dir='ltr'>curia</span> <span class='ocrx_word' id='word_1_131' title='bbox 2787 2148 3022 2212; x_wconf 88' lang='lat' dir='ltr'>nostra</span> <span class='ocrx_word' id='word_1_132' title='bbox 3064 2142 3386 2213; x_wconf 85' lang='lat' dir='ltr'>comitive</span> <span class='ocrx_word' id='word_1_133' title='bbox 3427 2143 3788 2238; x_wconf 88' lang='lat' dir='ltr'>participes</span> <span class='ocrx_word' id='word_1_134' title='bbox 3818 2154 3883 2214; x_wconf 90' lang='lat' dir='ltr'>et</span> 
     </span>
     <span class='ocr_line' id='line_1_15' title="bbox 1087 2261 3763 2358; baseline 0.001 -24"><span class='ocrx_word' id='word_1_135' title='bbox 1087 2262 1326 2336; x_wconf 88' lang='lat' dir='ltr'>fideles</span> <span class='ocrx_word' id='word_1_136' title='bbox 1354 2263 1767 2358; x_wconf 89' lang='lat' dir='ltr'>interpretes</span> <span class='ocrx_word' id='word_1_137' title='bbox 1797 2271 2017 2334; x_wconf 91' lang='lat' dir='ltr'>status</span> <span class='ocrx_word' id='word_1_138' title='bbox 2043 2264 2220 2355; x_wconf 78' lang='lat' dir='ltr'>ejuS,</span> <span class='ocrx_word' id='word_1_139' title='bbox 2255 2264 2558 2354; x_wconf 79' lang='lat' dir='ltr'>regalem</span> <span class='ocrx_word' id='word_1_140' title='bbox 2585 2261 2894 2335; x_wconf 91' lang='lat' dir='ltr'>animum</span> <span class='ocrx_word' id='word_1_141' title='bbox 2923 2264 3341 2337; x_wconf 86' lang='lat' dir='ltr'>sufficienter</span> <span class='ocrx_word' id='word_1_142' title='bbox 3370 2265 3763 2339; x_wconf 84' lang='lat' dir='ltr'>informent.</span> 
     </span>
    </p>
   </div>
   <div class='ocr_carea' id='block_1_2' title="bbox 1085 2826 3880 3335">
    <p class='ocr_par' dir='ltr' id='par_1_2' title="bbox 1085 2826 3880 3335">
     <span class='ocr_line' id='line_1_16' title="bbox 1188 2826 3880 2940; baseline -0.001 -25"><span class='ocrx_word' id='word_1_143' title='bbox 1188 2831 1450 2915; x_wconf 87' lang='lat' dir='ltr'>Frater</span> <span class='ocrx_word' id='word_1_144' title='bbox 1495 2829 1862 2940; x_wconf 85' lang='lat' dir='ltr'>Rogerius</span> <span class='ocrx_word' id='word_1_145' title='bbox 1903 2833 1998 2915; x_wconf 88' lang='lat' dir='ltr'>de</span> <span class='ocrx_word' id='word_1_146' title='bbox 2035 2831 2303 2914; x_wconf 90' lang='lat' dir='ltr'>ordine</span> <span class='ocrx_word' id='word_1_147' title='bbox 2338 2830 2945 2914; x_wconf 89' lang='lat' dir='ltr'>Praedicatorum</span> <span class='ocrx_word' id='word_1_148' title='bbox 2965 2894 2990 2940; x_wconf 87' lang='lat'>,</span> <span class='ocrx_word' id='word_1_149' title='bbox 3031 2830 3578 2914; x_wconf 88' lang='lat' dir='ltr'>haereticorum</span> <span class='ocrx_word' id='word_1_150' title='bbox 3633 2826 3880 2939; x_wconf 89' lang='lat' dir='ltr'>inqui-</span> 
     </span>
     <span class='ocr_line' id='line_1_17' title="bbox 1085 2963 3877 3073; baseline -0.001 -29"><span class='ocrx_word' id='word_1_151' title='bbox 1085 2964 1270 3045; x_wconf 90' lang='lat' dir='ltr'>sitor</span> <span class='ocrx_word' id='word_1_152' title='bbox 1304 2964 1380 3043; x_wconf 92' lang='lat' dir='ltr'>in</span> <span class='ocrx_word' id='word_1_153' title='bbox 1422 2964 1733 3070; x_wconf 86' lang='lat' dir='ltr'>Tuscia,</span> <span class='ocrx_word' id='word_1_154' title='bbox 1781 2963 2173 3073; x_wconf 90' lang='lat' dir='ltr'>publicum</span> <span class='ocrx_word' id='word_1_155' title='bbox 2218 2965 2805 3046; x_wconf 86' lang='lat' dir='ltr'>instrumentum</span> <span class='ocrx_word' id='word_1_156' title='bbox 2843 2963 3002 3046; x_wconf 90' lang='lat' dir='ltr'>fieri</span> <span class='ocrx_word' id='word_1_157' title='bbox 3042 2964 3262 3073; x_wconf 90' lang='lat' dir='ltr'>jubet</span> <span class='ocrx_word' id='word_1_158' title='bbox 3313 2976 3575 3047; x_wconf 89' lang='lat' dir='ltr'>contra</span> <span class='ocrx_word' id='word_1_159' title='bbox 3625 2963 3877 3045; x_wconf 88' lang='lat' dir='ltr'>Pacem</span> 
     </span>
     <span class='ocr_line' id='line_1_18' title="bbox 1085 3094 3878 3205; baseline -0 -30"><span class='ocrx_word' id='word_1_160' title='bbox 1085 3094 1589 3177; x_wconf 92' lang='lat' dir='ltr'>Pasannolam</span> <span class='ocrx_word' id='word_1_161' title='bbox 1622 3105 2069 3203; x_wconf 88' lang='lat' dir='ltr'>potestatem</span> <span class='ocrx_word' id='word_1_162' title='bbox 2104 3096 2669 3198; x_wconf 86' lang='lat' dir='ltr'>Florentinum,</span> <span class='ocrx_word' id='word_1_163' title='bbox 2713 3096 2847 3205; x_wconf 89' lang='lat' dir='ltr'>qui</span> <span class='ocrx_word' id='word_1_164' title='bbox 2883 3097 2980 3178; x_wconf 89' lang='lat' dir='ltr'>de</span> <span class='ocrx_word' id='word_1_165' title='bbox 3021 3099 3380 3180; x_wconf 86' lang='lat' dir='ltr'>mandato</span> <span class='ocrx_word' id='word_1_166' title='bbox 3423 3094 3878 3205; x_wconf 89' lang='lat' dir='ltr'>imperatoris</span> 
     </span>
     <span class='ocr_line' id='line_1_19' title="bbox 1087 3226 3145 3335; baseline 0.002 -30"><span class='ocrx_word' id='word_1_167' title='bbox 1087 3227 1164 3305; x_wconf 92' lang='lat' dir='ltr'>in</span> <span class='ocrx_word' id='word_1_168' title='bbox 1202 3226 1615 3310; x_wconf 88' lang='lat' dir='ltr'>haereticos</span> <span class='ocrx_word' id='word_1_169' title='bbox 1653 3227 2073 3309; x_wconf 88' lang='lat' dir='ltr'>Florentiae</span> <span class='ocrx_word' id='word_1_170' title='bbox 2111 3229 2519 3310; x_wconf 89' lang='lat' dir='ltr'>sententias</span> <span class='ocrx_word' id='word_1_171' title='bbox 2556 3227 2736 3309; x_wconf 84' lang='lat' dir='ltr'>ferri</span> <span class='ocrx_word' id='word_1_172' title='bbox 2774 3228 3145 3335; x_wconf 90' lang='lat' dir='ltr'>prohibet.</span> 
     </span>
    </p>
   </div>
   <div class='ocr_carea' id='block_1_3' title="bbox 1249 3439 2921 3520">
    <p class='ocr_par' dir='ltr' id='par_1_3' title="bbox 1249 3439 2921 3520">
     <span class='ocr_line' id='line_1_20' title="bbox 1249 3439 2921 3520; baseline 0.001 -20"><span class='ocrx_word' id='word_1_173' title='bbox 1249 3439 1478 3517; x_wconf 82' lang='lat' dir='ltr'>(Edidit</span> <span class='ocrx_word' id='word_1_174' title='bbox 1502 3441 1692 3514; x_wconf 60' lang='lat' dir='ltr'>Lanu,</span> <span class='ocrx_word' id='word_1_175' title='bbox 1722 3440 1956 3501; x_wconf 71' lang='lat' dir='ltr'>Anticli.</span> <span class='ocrx_word' id='word_1_176' title='bbox 2001 3442 2267 3515; x_wconf 65' lang='lat' dir='ltr'>Tuscana,</span> <span class='ocrx_word' id='word_1_177' title='bbox 2296 3445 2403 3504; x_wconf 85' lang='lat' dir='ltr'>lez.</span> <span class='ocrx_word' id='word_1_178' title='bbox 2436 3442 2629 3516; x_wconf 86' lang='lat' dir='ltr'>XVII,</span> <span class='ocrx_word' id='word_1_179' title='bbox 2659 3460 2720 3520; x_wconf 89' lang='lat' dir='ltr'>p.</span> <span class='ocrx_word' id='word_1_180' title='bbox 2757 3441 2921 3520; x_wconf 76' lang='lat'>573.)</span> 
     </span>
    </p>
   </div>
   <div class='ocr_carea' id='block_1_4' title="bbox 1080 3628 3880 4343">
    <p class='ocr_par' dir='ltr' id='par_1_4' title="bbox 1080 3628 3880 4343">
     <span class='ocr_line' id='line_1_21' title="bbox 1178 3628 3879 3721; baseline 0 -22"><span class='ocrx_word' id='word_1_181' title='bbox 1178 3632 1254 3700; x_wconf 93' lang='lat' dir='ltr'>In</span> <span class='ocrx_word' id='word_1_182' title='bbox 1318 3630 1440 3700; x_wconf 90' lang='lat' dir='ltr'>Dei</span> <span class='ocrx_word' id='word_1_183' title='bbox 1496 3631 1807 3721; x_wconf 92' lang='lat' dir='ltr'>nomine,</span> <span class='ocrx_word' id='word_1_184' title='bbox 1870 3652 2100 3702; x_wconf 91' lang='lat' dir='ltr'>amen.</span> <span class='ocrx_word' id='word_1_185' title='bbox 2165 3631 2371 3702; x_wconf 90' lang='lat' dir='ltr'>Anno</span> <span class='ocrx_word' id='word_1_186' title='bbox 2425 3633 2518 3702; x_wconf 89' lang='lat' dir='ltr'>M.</span> <span class='ocrx_word' id='word_1_187' title='bbox 2552 3631 2675 3702; x_wconf 93' lang='lat' dir='ltr'>CC.</span> <span class='ocrx_word' id='word_1_188' title='bbox 2709 3629 2910 3719; x_wconf 88' lang='lat' dir='ltr'>XLV,</span> <span class='ocrx_word' id='word_1_189' title='bbox 2963 3629 3337 3702; x_wconf 90' lang='lat' dir='ltr'>indictione</span> <span class='ocrx_word' id='word_1_190' title='bbox 3388 3630 3513 3718; x_wconf 90' lang='grc' dir='ltr'>ΠΙ,</span> <span class='ocrx_word' id='word_1_191' title='bbox 3571 3629 3685 3701; x_wconf 87' lang='lat' dir='ltr'>die</span> <span class='ocrx_word' id='word_1_192' title='bbox 3741 3628 3879 3699; x_wconf 84' lang='lat' dir='ltr'>XIII</span> 
     </span>
     <span class='ocr_line' id='line_1_22' title="bbox 1082 3748 3879 3846; baseline -0 -24"><span class='ocrx_word' id='word_1_193' title='bbox 1082 3754 1385 3824; x_wconf 90' lang='lat' dir='ltr'>intrante</span> <span class='ocrx_word' id='word_1_194' title='bbox 1430 3764 1749 3844; x_wconf 82' lang='lat' dir='ltr'>augusto.</span> <span class='ocrx_word' id='word_1_195' title='bbox 1783 3755 2037 3824; x_wconf 88' lang='lat' dir='ltr'>Notum</span> <span class='ocrx_word' id='word_1_196' title='bbox 2080 3753 2170 3824; x_wconf 91' lang='lat' dir='ltr'>sit</span> <span class='ocrx_word' id='word_1_197' title='bbox 2213 3754 2534 3825; x_wconf 88' lang='lat' dir='ltr'>omnibus</span> <span class='ocrx_word' id='word_1_198' title='bbox 2583 3762 2940 3846; x_wconf 86' lang='lat' dir='ltr'>presentes</span> <span class='ocrx_word' id='word_1_199' title='bbox 2981 3752 3214 3823; x_wconf 90' lang='lat' dir='ltr'>literas</span> <span class='ocrx_word' id='word_1_200' title='bbox 3252 3752 3664 3846; x_wconf 86' lang='lat' dir='ltr'>inspecturis</span> <span class='ocrx_word' id='word_1_201' title='bbox 3703 3748 3879 3845; x_wconf 89' lang='lat' dir='ltr'>quod</span> 
     </span>
     <span class='ocr_line' id='line_1_23' title="bbox 1080 3873 3880 3969; baseline -0.001 -23"><span class='ocrx_word' id='word_1_202' title='bbox 1080 3877 1293 3948; x_wconf 88' lang='lat' dir='ltr'>frater</span> <span class='ocrx_word' id='word_1_203' title='bbox 1305 3876 1639 3968; x_wconf 82' lang='lat' dir='ltr'>Rogerius</span> <span class='ocrx_word' id='word_1_204' title='bbox 1661 3875 1749 3948; x_wconf 91' lang='lat' dir='ltr'>de</span> <span class='ocrx_word' id='word_1_205' title='bbox 1777 3876 2018 3948; x_wconf 89' lang='lat' dir='ltr'>ordine</span> <span class='ocrx_word' id='word_1_206' title='bbox 2050 3876 2592 3965; x_wconf 77' lang='lat' dir='ltr'>predicatorum,</span> <span class='ocrx_word' id='word_1_207' title='bbox 2614 3896 2655 3946; x_wconf 90' lang='lat' dir='ltr'>a</span> <span class='ocrx_word' id='word_1_208' title='bbox 2679 3875 2861 3947; x_wconf 91' lang='lat' dir='ltr'>Sede</span> <span class='ocrx_word' id='word_1_209' title='bbox 2879 3874 3275 3969; x_wconf 83' lang='lat' dir='ltr'>Apostolica</span> <span class='ocrx_word' id='word_1_210' title='bbox 3302 3874 3761 3946; x_wconf 88' lang='lat' dir='ltr'>hereticorum</span> <span class='ocrx_word' id='word_1_211' title='bbox 3785 3873 3880 3942; x_wconf 91' lang='lat' dir='ltr'>in·</span> 
     </span>
     <span class='ocr_line' id='line_1_24' title="bbox 1080 3995 3876 4096; baseline -0.002 -22"><span class='ocrx_word' id='word_1_212' title='bbox 1080 4002 1369 4096; x_wconf 89' lang='lat' dir='ltr'>quisitor</span> <span class='ocrx_word' id='word_1_213' title='bbox 1399 4003 1471 4072; x_wconf 94' lang='lat' dir='ltr'>in</span> <span class='ocrx_word' id='word_1_214' title='bbox 1503 4001 1747 4073; x_wconf 91' lang='lat' dir='ltr'>Tuscia</span> <span class='ocrx_word' id='word_1_215' title='bbox 1786 4001 2195 4095; x_wconf 76' lang='lat' dir='ltr'>deputatuS,</span> <span class='ocrx_word' id='word_1_216' title='bbox 2225 4010 2465 4072; x_wconf 88' lang='lat' dir='ltr'>contra</span> <span class='ocrx_word' id='word_1_217' title='bbox 2502 4021 2613 4072; x_wconf 90' lang='lat' dir='ltr'>ser</span> <span class='ocrx_word' id='word_1_218' title='bbox 2641 4001 2887 4071; x_wconf 89' lang='lat' dir='ltr'>Pacem</span> <span class='ocrx_word' id='word_1_219' title='bbox 2926 4000 3417 4070; x_wconf 91' lang='lat' dir='ltr'>Passannolam</span> <span class='ocrx_word' id='word_1_220' title='bbox 3446 3995 3553 4094; x_wconf 74' lang='lat'>(⁴)</span> <span class='ocrx_word' id='word_1_221' title='bbox 3583 4007 3876 4093; x_wconf 87' lang='lat' dir='ltr'>potesta-</span> 
     </span>
     <span class='ocr_line' id='line_1_25' title="bbox 1082 4121 3877 4219; baseline -0.003 -22"><span class='ocrx_word' id='word_1_222' title='bbox 1082 4137 1219 4197; x_wconf 90' lang='lat' dir='ltr'>tem</span> <span class='ocrx_word' id='word_1_223' title='bbox 1259 4127 1731 4198; x_wconf 89' lang='lat' dir='ltr'>Florentinum</span> <span class='ocrx_word' id='word_1_224' title='bbox 1762 4126 1851 4196; x_wconf 92' lang='lat' dir='ltr'>de</span> <span class='ocrx_word' id='word_1_225' title='bbox 1883 4124 2107 4196; x_wconf 89' lang='lat' dir='ltr'>heresi</span> <span class='ocrx_word' id='word_1_226' title='bbox 2144 4125 2420 4219; x_wconf 92' lang='lat' dir='ltr'>publice</span> <span class='ocrx_word' id='word_1_227' title='bbox 2452 4124 2857 4195; x_wconf 87' lang='lat' dir='ltr'>infamatum</span> <span class='ocrx_word' id='word_1_228' title='bbox 2897 4135 3223 4216; x_wconf 88' lang='lat' dir='ltr'>tanquam</span> <span class='ocrx_word' id='word_1_229' title='bbox 3257 4124 3597 4195; x_wconf 88' lang='lat' dir='ltr'>fautorem</span> <span class='ocrx_word' id='word_1_230' title='bbox 3633 4121 3877 4195; x_wconf 87' lang='lat' dir='ltr'>hereti-</span> 
     </span>
     <span class='ocr_line' id='line_1_26' title="bbox 1081 4244 3879 4343; baseline -0.001 -25"><span class='ocrx_word' id='word_1_231' title='bbox 1081 4269 1319 4319; x_wconf 91' lang='lat' dir='ltr'>corum</span> <span class='ocrx_word' id='word_1_232' title='bbox 1349 4260 1419 4320; x_wconf 88' lang='lat' dir='ltr'>et</span> <span class='ocrx_word' id='word_1_233' title='bbox 1448 4250 1803 4343; x_wconf 89' lang='lat' dir='ltr'>publicum</span> <span class='ocrx_word' id='word_1_234' title='bbox 1835 4249 2299 4340; x_wconf 84' lang='lat' dir='ltr'>defensorem,</span> <span class='ocrx_word' id='word_1_235' title='bbox 2328 4270 2454 4343; x_wconf 90' lang='lat' dir='ltr'>pro</span> <span class='ocrx_word' id='word_1_236' title='bbox 2483 4269 2568 4320; x_wconf 96' lang='lat' dir='ltr'>eo</span> <span class='ocrx_word' id='word_1_237' title='bbox 2595 4248 2787 4340; x_wconf 81' lang='lat' dir='ltr'>quod</span> <span class='ocrx_word' id='word_1_238' title='bbox 2810 4247 2881 4318; x_wconf 93' lang='lat' dir='ltr'>in</span> <span class='ocrx_word' id='word_1_239' title='bbox 2910 4247 3190 4339; x_wconf 83' lang='lat' dir='ltr'>negotio</span> <span class='ocrx_word' id='word_1_240' title='bbox 3219 4245 3383 4318; x_wconf 89' lang='lat' dir='ltr'>fidei</span> <span class='ocrx_word' id='word_1_241' title='bbox 3415 4268 3543 4341; x_wconf 91' lang='lat' dir='ltr'>pro</span> <span class='ocrx_word' id='word_1_242' title='bbox 3573 4244 3879 4318; x_wconf 87' lang='lat' dir='ltr'>hereticis</span> 
     </span>
    </p>
   </div>
   <div class='ocr_carea' id='block_1_5' title="bbox 1084 4524 3878 4697">
    <p class='ocr_par' dir='ltr' id='par_1_5' title="bbox 1084 4524 3878 4697">
     <span class='ocr_line' id='line_1_27' title="bbox 1153 4524 3878 4603; baseline 0.001 -24"><span class='ocrx_word' id='word_1_243' title='bbox 1153 4525 1225 4598; x_wconf 76' lang='lat'>(⁴)</span> <span class='ocrx_word' id='word_1_244' title='bbox 1259 4524 1469 4583; x_wconf 84' lang='lat' dir='ltr'>Scilicet</span> <span class='ocrx_word' id='word_1_245' title='bbox 1493 4528 1603 4585; x_wconf 86' lang='lat' dir='ltr'>Pax</span> <span class='ocrx_word' id='word_1_246' title='bbox 1640 4528 1709 4584; x_wconf 88' lang='lat' dir='ltr'>de</span> <span class='ocrx_word' id='word_1_247' title='bbox 1740 4529 2031 4587; x_wconf 77' lang='lat' dir='ltr'>Pasannola</span> <span class='ocrx_word' id='word_1_248' title='bbox 2066 4529 2466 4602; x_wconf 80' lang='lat' dir='ltr'>Bergamensis,</span> <span class='ocrx_word' id='word_1_249' title='bbox 2497 4528 2758 4603; x_wconf 82' lang='lat' dir='ltr'>imperiali</span> <span class='ocrx_word' id='word_1_250' title='bbox 2794 4528 2936 4602; x_wconf 77' lang='lat' dir='ltr'>par-ti</span> <span class='ocrx_word' id='word_1_251' title='bbox 2969 4528 3372 4594; x_wconf 82' lang='lat' dir='ltr'>devotissimus,</span> <span class='ocrx_word' id='word_1_252' title='bbox 3398 4532 3459 4584; x_wconf 88' lang='lat' dir='ltr'>ut</span> <span class='ocrx_word' id='word_1_253' title='bbox 3494 4532 3677 4585; x_wconf 84' lang='lat' dir='ltr'>monet</span> <span class='ocrx_word' id='word_1_254' title='bbox 3699 4531 3878 4584; x_wconf 85' lang='lat' dir='ltr'>auctor</span> 
     </span>
     <span class='ocr_line' id='line_1_28' title="bbox 1084 4623 1931 4697; baseline 0.007 -19"><span class='ocrx_word' id='word_1_255' title='bbox 1084 4624 1235 4680; x_wconf 77' lang='lat' dir='ltr'>Vitae</span> <span class='ocrx_word' id='word_1_256' title='bbox 1257 4623 1505 4695; x_wconf 72' lang='lat' dir='ltr'>Roym‘i.</span> <span class='ocrx_word' id='word_1_257' title='bbox 1529 4623 1690 4694; x_wconf 68' lang='lat' dir='ltr'>ibid„</span> <span class='ocrx_word' id='word_1_258' title='bbox 1722 4641 1776 4697; x_wconf 87' lang='lat' dir='ltr'>p.</span> <span class='ocrx_word' id='word_1_259' title='bbox 1807 4629 1931 4684; x_wconf 75' lang='lat'>570.</span> 
     </span>
    </p>
   </div>
  </div>
 </body>
</html>
