4364 5738
534 552 738 612 lunum.
768 548 863 626 4.]
1442 543 1838 606 HISTORIA
1889 540 2483 605 DIPLOMATICA.
3247 549 3370 609 447

536 705 664 757 vos
703 693 777 756 et
806 680 1103 753 heredes
1128 689 1398 752 vestros
1429 700 1642 774 super
1668 700 1913 751 omnes
1940 679 2114 750 alios
2144 677 2492 774 principes
2526 679 2859 751 exaltare.
2901 680 3103 752 Nunc
3131 703 3374 776 pecca-

540 808 627 880 tis
671 805 917 879 vestris
962 804 1405 897 exigentibus
1438 802 1531 874 ad
1570 812 1826 898 statum
1869 802 2294 876 contrarium
2335 801 2713 874 devenistis
2752 812 2834 874 ut
2872 814 3110 876 sancta
3153 816 3375 879 mater

536 929 845 1002 Ecclesia
880 948 1009 1000 vos
1035 926 1331 1019 cogitet,
1366 924 1643 997 ordinet
1673 934 1746 996 et
1777 936 2116 1020 proponat
2153 947 2296 998 non
2336 925 2560 998 solum
2592 925 3093 1021 principatibus
3119 931 3372 1002 vestris

535 1054 843 1148 privare,
876 1072 1122 1123 verum
1161 1061 1232 1122 et
1266 1049 1356 1120 ab
1388 1049 1656 1120 unitate
1687 1048 1993 1122 Ecclesie
2031 1071 2192 1120 cum
2225 1049 2546 1120 omnibus
2581 1050 2830 1121 vestris
2861 1053 3275 1144 sequacibus
3305 1064 3378 1126 et

536 1197 576 1247 a
596 1176 943 1249 consortio
962 1173 1275 1246 fidelium
1302 1195 1627 1270 separare
1643 1171 1703 1271 (l
1722 1173 1781 1270 ),
1805 1174 1970 1268 quia
1997 1195 2138 1246 non
2171 1195 2387 1269 parva
2416 1174 2768 1246 temeritas
2794 1174 2924 1247 fuit
2950 1198 3076 1248 vos
3103 1177 3203 1248 illi
3230 1176 3377 1250 affi-

539 1300 774 1373 nitatis
804 1299 1041 1372 federe
1073 1310 1314 1371 contra
1347 1300 1579 1370 claves
1610 1298 1916 1370 Ecclesie
1961 1297 2209 1371 sociari
2248 1297 2369 1390 qui
2411 1297 2753 1393 parricida
2785 1308 3015 1370 vester
3037 1297 3144 1396 (2)
3181 1302 3369 1372 exis-

541 1435 694 1496 tens
749 1444 875 1519 per
915 1432 1229 1495 sanctum
1278 1423 1648 1495 concilium
1690 1423 2150 1514 Lugdunense
2195 1420 2340 1493 suis
2381 1422 2603 1516 culpis
2651 1422 3093 1513 exigentibus
3142 1425 3375 1498 extitit

540 1546 1117 1644 condempnatus.
1137 1547 1226 1618 Et
1248 1547 1409 1619 licet
1435 1547 1504 1616 in
1530 1546 1878 1641 prioribus
1900 1545 2252 1639 obsequiis
2280 1546 2451 1618 meis
2474 1546 2817 1617 nobilitati
2841 1555 3072 1618 vestre
3100 1548 3371 1643 impen-

540 1672 635 1743 sis
668 1670 836 1741 mihi
872 1671 1099 1741 minus
1129 1671 1308 1742 bene
1340 1669 1697 1758 successit,
1724 1692 1940 1763 quum
1973 1669 2331 1741 civitatum
2359 1684 2428 1741 et
2452 1679 2835 1742 castrorum
2866 1681 3253 1743 vestrorum
3280 1672 3372 1745 ad

540 1795 935 1866 instantiam
972 1795 1358 1866 emulorum
1389 1793 1724 1894 Ecclesie,
1762 1792 1852 1865 de
1880 1794 2032 1865 aliis
2062 1802 2142 1865 ut
2174 1803 2467 1884 taceam,
2505 1791 2675 1864 mihi
2703 1793 2967 1864 aditum
3002 1796 3372 1889 preclusis-

543 1917 664 2008 tis,
696 1929 778 1990 ut
819 1918 1212 2013 impellerer
1252 1940 1378 2012 per
1425 1919 1709 1989 tutelam
1757 1939 2053 2011 persone
2099 1938 2255 1987 mee
2298 1916 2392 1988 ad
2433 1894 2658 1988 castra
2699 1918 3370 2009 consanguineorum

543 2063 856 2113 meorum
893 2040 1244 2112 interdum
1287 2049 1358 2111 et
1401 2040 1493 2112 ad
1535 2060 1871 2112 cavernas
1905 2051 1974 2111 et
2004 2061 2294 2112 nemora
2326 2039 2666 2111 montium
2704 2041 3112 2131 convolare,
3150 2041 3374 2114 donec

543 2165 786 2236 ultimo
819 2160 1117 2260 anno(3)
1136 2163 1461 2235 dominus
1484 2163 1558 2234 C.
1585 2184 1818 2236 comes
1846 2163 1934 2235 de
1958 2161 2466 2234 Wazzerburch
2500 2161 2591 2233 ad
2625 2172 2848 2234 castra
2881 2184 3006 2234 sua
3029 2163 3231 2236 fortia
3261 2186 3373 2236 me

543 2288 910 2383 receperit,
950 2309 1110 2359 cum
1143 2288 1332 2360 solus
1355 2308 1578 2359 essem
1616 2286 1687 2357 in
1724 2297 1866 2358 tota
1892 2286 2304 2359 Alemannia
2332 2286 2609 2379 negotia
2642 2286 2978 2358 catholice
3012 2285 3174 2360 fidei
3207 2310 3371 2384 pro-

543 2431 829 2503 curans,
867 2412 1047 2483 sicut
1090 2411 1222 2482 hec
1268 2411 1501 2482 omnia
1538 2419 1769 2482 vestra
1810 2411 2226 2483 excellentia
2273 2411 2479 2505 plene
2520 2409 2746 2500 novit,
2785 2411 3094 2483 omnium
3142 2421 3386 2486 tamen-

545 2556 783 2607 eorum
817 2536 1040 2607 factus
1072 2536 1462 2624 immemor,
1491 2544 1720 2606 vestre
1748 2536 2143 2607 necessitati
2165 2536 2411 2607 adesse
2445 2543 2516 2605 et
2547 2534 2795 2605 futuris
2819 2535 3067 2606 vestris
3098 2536 3388 2629 pericu-‚

545 2658 627 2729 lis
665 2681 794 2753 pro
843 2659 1016 2730 meis
1054 2657 1318 2730 viribus
1365 2679 1729 2729 occurrere
1774 2679 1863 2730 ne
1907 2657 2270 2753 precipitio
2307 2679 2435 2729 vos
2479 2657 2902 2748 inmergant,
2945 2658 3241 2730 studebo
3279 2680 3372 2731 ex

544 2782 774 2855 animo
821 2791 979 2863 eum
1031 2782 1314 2873 effectu,
1359 2780 1537 2853 sicut
1578 2803 1766 2852 nunc
1807 2803 1848 2851 a
1892 2803 2003 2854 me
2049 2803 2175 2878 per
2229 2780 2530 2853 Ulricum
2587 2780 3018 2851 sacerdotem
3079 2782 3366 2853 latorem

545 2907 883 3001 presentis
914 2917 1219 2978 vestrum
1256 2906 1587 2978 nuncium
1624 2906 2045 3000 postulastis,
2081 2906 2261 2976 Sane
2294 2927 2419 2999 per
2439 2905 2587 2997 jam
2617 2904 2876 2976 dictum
2906 2905 3210 2978 Ulricum
3238 2908 3370 2978 snb

545 3027 868 3126 signo(4)
907 3030 1097 3121 quod
1132 3029 1313 3100 inter
1344 3051 1457 3100 me
1491 3038 1561 3100 et
1590 3051 1717 3102 vos
1749 3040 1853 3100 est
1881 3038 1953 3100 et
1983 3029 2148 3101 olim
2180 3029 2362 3100 inter
2394 3050 2518 3101 vos
2553 3038 2624 3099 et
2650 3028 2929 3099 beatum
2965 3029 3365 3120 Gregorium

543 3174 798 3248 papam
834 3152 998 3238 fuit,
1044 3173 1253 3246 super
1292 3151 1481 3223 omni
1524 3161 1706 3223 statu
1749 3162 1983 3223 vestro
2023 3162 2095 3222 et
2135 3151 2433 3241 negotiis
2474 3151 2724 3223 vestris
2769 3172 2811 3222 a
2854 3174 2966 3223 me
3004 3152 3367 3224 consilium

542 3275 744 3348 vobis
766 3273 969 3367 dirigi
996 3273 1417 3368 postulastiS,
1439 3273 1626 3366 quod
1654 3274 1894 3367 utique
1924 3274 2170 3345 faciam
2189 3275 2484 3346 Domino
2509 3273 2964 3366 concedente,
2985 3276 3150 3347 dum
3160 3275 3368 3349 modo

544 3419 587 3469 a
615 3396 918 3468 consiliis
947 3395 1121 3467 meis
1147 3396 1562 3467 salutaribus
1583 3417 1709 3467 vos
1732 3395 2049 3466 inimicus
2083 3396 2205 3466 Dei
2239 3407 2310 3468 et
2338 3395 2675 3468 catholice
2707 3396 2872 3468 fidei
2899 3419 3038 3469 non
3065 3409 3359 3470 avertat.

543 3520 848 3592 Primum
890 3518 963 3591 in
1007 3518 1294 3591 consilio
1334 3540 1492 3590 meo
1534 3519 1660 3590 tria
1703 3518 1903 3590 vobis
1944 3540 2259 3613 propono
2304 3531 2382 3590 ut
2428 3541 2522 3591 ex
2566 3518 2675 3591 his
2718 3543 2937 3591 unum
2982 3522 3250 3612 eligatis
3295 3532 3367 3593 et

542 3643 733 3734 quod
764 3662 1007 3713 eorum
1041 3640 1387 3733 elegeritis
1415 3662 1525 3712 me
1554 3640 1783 3713 statim
1813 3640 1964 3712 sine
1987 3663 2180 3714 more
2210 3642 2575 3737 dispendio
2601 3663 2727 3738 per
2754 3644 3041 3715 latorem
3075 3665 3364 3737 presen-

613 3960 687 4032 (Ι)
723 3958 922 4017 Mitiori
949 3965 1133 4016 tamen
1166 3957 1309 4033 stylo
1336 3964 1394 4016 et
1418 3958 1575 4033 quasi
1605 3964 1832 4033 paterna
1857 3957 2192 4033 benignitate
2217 3960 2504 4033 scripserat
2527 3959 2686 4032 paulo
2713 3964 2838 4016 ante
2875 3959 3218 4016 Innocentius
3244 3960 3363 4033 ipse

540 4056 666 4113 duci
691 4056 985 4129 Bavariae,
1013 4054 1208 4113 litteris
1229 4054 1370 4113 datis
1392 4055 1633 4129 Lugduni
1664 4056 1733 4114 lv
1769 4071 1941 4114 nonas
1970 4056 2153 4129 aprilis
2174 4058 2235 4129 (2
2266 4056 2468 4131 april.),
2498 4070 2638 4114 anno
2665 4055 2755 4126 1¹1,
2782 4070 2874 4128 ap.
2908 4055 3159 4121 Horma,
3194 4058 3357 4115 Eois.

539 4151 757 4209 Friedr.
794 4153 879 4223 11,
910 4152 1144 4227 append.
1176 4153 1264 4224 u,
1295 4168 1329 4210 e
1355 4152 1527 4210 codic.
1555 4152 1802 4210 Aldersb.
1833 4154 2042 4211 Monac.

614 4248 689 4321 (2)
726 4248 992 4306 Alluditur
1016 4248 1085 4306 ad
1113 4263 1303 4305 necem
1334 4249 1585 4306 Ludovici
1610 4249 1787 4320 ducis,
1813 4249 1881 4306 de
1907 4264 2020 4322 qua
2046 4249 2162 4321 ipse
2193 4263 2333 4321 papa
2368 4248 2425 4304 in
2456 4246 2720 4305 sententia
2745 4247 3092 4322 depositionis
3117 4249 3363 4323 impera-

541 4352 713 4403 torem
738 4345 956 4419 publice
984 4345 1355 4403 infamaverat.
1381 4344 1464 4404 Cf.
1496 4360 1681 4418 supra,
1715 4362 1772 4418 p.
1805 4348 1930 4403 325.

614 4442 688 4516 (3)
724 4441 806 4501 Cl.
833 4444 1019 4501 Hem.
1048 4442 1258 4514 Altava„
1298 4458 1392 4517 ap.
1425 4443 1671 4512 oum,
1703 4448 1747 4499 t.
1778 4442 1853 4511 11,
1883 4458 1941 4513 p.
1968 4442 2102 4510 674,
2136 4446 2194 4497 et
2223 4440 2601 4512 limum,
2630 4441 2806 4500 Boitr.
2835 4459 2935 4501 zur
2958 4445 3105 4517 spiit.
3139 4444 3359 4504 Lobana·

542 4538 724 4611 qma.
749 4538 838 4596 des
865 4538 1026 4613 Graf.
1056 4540 1273 4598 conrad
1297 4557 1406 4597 von
1440 4539 1811 4613 Wasserburq,
1839 4539 2038 4596 laudat.
2064 4552 2157 4612 ap.
2182 4536 2431 4610 Herm,
2461 4554 2517 4613 p.
2543 4539 2668 4598 ⁴93.

615 4636 694 4707 (t)
734 4636 1103 4695 verisimiliter
1134 4638 1278 4710 quod
1306 4638 1591 4695 nostratim
1618 4636 1812 4709 ehiffre
1838 4642 2081 4693 vocatur.
