4364 5738
1003 562 1132 631 aaa
2000 566 2432 632 rmumucr
2479 565 2829 632 saeuum
3432 570 3599 648 [Am.
3632 569 3810 632 ιω.

1005 702 1486 773 constituimus
1516 724 1676 775 eum
1724 703 2078 797 publicum
2121 703 2563 777 tabellionem
2604 701 2874 797 imperii
2907 711 2989 773 ut
3018 701 3270 775 amodo
3297 702 3557 797 publici
3593 703 3810 775 tabel-

1005 826 1306 897 lionatus
1333 824 1634 897 officium
1662 826 1920 921 ubique
1950 849 2075 923 per
2103 827 2468 923 imperium
2497 826 2590 900 ad
2619 826 2956 899 honorem
2988 834 3061 897 et
3083 823 3486 898 fidelitatem
3507 838 3811 898 nostram

940 961 955 968 '
1007 947 1261 1020 debeat
1296 947 1594 1020 fideliter
1625 970 1979 1021 exercere.
2018 951 2357 1037 Quocirca
2402 947 2832 1022 universitati
2870 958 3103 1020 vestre
3139 949 3584 1044 precipiendo
3614 971 3809 1021 man·

1009 1070 1254 1143 damus
1285 1082 1628 1163 quatenus
1659 1072 1974 1166 predicto
2003 1072 2382 1145 Gualfredo
2405 1071 2478 1142 in
2505 1070 2641 1143 biis
2670 1089 2807 1164 que
2839 1071 2934 1143 ad
2963 1071 3274 1162 ejusdem
3308 1072 3569 1168 publici
3594 1073 3809 1145 tabel-

1009 1194 1305 1266 lionatus
1333 1194 1631 1268 officium
1674 1205 1988 1290 spectare
2021 1206 2431 1287 noscuntur,
2477 1194 2852 1267 intendatis
2901 1193 2992 1267 de
3041 1205 3273 1266 cetero
3320 1205 3649 1289 tanquam
3685 1219 3814 1292 pu-

1008 1319 1188 1390 blico
1245 1318 1596 1390 tabellioni
1640 1340 1683 1389 a
1731 1321 2091 1412 majestate
2155 1330 2393 1392 nostra
2437 1328 2695 1391 statuto
2745 1319 2839 1391 ad
2892 1317 3228 1390 honorem
3291 1330 3363 1390 et
3412 1317 3810 1392 fidelitatem

1006 1452 1350 1532 nostram,
1387 1452 1458 1512 et
1484 1442 1717 1513 nullus
1753 1443 1842 1514 sit
1872 1443 1992 1535 qui
2030 1465 2192 1514 eum
2229 1463 2438 1537 super
2483 1441 2732 1514 eodem
2765 1440 2991 1512 officio
3032 1440 3290 1535 publici
3333 1442 3813 1515 tabellionatus

1009 1576 1269 1636 temere
1305 1563 1643 1659 impedire
1672 1565 1787 1637 vel
1829 1566 2238 1660 perturbare
2283 1572 2663 1659 presumat.
2707 1561 2908 1650 Quod
2950 1560 3070 1656 qui
3107 1564 3602 1659 presumpserit
3636 1562 3811 1637 indi·

1006 1688 1406 1782 gnationem
1450 1697 1756 1759 nostram
1798 1710 1873 1760 se
1909 1690 2185 1762 noverit
2224 1686 2686 1761 incursurum.
2733 1686 2845 1758 Ad
2885 1684 3098 1779 hujus
3137 1693 3371 1758 autem
3410 1688 3512 1759 rei
3552 1706 3813 1760 memo·

1007 1799 1180 1883 riam
1217 1823 1291 1884 et
1322 1812 1640 1883 stabilem
1676 1810 2107 1904 firmitatem,
2144 1832 2434 1909 presens
2469 1813 2801 1908 scriptum
2850 1808 3002 1882 fieri
3050 1820 3123 1882 et
3166 1812 3543 1904 majestatis
3585 1822 3818 1886 nostre

1008 1936 1233 2029 sigillo
1262 1936 1596 2028 jussimus
1622 1937 2058 2009 communiri.

1103 2064 1356 2133 Datum
1411 2063 1712 2151 Groseti,
1761 2084 1944 2133 anno
1991 2062 2335 2134 dominice
2386 2060 2877 2134 incarnationis
2928 2059 3534 2147 M.OE.XXXXV‚
3580 2083 3817 2135 meme

998 2185 1332 2278 januarii,
1370 2194 1615 2278 quarte
1654 2185 2069 2257 indictioniS.

1102 2307 1313 2380 Extat
1346 2307 1417 2377 in
1460 2305 1618 2378 cod.
1663 2310 1735 2379 S.
1783 2306 2084 2378 Emmer.
2133 2305 2303 2378 bibl.
2346 2327 2491 2400 reg.
2538 2305 2805 2379 Monac.
2846 2305 2925 2379 Ε.
2979 2304 3189 2397 LXII,
3247 2305 3370 2378 lib.
3408 2305 3522 2394 IV,
3569 2312 3646 2378 n‘
3691 2306 3810 2398 7⁴,

1008 2428 1359 2504 concessio
1390 2428 1739 2521 judicatus
1776 2430 1867 2501 ab
1910 2430 2157 2502 eodem
2198 2429 2611 2525 imperatore
2647 2430 2847 2503 alteri
2879 2428 3154 2502 cuidam
3195 2429 3576 2503 Clusinensi
3609 2434 3809 2523 sacta,

882 2585 891 2592 ’
1007 2556 1079 2625 in
1113 2554 1314 2626 solita
1345 2552 1638 2626 formula
1669 2563 1747 2624 ut
1778 2555 2086 2646 sequitur
2116 2581 2133 2625 ε

667 3979 864 4022 Grossetl
881 4005 896 4029 .

671 4033 908 4077 februario.

1114 2704 1148 2743 α
1183 2677 1525 2748 Concessio
1543 2672 1893 2768 judicatus
1924 2675 1999 2747 in
2029 2676 2395 2769 approbata
2423 2678 2670 2768 soma.

1114 2827 1149 2865 »
1191 2799 1570 2891 UniversiS‚
1619 2810 1752 2871 etc.
1799 2800 1929 2871 Per
1959 2821 2245 2895 presens
2285 2800 2618 2895 scriptum
2668 2810 2981 2872 nostrum
3023 2810 3269 2873 notum
3313 2798 3462 2873 flen’
3502 2803 3820 2876 volumus

1011 2964 1110 2977 —-
1135 2924 1326 3016 quod
1352 2945 1482 2995 nos
1517 2921 1945 2994 confidentes
1985 2923 2072 2993 de
2119 2921 2259 2994 fide
2299 2934 2368 2994 et
2411 2924 2759 3016 legalitate
2804 2925 2879 2995 P.
2922 2922 3044 2994 filii
3083 2925 3156 2996 C.
3199 2923 3421 2996 fidelis
3465 2927 3682 2999 nostri
3730 2927 3814 3000 de

1012 3046 1291 3118 civitate
1321 3046 1727 3132 Clusinensi,
1764 3054 2043 3139 recepto
2077 3047 2168 3116 ab
2198 3066 2282 3117 eo
2306 3047 2511 3137 juxta
2543 3047 3118 3118 consuetudinem
3146 3046 3496 3120 fidelitatis
3524 3062 3594 3120 et
3619 3050 3819 3123 officii

1007 3172 1440 3261 juramento,
1490 3168 1853 3238 statuimus
1918 3189 2077 3238 eum
2124 3166 2433 3258 judicem
2482 3169 2908 3241 ordinarium
2967 3171 3036 3240 in
3104 3171 3394 3265 imperio
3448 3187 3686 3245 nostro
3744 3185 3821 3245 ut

1014 3290 1268 3363 amodo
1301 3291 1558 3382 ubique
1592 3312 1718 3385 per
1748 3290 2112 3384 imperium
2155 3292 2355 3363 liceat
2384 3292 2446 3363 ei
2479 3292 2807 3365 ordinarii
2831 3292 3184 3384 judicatus
3220 3294 3520 3366 officium
3561 3296 3654 3368 ad
3693 3295 3816 3368 ho·

1015 3434 1259 3489 norem
1292 3425 1360 3487 et
1391 3410 1793 3488 fidelitatem
1826 3426 2132 3487 nostram
2163 3414 2463 3489 fideliter
2492 3436 2859 3507 exercere,
2896 3411 3090 3515 [etc].
3132 3445 3170 3484 η

1121 3970 1582 4079 FridericuS,
1645 3972 2167 4054 Romanorum
2225 3973 2661 4081 imperator,
2740 3973 3205 4055 Fridericum
3267 3973 3365 4054 de
3429 3971 3817 4054 Antiochia

1015 4102 1259 4186 filium
1298 4131 1524 4187 suum
1561 4106 1640 4185 in
1680 4105 1949 4186 Tuscia
1997 4114 2072 4186 et
2107 4104 2205 4187 ab
2244 4105 2537 4187 Amelia
2584 4132 2827 4215 usque
2869 4106 3277 4189 Cornetum
3313 4114 3386 4186 et
3428 4130 3563 4213 per
3595 4102 3822 4187 Mari-

1016 4236 1283 4316 timam
1317 4237 1685 4319 vicarium
1732 4238 2184 4347 generalem
2207 4236 2592 4321 constituit
2635 4264 2812 4321 cum
2858 4264 3068 4320 mero
3113 4248 3189 4320 et
3232 4237 3469 4321 mixto
3504 4234 3821 4344 imperio

1016 4376 1093 4448 et
1128 4367 1361 4477 gladii
1401 4379 1786 4477 potestate.

1181 4550 1424 4634 (Inedlt.
1466 4571 1500 4616 e
1539 4554 1674 4618 cod.
1716 4553 2007 4620 Vaticano
2048 4563 2228 4630 4957,
2283 4557 2389 4618 fol.
2441 4566 2513 4620 37
2560 4573 2765 4632 verso,
2800 4564 2874 4620 ³9
2914 4563 3094 4622 recto.
3122 4588 3202 4604 -—
3233 4555 3324 4621 Cf.
3369 4571 3544 4636 snpra
3582 4552 3825 4617 Henrlet

1255 4664 1407 4741 regis
1432 4661 1814 4743 legationem,
1838 4671 1888 4726 t.
1922 4662 1998 4743 V,
2027 4680 2090 4742 p.
2129 4663 2296 4743 85⁷.)
