4364 5738
560 557 760 616 lnmc‘r.
792 552 886 630 4.]
1458 552 1859 614 HISTORIA
1905 552 2501 616 DlPLOMATICA.
3267 553 3387 615 453

669 1082 1134 1193 Fridericus,
1173 1084 1696 1169 Romanorum
1750 1088 2189 1195 imperator,
2231 1087 2608 1171 Friderico
2653 1090 2749 1171 de
2790 1089 3191 1173 Antiochia
3224 1091 3384 1175 filio

562 1239 743 1320 suo,
801 1215 1097 1325 imperii
1149 1217 1230 1298 in
1285 1217 1558 1301 Tuscia
1614 1219 1947 1328 generali
1990 1219 2269 1302 vicario
2290 1282 2313 1327 ,
2374 1221 2693 1302 mandat
2746 1234 2833 1304 ut
2884 1222 3240 1305 abbatem
3309 1236 3385 1307 et

563 1361 1022 1431 conventum
1076 1350 1330 1432 Sancti
1372 1350 1782 1435 Salvatoris
1827 1353 1924 1434 de
1977 1349 2228 1436 Monte
2272 1353 2576 1437 Amiato
2636 1353 2887 1436 mittat
2936 1355 3014 1435 in
3062 1381 3384 1464 posses-

564 1480 858 1562 sionem
894 1482 1364 1566 decimarum
1400 1485 1626 1566 castri
1662 1484 2187 1594 Montisnigri3
2228 1485 2448 1595 cujus
2484 1487 3003 1569 executionem
3040 1490 3384 1572 mandati

560 1597 987 1697 Fridericus
1039 1617 1136 1698 de
1192 1615 1588 1698 Antiochia
1642 1617 2139 1700 Constantino
2194 1619 2290 1700 de
2341 1617 2596 1700 Sicilia
2650 1618 2929 1701 vicario
2978 1621 3383 1704 comitatus

563 1746 937 1829 Senarum
972 1759 1048 1831 et
1086 1749 1320 1832 Clusii
1358 1750 1786 1833 committit.

725 1974 970 2051 (Inedit.
992 1994 1069 2036 ex
1091 1979 1307 2055 origin.
1332 1980 1396 2036 ln
1422 1994 1686 2055 pergam.
1706 1981 1767 2037 in
1788 1977 2015 2038 archiv.
2037 1978 2348 2054 diplomat.
2368 1978 2667 2055 Florent.;
2698 1981 2868 2054 cujus
2894 1982 3122 2055 copiam
3143 1980 3213 2042 G.
3239 1981 3382 2043 Rosi

796 2081 1100 2159 quondam
1128 2083 1309 2161 hujus
1339 2084 1565 2143 archivi
1591 2083 1918 2160 praefectus
1944 2083 2261 2144 liberaliter
2286 2082 2461 2144 nobis
2486 2083 2667 2160 fecit.)

654 2281 1043 2353 Fridericus
1103 2281 1193 2354 de
1248 2281 1617 2355 Antiochia
1669 2282 1934 2353 domini
1979 2282 2416 2375 imperatoris
2465 2279 2646 2352 filius
2666 2334 2687 2371 ‚
2747 2282 2923 2353 sacri
2984 2282 3249 2377 imperii
3308 2284 3378 2356 in

561 2405 804 2476 Tuscia
839 2406 932 2476 ab
958 2406 1227 2478 Amelia
1251 2428 1471 2500 usque
1502 2406 1871 2479 Cornetum
1902 2418 1974 2478 et
1999 2429 2129 2502 per
2159 2416 2376 2479 totam
2406 2406 2818 2477 Maritimam
2846 2404 3145 2476 vicarius
3172 2428 3383 2498 gene·

561 2529 747 2618 ralis,
779 2530 995 2602 nobili
1021 2530 1170 2601 viro
1195 2529 1479 2602 domino
1503 2529 1953 2602 Constantino
1989 2529 2078 2600 de
2108 2530 2336 2602 Sicilia
2356 2583 2374 2618 ,
2404 2529 2663 2601 vicario
2697 2529 2768 2599 in
2801 2530 3129 2601 comitatu
3163 2531 3379 2603 Sena-

560 2674 714 2723 rum
754 2663 824 2725 et
854 2653 1256 2749 episcopatu
1285 2653 1644 2742 Clusiensi,
1674 2654 1966 2725 salutem
1990 2663 2061 2726 et
2091 2675 2401 2725 amorem
2434 2654 2805 2725 sincerum.
2842 2654 3082 2747 Nuper
3115 2656 3378 2751 recepi-

559 2798 713 2847 mus
727 2798 959 2848 sacras
990 2777 1385 2874 imperiales
1400 2778 1632 2849 literas
1649 2777 1720 2847 in
1736 2778 1868 2848 hac
1891 2777 2112 2850 forma
2130 2804 2147 2846 ε
2166 2776 2702 2867 —FredericuS,
2725 2787 2859 2848 etc.
2874 2830 2893 2866 ,
2908 2777 3275 2850 Frederico
3291 2779 3380 2851 de

559 2900 952 2991 Antiochia,
986 2912 1120 2974 etc.
1155 2904 1264 2973 Ex
1291 2904 1577 2996 querela
1620 2901 1890 2972 abbatis
1928 2911 1999 2973 et
2030 2911 2416 2972 conventus
2449 2900 2845 2971 monasterii
2873 2901 3108 2972 Sancti
3139 2904 3379 2975 Salva·

562 3026 726 3097 toris
759 3026 849 3097 de
876 3026 1108 3097 Monte
1135 3024 1410 3097 Amiato
1428 3079 1447 3115 ,
1481 3022 2253 3121 nostrorumssdelium,
2285 3035 2522 3097 nostra
2550 3046 2776 3119 nuper
2803 3026 3139 3096 serenitas
3174 3025 3381 3098 intel·

558 3148 734 3221 lexit
789 3147 980 3240 quod
1028 3169 1187 3218 cum
1239 3147 1506 3219 dudum
1559 3170 1685 3242 per
1729 3149 2003 3239 judices
2045 3171 2297 3241 magne
2352 3147 2542 3220 curie
2593 3158 2827 3220 nostre
2879 3150 3382 3222 sententialiter

557 3270 1081 3365 pronuntiatum
1109 3270 1319 3341 fuerit
1348 3281 1428 3341 ut
1461 3272 1902 3342 mitterentur
1932 3271 2004 3342 in
2038 3271 2545 3366 possessionem
2577 3273 2689 3343 vel
2725 3273 2921 3366 quasi
2945 3273 3121 3362 juris
3152 3274 3378 3367 perci·

559 3393 797 3489 piendi
843 3393 1148 3465 decimas
1192 3394 1282 3467 de
1335 3394 1884 3489 possessionibus
1937 3396 2145 3467 castri
2191 3395 2443 3467 Montis
2483 3395 2675 3487 Nigri
2697 3447 2716 3483 ,
2780 3405 2851 3467 et
2907 3418 3035 3489 pro
3090 3396 3379 3469 decimis

560 3519 899 3591 hactenus
917 3540 1044 3614 per
1061 3518 1478 3590 decennium
1506 3518 1876 3589 subtractis
1905 3528 1976 3588 et
2003 3517 2091 3588 de
2119 3518 2387 3589 cunctis
2416 3517 2677 3589 eisdem
2702 3518 3055 3589 extimatis
3080 3519 3152 3589 in
3178 3519 3380 3612 quin·

557 3644 888 3738 quaginta
905 3643 1114 3713 libras
1128 3642 1527 3738 pisanorum
1546 3622 1919 3737 parvorum
1930 3637 2106 3739 [eos]
2115 3640 2603 3713 induceremus
2620 3641 2688 3711 in
2709 3640 3142 3736 possessione
3165 3643 3381 3715 bono-

558 3790 715 3840 rum
727 3766 1196 3841 universitatis
1218 3766 1434 3861 ipsius
1457 3787 1582 3859 pro
1602 3786 1925 3836 mensura
1943 3765 2158 3836 debiti
2180 3764 2535 3855 declarati,
2559 3764 2769 3835 velud
2793 3764 2864 3834 in
2886 3764 3142 3858 scripto
3160 3765 3378 3858 ipsius

558 3892 900 3964 sententie
941 3890 1217 3985 plenius
1253 3889 1673 3976 continetur,
1714 3889 1876 3959 licet
1912 3911 2037 3982 per
2067 3897 2339 3960 nostras
2373 3889 2645 3959 licteras
2693 3887 3093 3958 mandatum
3139 3887 3380 3960 suisset

556 4016 894 4087 Pandult'o
916 4014 1005 4085 de
1021 4013 1428 4102 Fasianella,
1446 4012 1713 4083 dudum
1741 4012 1814 4082 in
1843 4012 2089 4083 Tuscia
2110 4012 2371 4083 vicario
2393 4012 2730 4103 generali,
2755 4011 3088 4105 proditori
3108 4022 3371 4102 nostro,

558 4155 638 4212 ut
660 4139 1003 4211 sententia
1034 4140 1184 4233 ipsa
1217 4137 1614 4209 executioni
1642 4137 1873 4208 debite
1902 4135 2378 4224 mandaretur,
2398 4135 2706 4207 nondum
2740 4144 2971 4206 tamen
3002 4145 3380 4229 potuerunt

560 4263 1028 4335 esecutionem
1056 4261 1239 4334 dicte
1271 4261 1611 4332 sententie
1644 4270 1723 4330 ut
1749 4269 2068 4330 asserunt
2083 4258 2423 4329 obtinere.
2459 4257 2627 4328 Cum
2657 4257 2865 4350 igitur
2880 4258 3130 4330 nicchil
3160 4260 3378 4354 prosit

557 4386 935 4457 sententias
960 4384 1122 4457 ferri
1149 4383 1282 4454 nisi
1313 4381 1618 4454 esecutio
1645 4380 1880 4461 debita
1911 4379 2401 4471 subsequatur,
2440 4378 2750 4452 filiationi
2784 4389 2898 4451 tue
2930 4382 3376 4476 precipiendo

561 4507 973 4580 mandamus
1014 4516 1358 4599 quatenus
1410 4515 1648 4575 tenore
1701 4501 1915 4596 ipsius
1951 4502 2291 4571 sententie
2337 4501 2709 4593 diligenter
2756 4503 3105 4598 inspecto,
3152 4505 3374 4600 ipsam

562 4640 769 4726 prout
773 4630 962 4723 juste
990 4630 1131 4701 lata
1148 4637 1282 4719 est,
1313 4625 1548 4700 debite
1578 4624 1788 4697 facias
1815 4623 2193 4697 esecutioni
2217 4623 2558 4696 mandari.
2573 4627 2822 4697 Datum
2843 4627 3034 4721 apud
3052 4626 3374 4698 Sanctam
