4364 5738
535 570 737 632 immor.
770 570 863 648 5.]
1422 567 1819 629 HISTORIA
1870 569 2467 632 ml‘LOMATch.
3234 571 3363 635 491.

536 703 746 776 missa
794 725 933 799 qua
972 703 1161 798 ipsos
1199 702 1517 774 hortatur
1564 713 1644 775 ut
1688 703 1761 775 in
1815 705 2016 778 Sedis
2046 705 2487 800 Apostolicae
2518 682 2890 779 devotione
2930 715 3138 801 prout
3175 706 3358 779 bene

535 828 851 900 fecerunt
884 828 1266 919 hactenus,
1294 828 1586 900 viriliter
1615 839 1685 901 et
1715 839 2039 925 potenter
2068 831 2467 927 persistant.
2492 859 2497 864 ·

633 953 886 1024 Datum
919 950 1260 1045 Lugduni,
1297 952 1356 1022 11
1387 952 1717 1025 kalendas
1753 953 2106 1046 februarii,
2139 952 2582 1049 pontificatus
2610 952 2832 1026 nostri
2856 972 3042 1025 anno
3073 962 3348 1047 quarto.

536 1071 772 1169 abia„
808 1097 883 1171 p.
922 1076 1095 1166 396,
1132 1083 1207 1146 n⁰
1242 1075 1584 1172 DXXIV.)

563 1741 564 1744 t
641 1668 1106 1773 Fridericus,
1147 1667 1589 1778 imperator,
1622 1669 1928 1752 cuidam
1963 1667 2357 1779 capitaneo
2395 1668 2861 1779 significans,
2897 1696 2979 1752 se
3010 1670 3355 1780 proxime
3452 1683 3725 1764 [huyum-1

531 1800 821 1884 iturum
868 1802 950 1882 in
997 1802 1295 1884 Italiam
1344 1804 1444 1891 ad
1493 1802 2018 1886 confusionem
2061 1801 2498 1909 rebellium,
2542 1805 2858 1886 mandat
2905 1804 3114 1913 quod
3171 1831 3351 1888 eum

532 1934 751 2043 equis
780 1942 856 2015 et
891 1934 1124 2016 armis
1159 1948 1693 2043 praeparatum
1733 1961 1912 2016 cum
1946 1933 2260 2017 caeteris
2295 1933 2649 2017 fidelibus
2684 1936 3043 2018 inveniat.

694 2162 886 2241 (Edit.
917 2166 980 2223 in
1011 2162 1181 2224 Petri
1204 2160 1276 2221 de
1312 2163 1446 2222 Vin.
1479 2162 1671 2240 epist„
1716 2163 1820 2222 lib.
1862 2163 1957 2240 11,
2008 2178 2134 2239 cap.
2173 2161 2425 2238 XLvn3
2462 2178 2622 2222 nunc
2662 2162 2797 2222 coll.
2839 2180 2977 2223 cum
3017 2163 3150 2224 cod.
3192 2163 3348 2225 Bibl.

772 2269 969 2332 Cesar.
1011 2271 1229 2341 Paris„
1258 2268 1445 2347 sends
1482 2270 1899 2348 Nom-Dama,
1942 2279 2007 2329 n⁰
2043 2278 2156 2330 202
2171 2312 2191 2343 ,
2240 2275 2301 2329 et
2332 2286 2471 2329 cum
2514 2269 2762 2329 codicib.
2813 2267 3254 2331 Guelferbitano
3294 2279 3353 2332 et

769 2377 1341 2437 Medlomontanensi
1370 2377 1475 2435 ubi
1501 2375 1734 2454 legitur,
1765 2376 1868 2436 sed
1896 2377 2070 2451 male,
2106 2378 2170 2435 in
2197 2392 2318 2436 uno
2345 2394 2362 2435 z
2392 2372 2720 2435 Fffdericus
2745 2375 3045 2455 capitaneo
3076 2373 3347 2456 Colubre,

774 2486 923 2543 etin
951 2484 1134 2543 altero
1168 2500 1183 2543 ε
1216 2479 1542 2542 frider-iem
1567 2484 1866 2561 capitaneo
1897 2479 2213 2559 Calabria.)

628 2683 773 2755 Etsi
802 2684 1112 2777 potentie
1139 2693 1373 2755 nostre
1407 2684 1827 2778 presentiam
1857 2683 1951 2755 ad
1984 2683 2176 2756 italie
2212 2681 2576 2754 rebellium
2618 2682 2985 2777 aspirantis
3029 2684 3349 2775 exitium,

532 2827 658 2902 per
687 2807 1066 2880 adversarii
1106 2808 1324 2881 nostri
1368 2808 1663 2881 latentes
1703 2807 2021 2898 insidiae,
2059 2806 2150 2880 ad
2193 2805 2684 2879 eradicandam
2726 2805 2814 2877 de
2858 2828 3075 2900 regno
3116 2818 3353 2882 nostro

533 2930 902 3021 cujuslibet
939 2932 1347 3025 proditionis
1392 2932 1694 3027 speciem
1716 2985 1734 3022 ,
1765 2942 1971 3025 prout
2006 2929 2273 3003 dudum
2309 2929 2610 3001 volatilis
2651 2930 2833 3001 fame
2875 2931 3257 3024 loquacitas
3284 2943 3356 3005 et

531 3053 889 3151 literarum
915 3064 1308 3125 nostrarum
1338 3056 1635 3147 adjectio
1668 3057 2065 3149 frequenter
2093 3055 2187 3127 ad
2221 3063 2411 3126 tuam
2444 3054 2803 3126 deduxere
2835 3056 3188 3145 noticiam,
3211 3066 3352 3128 tam

531 3175 921 3246 necessarie
954 3196 1161 3247 cause
1191 3198 1403 3269 quam
1448 3179 1653 3249 utiles
1691 3189 2136 3270 evocassent;
2187 3178 2352 3271 quia
2394 3188 2623 3250 tamen
2657 3178 3075 3271 quibusdam
3113 3180 3351 3275 prodi-

535 3297 800 3371 toribus
849 3298 1100 3369 nostris
1153 3299 1223 3368 in
1276 3321 1492 3391 regno
1543 3301 2010 3390 morantibuS,
2048 3301 2226 3372 sicut
2270 3302 2566 3373 lucidius
2606 3303 2879 3397 pridem
2923 3304 3346 3396 scripsimus,

533 3422 771 3495 debito
803 3422 1142 3516 supplicio
1176 3423 1443 3494 traditis
1470 3433 1541 3494 et
1571 3423 1764 3513 regni
1799 3423 2104 3515 negociis
2139 3444 2270 3517 pro
2300 3434 2464 3497 voto
2493 3426 2641 3514 jam
2676 3426 3047 3496 salubriter
3072 3427 3351 3499 ordina·

539 3547 649 3638 tis,
680 3546 1037 3618 liberiores
1069 3569 1309 3617 sumus
1340 3546 1433 3618 ad
1471 3547 1813 3642 gladium,
1852 3556 1922 3617 et
1946 3545 2040 3618 ad
2066 3546 2525 3617 conterendas
2561 3546 2925 3617 rebellium
2956 3557 3351 3623 nostrorum

533 3671 860 3762 reliquias
896 3670 1205 3765 expediti
1227 3697 1246 3760 3
1269 3692 1373 3741 *ne
1407 3670 1613 3741 detur
1644 3670 1746 3741 eis
1776 3692 1871 3741 ex
1904 3670 2219 3741 absentia
2247 3679 2484 3741 nostra
2510 3669 2854 3763 gloriandi
2880 3670 3203 3761 materia,
3234 3673 3351 3744 vel

533 3793 853 3867 videatur
868 3816 964 3865 ex
989 3814 1182 3865 mora
1209 3803 1446 3865 nostra
1470 3794 1778 3889 potentia
1807 3793 2144 3888 tepuisse:
2169 3793 2339 3886 quin
2368 3793 2594 3889 potius
2621 3803 2988 3888 propterea
3015 3806 3349 3889 concepta

535 3938 694 4012 spes
727 3917 972 3990 frivola
1007 3918 1204 3989 velut
1230 3918 1300 3988 in
1325 3918 1684 4011 pulverem
1709 3916 2129 3988 sufflantium
2155 3918 2581 4006 annulletur,
2599 3917 3021 3989 confusionis
3043 3917 3350 4013 ipsorum

536 4048 807 4135 tempus
846 4040 1113 4112 bellicis
1144 4051 1384 4136 aptum
1425 4042 1714 4113 fortasse
1755 4040 2188 4113 conflictibus
2224 4041 2603 4136 anticipare
2647 4041 3110 4135 disponimus,
3144 4050 3223 4112 ut
3265 4062 3350 4114 eo

531 4164 812 4257 gravius
847 4164 1269 4237 commisisse
1317 4186 1390 4235 se
1436 4164 1757 4253 doleant,
1793 4185 1935 4258 quo
1975 4175 2210 4236 nostre
2250 4164 2557 4260 potentie
2599 4164 2853 4235 malleo
2890 4165 3350 4257 prematur-ius

532 4287 890 4358 ferientur.
928 4287 1097 4359 Cum
1124 4288 1335 4380 igitur
1362 4310 1656 4382 persone
1690 4297 1925 4359 nostre
1972 4310 2114 4360 non
2149 4286 2502 4381 parcendo
2536 4288 2925 4377 laboribuS‚
2959 4287 3031 4357 in
3064 4288 3349 4362 introitu

532 4410 742 4481 futuri
779 4411 1034 4481 mensis
1081 4411 1411 4482 februarii
1443 4410 1956 4504 magnificentia
1996 4421 2232 4482 nostra
2265 4431 2549 4482 movere
2581 4410 2669 4483 de
2706 4432 2920 4504 regno
2953 4424 3352 4485 constanter

530 4533 863 4629 propositi
906 4535 1271 4607 tenacitate
1313 4533 1693 4608 firmaverit
1732 4556 1973 4607 versus
2012 4544 2249 4629 partes
2282 4534 2473 4606 Italie
2495 4588 2513 4625 ,
2551 4534 2653 4606 ad*
2674 4535 3156 4607 contritionem
3190 4559 3350 4631 pre-

532 4658 874 4730 dictorum
910 4667 1302 4731 nostrorum
1336 4660 1736 4749 rebellium,
1767 4659 2156 4751 aquilarum
2192 4657 2583 4730 victricium
2613 4660 2827 4753 signis
2859 4659 3238 4755 explicitiS,
3278 4672 3349 4731 et
