4364 5738
602 603 807 666 lunum.
838 603 932 682 4.]
1491 605 1887 668 HISTORIA
1934 607 2527 674 DIPLOMATICA.
3305 609 3429 682 421

605 738 904 812 randum
945 738 1018 809 in
1049 738 1283 811 anima
1323 740 1476 832 ejus
1516 740 1708 834 quod
1752 763 1874 814 eos
1914 741 2248 815 credebat
2279 753 2351 814 et
2394 738 2542 841 [ad]
2583 743 3069 838 purgationem
3107 745 3316 818 etiam
3355 744 3429 816 in

606 861 953 955 presentia
980 870 1217 935 nostra
1249 860 1322 932 in
1352 862 1508 934 loco
1534 861 1790 935 idoneo
1818 884 2031 958 super
2057 864 2515 959 suspensione
2542 864 2944 958 hujusmodi
2970 845 3421 940 offerendam.

605 985 887 1079 Hecque
926 985 1095 1058 dicti
1138 986 1376 1060 nuncii
1424 987 1806 1059 referentes
1850 986 1924 1058 in
1969 988 2379 1061 eorumdem
2424 986 2817 1061 auditorum
2870 990 3220 1084 presentia
3267 990 3430 1064 viva

604 1130 780 1182 voce
806 1111 997 1203 quod
1029 1111 1250 1206 parati
1297 1122 1499 1184 erant
1543 1112 1642 1184 sic
1672 1114 1912 1207 jurare
1943 1134 2029 1185 ac
2074 1134 2170 1185 ex
2216 1123 2415 1210 parte
2456 1113 2673 1208 ipsius
2710 1112 3041 1185 Friderici
3074 1115 3433 1209 purgatio-

605 1253 770 1305 nem
810 1232 1209 1328 hujusmodi
1249 1235 1592 1311 obtulere.
1630 1236 1722 1308 Iis
1760 1235 1996 1332 itaque
2023 1236 2229 1310 nobis
2262 1256 2391 1331 per
2423 1236 2777 1310 auditores
2815 1237 3102 1309 eosdem
3139 1236 3433 1318 fideliter

608 1357 910 1430 recitatis
949 1368 1023 1430 et
1064 1359 1527 1433 instrumento
1566 1369 1640 1431 et
1683 1360 1928 1432 litteris
1972 1359 2259 1456 prefatis
2305 1359 2637 1449 ostensis,
2685 1360 3048 1433 manifeste
3091 1362 3432 1464 comperis

608 1502 766 1553 mus
790 1481 984 1575 quod
1012 1481 1411 1574 hujusmodi
1450 1483 1873 1556 examinatio
1913 1484 2141 1556 fuerat
2176 1506 2304 1580 per
2345 1505 2596 1576 magne
2637 1482 3176 1578 presumptionis
3209 1484 3430 1586 auda·

610 1604 816 1695 ciam,
854 1626 1015 1676 cum
1046 1605 1258 1678 iidem
1299 1607 1810 1679 examinatores
1843 1608 2106 1679 nullam
2158 1629 2372 1703 super
2404 1606 2539 1680 boc
2573 1618 2988 1703 potestatem
3030 1607 3427 1699 habuerint,

609 1737 947 1800 attentata
961 1755 983 1819 ;
1039 1750 1171 1801 nec
1216 1740 1368 1802 erat
1409 1732 1679 1826 prefato
1722 1731 2186 1803 instrumento
2232 1742 2304 1803 et
2339 1731 2622 1822 litteriS,
2670 1753 2828 1804 cum
2871 1732 2942 1803 in
2988 1732 3090 1804 eis
3134 1741 3206 1806 et
3241 1733 3433 1805 bulla

609 1851 760 1945 ipsa
809 1851 1158 1924 diceretur
1200 1853 1388 1926 idem
1425 1854 1815 1927 Fridericus
1857 1855 2235 1951 imperator
2275 1865 2346 1927 et
2397 1876 2527 1927 rex
2544 1908 2565 1946 ,
2602 1877 2730 1951 per
2767 1856 2960 1950 quod
2995 1855 3222 1928 dictus
3261 1856 3433 1932 scri·

610 1975 873 2047 niarius
928 1977 1028 2048 sic
1088 1977 1154 2048 ei
1211 1977 1512 2050 favendo
1578 1977 1933 2050 vinculum
1993 1979 2732 2052 excommunicationis
2782 1979 3204 2069 incurrerat,
3260 1977 3438 2051 fides

609 2100 1051 2193 aliquatenus
1081 2101 1504 2174 adhibenda.
1544 2103 1687 2174 Nos
1719 2079 1905 2173 enim
1941 2101 2035 2174 ad
2073 2101 2460 2174 notandum
2492 2102 2719 2196 ipsum
2755 2110 3153 2196 suspectum
3194 2101 3267 2172 in
3313 2122 3434 2174 eo·

611 2223 771 2296 dem
818 2225 1113 2298 concilio
1166 2225 1256 2298 de
1299 2225 1470 2297 vitio
1529 2225 1835 2297 heretice
1888 2225 2286 2320 pravitatis,
2332 2246 2427 2296 ex
2478 2224 2799 2295 violentis
2845 2232 2917 2295 et
2964 2223 3253 2295 notoriis
3297 2243 3436 2318 que

612 2357 856 2419 contra
893 2344 1105 2419 fidem
1142 2369 1271 2443 per
1301 2347 1722 2419 evidentiam
1741 2349 1890 2439 jam
1920 2346 2322 2419 ostenderat
2345 2345 2802 2438 argumentis,
2830 2345 3002 2417 moti
3031 2367 3165 2418 nec
3191 2345 3436 2418 imme-

612 2469 745 2543 rito
791 2470 1047 2542 fuimus
1092 2479 1333 2543 contra
1383 2491 1581 2561 eum,
1638 2470 1942 2541 maxime
2000 2492 2158 2542 cum
2219 2469 2408 2542 idem
2462 2469 2849 2546 Fridericus
2893 2477 3035 2540 tam
3080 2491 3123 2541 a
3168 2490 3435 2542 canone

612 2615 821 2688 quam
855 2595 946 2667 ab
980 2594 1261 2668 homine
1302 2606 1374 2667 et
1414 2594 1740 2689 precipue
1784 2615 1828 2666 a
1869 2594 2087 2665 felicis
2132 2593 2632 2666 recordationis
2668 2592 2999 2685 Gregorio
3048 2613 3231 2689 papa
3274 2575 3435 2687 pre-⁵

612 2719 975 2791 decessore
1015 2729 1253 2791 nostro
1296 2719 1607 2813 pluribus
1649 2717 2444 2790 excommunicationum
2489 2716 2847 2788 sententiis
2886 2715 3292 2806 innodatus,
3331 2716 3435 2787 fe·

612 2843 785 2915 cerit
824 2843 894 2914 in
935 2853 1409 2939 contemptum
1451 2842 1751 2914 clavium
1784 2841 1916 2914 sibi
1961 2841 2299 2914 celebrari
2331 2840 2606 2931 divina,
2644 2850 2962 2936 patenter
3001 2861 3320 2913 asserens
3360 2859 3436 2912 se

615 2968 860 3061 prefati
890 2968 1199 3060 Gregorii
1231 2968 1610 3039 sententias
1639 2989 1783 3039 non
1817 2967 2079 3056 vereri,
2116 2987 2293 3060 quas
2323 2987 2465 3037 non
2498 2967 2726 3037 solum
2758 2986 2901 3036 non
2933 2964 3275 3052 servavit,
3311 2964 3438 3037 sed

614 3090 974 3164 mandavit
1004 3091 1212 3163 etiam
1247 3092 1339 3162 ab
1365 3092 1519 3163 aliis
1557 3113 1699 3164 non
1746 3091 2045 3177 servari,
2083 3090 2396 3185 aliasque
2429 3092 2843 3183 conjunctus
2872 3088 3175 3160 amicitia
3206 3087 3440 3161 detes·

617 3215 807 3286 tabili
834 3214 1231 3303 Saracenis,
1273 3215 1445 3286 ritus
1476 3236 1719 3287 eorum
1749 3215 2219 3309 complectens
2248 3235 2332 3286 ac
2362 3214 2632 3309 aliquos
2658 3234 2753 3285 ex
2782 3212 2880 3285 eis
2917 3212 2986 3283 in
3017 3211 3439 3307 quotidianis

615 3337 769 3428 ejus
797 3336 1149 3429 obsequiis
1179 3356 1418 3408 secum
1464 3347 1742 3427 tenenS,
1779 3337 2062 3409 nuntios
2094 3336 2379 3409 Soldani
2418 3336 2810 3423 Babilonie,
2850 3343 3216 3429 postquam
3250 3334 3439 3408 idem

614 3458 959 3535 Soldanus
998 3479 1158 3531 cum
1196 3480 1337 3554 quo
1368 3459 1596 3531 dictus
1628 3459 2047 3550 Fridericus,
2092 3468 2300 3554 prout
2342 3458 2557 3554 ipsius
2601 3458 2885 3530 Soldani
2926 3458 3173 3529 litteris
3215 3478 3442 3552 nuper

614 3582 1008 3676 accepimus
1038 3581 1100 3678 (⁴
1118 3583 1173 3675 ),
1211 3603 1254 3654 a
1294 3591 1603 3676 tempore
1633 3583 1851 3676 patris
1887 3581 2203 3675 ejusdem
2236 3579 2520 3653 Soldani
2557 3578 3088 3651 familiaritatem
3117 3588 3188 3649 et
3219 3579 3436 3651 dilec-

617 3707 876 3779 tionem
906 3717 1214 3778 mutuam
1250 3715 1321 3777 et
1346 3705 1789 3779 concordiam
1823 3707 2203 3799 perfectam
2226 3704 2482 3778 habere
2510 3702 2917 3790 dinoscitur,
2953 3702 3160 3772 Terre
3188 3701 3439 3773 Sancte

616 3839 688 3901 et
723 3832 876 3923 ejus
913 3830 1416 3901 habitatoribus
1446 3828 1837 3900 christianis
1869 3849 1995 3922 per
2025 3848 2100 3900 se
2125 3849 2212 3900 ac
2246 3849 2412 3900 suos
2441 3827 2698 3900 damna
2723 3824 3132 3916 gravissima
3165 3833 3237 3894 et
3261 3823 3442 3895 ines-

618 3955 959 4028 timabiles
989 3956 1274 4047 injurias
1316 3955 1692 4047 irrogarat,
1737 3954 2137 4048 feceritper
2170 3975 2464 4045 regnum
2512 3951 2739 4024 Sicilie
2785 3972 2945 4022 cum
2989 3947 3311 4020 laudibus
3345 3947 3439 4020 ad

617 4079 931 4169 ejusdem
963 4078 1246 4151 Soldani
1287 4078 1764 4151 extollentiam
1808 4076 2186 4151 honorifice
2232 4076 2490 4171 suscipi
2534 4086 2606 4146 et
2645 4072 3009 4166 magnifice
3039 4070 3433 4168 procurari;

614 4201 910 4277 aliorum
947 4202 1156 4274 etiam
1184 4200 1568 4274 infidelium
1596 4199 2000 4295 perniciosis
2028 4207 2099 4269 et
2127 4197 2497 4270 horrendis
2535 4195 2890 4288 ohsequiis
2922 4205 3162 4268 contra
3196 4192 3440 4265 fideles

617 4325 947 4416 abutens,
979 4325 1116 4398 illis
1147 4326 1268 4418 qui
1301 4324 1790 4398 damnabiliter
1828 4321 2340 4416 vilipendentes
2368 4319 2839 4414 Apostolicam
2872 4318 3127 4391 Sedem
3161 4317 3254 4389 ab
3287 4316 3441 4388 uni-

621 4456 761 4519 tate
817 4449 1123 4538 Ecclesie
1186 4449 1707 4537 discesserunt,
1767 4444 2155 4540 procurarit
2206 4442 2538 4516 affinitate
2584 4463 2667 4514 ac
2724 4443 3025 4517 amicitia
3083 4440 3433 4538 copulari;

667 4706 777 4780 (t)
805 4706 1093 4767 Evidenter
1117 4709 1292 4783 agitur
1318 4709 1386 4767 de
1409 4708 1494 4766 his
1521 4708 1738 4768 soldani
1763 4706 1954 4765 litteris
1974 4721 2112 4780 quas
2130 4721 2298 4780 supra
2327 4704 2607 4767 retulimus
2623 4746 2640 4777 ,
2668 4720 2724 4781 p.
2757 4706 2884 4775 426.
