<?xml version="1.0" encoding="UTF-8"?>
<!DOCTYPE html PUBLIC "-//W3C//DTD XHTML 1.0 Transitional//EN"
    "http://www.w3.org/TR/xhtml1/DTD/xhtml1-transitional.dtd">
<html xmlns="http://www.w3.org/1999/xhtml" xml:lang="en" lang="en">
 <head>
  <title>
</title>
<meta http-equiv="Content-Type" content="text/html;charset=utf-8" />
  <meta name='ocr-system' content='tesseract 3.04.00' />
  <meta name='ocr-capabilities' content='ocr_page ocr_carea ocr_par ocr_line ocrx_word'/>
</head>
<body>
  <div class='ocr_page' id='page_1' title='image "./historiadiploma00degoog_0422.png"; bbox 0 0 4364 5738; ppageno 0'>
   <div class='ocr_carea' id='block_1_1' title="bbox 1069 573 3878 656">
    <p class='ocr_par' dir='ltr' id='par_1_1' title="bbox 1069 573 3878 656">
     <span class='ocr_line' id='line_1_1' title="bbox 1069 573 3878 656; baseline 0.001 -20"><span class='ocrx_word' id='word_1_1' title='bbox 1069 573 1195 636; x_wconf 75' lang='lat'><strong>406</strong></span> <span class='ocrx_word' id='word_1_2' title='bbox 2070 574 2497 637; x_wconf 73' lang='lat' dir='ltr'><strong>rmnssluct</strong></span> <span class='ocrx_word' id='word_1_3' title='bbox 2546 574 2894 637; x_wconf 64' lang='lat' dir='ltr'><strong>seculum</strong></span> <span class='ocrx_word' id='word_1_4' title='bbox 3503 576 3670 656; x_wconf 75' lang='lat' dir='ltr'><strong>[An.</strong></span> <span class='ocrx_word' id='word_1_5' title='bbox 3706 576 3878 638; x_wconf 60' lang='lat' dir='ltr'><strong>lm.</strong></span> 
     </span>
    </p>
   </div>
   <div class='ocr_carea' id='block_1_2' title="bbox 1004 707 3890 4377">
    <p class='ocr_par' dir='ltr' id='par_1_2' title="bbox 1004 707 3890 4377">
     <span class='ocr_line' id='line_1_2' title="bbox 1071 707 3889 802; baseline 0.001 -22"><span class='ocrx_word' id='word_1_6' title='bbox 1071 730 1202 781; x_wconf 89' lang='lat' dir='ltr'><strong>nos</strong></span> <span class='ocrx_word' id='word_1_7' title='bbox 1233 709 1306 780; x_wconf 92' lang='lat' dir='ltr'><strong>in</strong></span> <span class='ocrx_word' id='word_1_8' title='bbox 1344 707 1788 800; x_wconf 89' lang='lat' dir='ltr'><strong>Lugdunensi</strong></span> <span class='ocrx_word' id='word_1_9' title='bbox 1833 707 2128 781; x_wconf 89' lang='lat' dir='ltr'><strong>concilio</strong></span> <span class='ocrx_word' id='word_1_10' title='bbox 2167 709 2593 781; x_wconf 91' lang='lat' dir='ltr'><strong>celebratum</strong></span> <span class='ocrx_word' id='word_1_11' title='bbox 2609 762 2631 800; x_wconf 94' lang='lat'><strong>,</strong></span> <span class='ocrx_word' id='word_1_12' title='bbox 2680 708 2753 779; x_wconf 92' lang='lat' dir='ltr'><strong>in</strong></span> <span class='ocrx_word' id='word_1_13' title='bbox 2784 728 3032 780; x_wconf 92' lang='lat' dir='ltr'><strong>necem</strong></span> <span class='ocrx_word' id='word_1_14' title='bbox 3070 729 3269 781; x_wconf 86' lang='lat' dir='ltr'><strong>suam</strong></span> <span class='ocrx_word' id='word_1_15' title='bbox 3311 710 3428 782; x_wconf 80' lang='lat' dir='ltr'><strong>vel</strong></span> <span class='ocrx_word' id='word_1_16' title='bbox 3460 711 3756 802; x_wconf 83' lang='lat' dir='ltr'><strong>alicujus</strong></span> <span class='ocrx_word' id='word_1_17' title='bbox 3794 732 3889 784; x_wconf 86' lang='lat' dir='ltr'><strong>ex</strong></span> 
     </span>
     <span class='ocr_line' id='line_1_3' title="bbox 1071 831 3886 929; baseline 0.001 -26"><span class='ocrx_word' id='word_1_18' title='bbox 1071 833 1400 905; x_wconf 80' lang='lat' dir='ltr'><strong>fratribus</strong></span> <span class='ocrx_word' id='word_1_19' title='bbox 1451 831 1843 903; x_wconf 88' lang='lat' dir='ltr'><strong>consentire</strong></span> <span class='ocrx_word' id='word_1_20' title='bbox 1890 832 2232 905; x_wconf 85' lang='lat' dir='ltr'><strong>vellemus</strong></span> <span class='ocrx_word' id='word_1_21' title='bbox 2251 885 2273 923; x_wconf 93' lang='lat'><strong>,</strong></span> <span class='ocrx_word' id='word_1_22' title='bbox 2328 853 2729 926; x_wconf 88' lang='lat' dir='ltr'><strong>quanquam</strong></span> <span class='ocrx_word' id='word_1_23' title='bbox 2774 852 2902 904; x_wconf 92' lang='lat' dir='ltr'><strong>nos</strong></span> <span class='ocrx_word' id='word_1_24' title='bbox 2958 832 3292 904; x_wconf 77' lang='lat' dir='ltr'>fuerimus</span> <span class='ocrx_word' id='word_1_25' title='bbox 3342 854 3469 929; x_wconf 91' lang='lat' dir='ltr'><strong>per</strong></span> <span class='ocrx_word' id='word_1_26' title='bbox 3518 834 3886 906; x_wconf 88' lang='lat' dir='ltr'><strong>nonnullos</strong></span> 
     </span>
     <span class='ocr_line' id='line_1_4' title="bbox 1071 953 3884 1052; baseline 0 -24"><span class='ocrx_word' id='word_1_27' title='bbox 1071 967 1304 1030; x_wconf 89' lang='lat' dir='ltr'><strong>nostre</strong></span> <span class='ocrx_word' id='word_1_28' title='bbox 1336 953 1501 1027; x_wconf 89' lang='lat' dir='ltr'><strong>fidei</strong></span> <span class='ocrx_word' id='word_1_29' title='bbox 1529 955 1864 1026; x_wconf 77' lang='lat' dir='ltr'><strong>zelatores</strong></span> <span class='ocrx_word' id='word_1_30' title='bbox 1902 956 2301 1029; x_wconf 79' lang='lat' dir='ltr'><strong>multotiens</strong></span> <span class='ocrx_word' id='word_1_31' title='bbox 2332 956 2681 1050; x_wconf 88' lang='lat' dir='ltr'><strong>requisiti;</strong></span> <span class='ocrx_word' id='word_1_32' title='bbox 2721 954 2848 1028; x_wconf 88' lang='lat' dir='ltr'><strong>sed</strong></span> <span class='ocrx_word' id='word_1_33' title='bbox 2880 956 3027 1028; x_wconf 89' lang='lat' dir='ltr'><strong>sola</strong></span> <span class='ocrx_word' id='word_1_34' title='bbox 3062 977 3340 1052; x_wconf 83' lang='lat' dir='ltr'><strong>semper</strong></span> <span class='ocrx_word' id='word_1_35' title='bbox 3377 957 3735 1029; x_wconf 79' lang='lat' dir='ltr'><strong>extitimus</strong></span> <span class='ocrx_word' id='word_1_36' title='bbox 3779 958 3884 1029; x_wconf 89' lang='lat' dir='ltr'><strong>in-</strong></span> 
     </span>
     <span class='ocr_line' id='line_1_5' title="bbox 1063 1079 3884 1174; baseline -0 -22"><span class='ocrx_word' id='word_1_37' title='bbox 1063 1081 1399 1173; x_wconf 85' lang='lat' dir='ltr'><strong>juriarum</strong></span> <span class='ocrx_word' id='word_1_38' title='bbox 1458 1089 1850 1151; x_wconf 88' lang='lat' dir='ltr'><strong>nostrarum</strong></span> <span class='ocrx_word' id='word_1_39' title='bbox 1899 1080 2424 1174; x_wconf 81' lang='lat' dir='ltr'><strong>propulsatione</strong></span> <span class='ocrx_word' id='word_1_40' title='bbox 2474 1079 2781 1152; x_wconf 87' lang='lat' dir='ltr'><strong>contenti</strong></span> <span class='ocrx_word' id='word_1_41' title='bbox 2800 1132 2822 1170; x_wconf 92' lang='lat'><strong>,</strong></span> <span class='ocrx_word' id='word_1_42' title='bbox 2871 1098 3001 1151; x_wconf 90' lang='lat' dir='ltr'><strong>nos</strong></span> <span class='ocrx_word' id='word_1_43' title='bbox 3032 1080 3221 1171; x_wconf 83' lang='lat' dir='ltr'><strong>juste</strong></span> <span class='ocrx_word' id='word_1_44' title='bbox 3279 1080 3693 1170; x_wconf 79' lang='lat' dir='ltr'><strong>defendere,</strong></span> <span class='ocrx_word' id='word_1_45' title='bbox 3747 1102 3884 1153; x_wconf 91' lang='lat' dir='ltr'><strong>non</strong></span> 
     </span>
     <span class='ocr_line' id='line_1_6' title="bbox 1069 1201 3883 1298; baseline 0 -22"><span class='ocrx_word' id='word_1_46' title='bbox 1069 1203 1308 1276; x_wconf 88' lang='lat' dir='ltr'><strong>ulcisci</strong></span> <span class='ocrx_word' id='word_1_47' title='bbox 1341 1201 1688 1275; x_wconf 90' lang='lat' dir='ltr'><strong>sufficiens</strong></span> <span class='ocrx_word' id='word_1_48' title='bbox 1718 1211 2141 1297; x_wconf 87' lang='lat' dir='ltr'><strong>reputantes.</strong></span> <span class='ocrx_word' id='word_1_49' title='bbox 2175 1203 2448 1296; x_wconf 82' lang='lat' dir='ltr'><strong>Pugnat</strong></span> <span class='ocrx_word' id='word_1_50' title='bbox 2476 1204 2663 1275; x_wconf 89' lang='lat' dir='ltr'><strong>enim</strong></span> <span class='ocrx_word' id='word_1_51' title='bbox 2705 1223 2832 1298; x_wconf 93' lang='lat' dir='ltr'><strong>pro</strong></span> <span class='ocrx_word' id='word_1_52' title='bbox 2869 1202 3070 1275; x_wconf 91' lang='lat' dir='ltr'><strong>nobis</strong></span> <span class='ocrx_word' id='word_1_53' title='bbox 3100 1202 3616 1276; x_wconf 89' lang='lat' dir='ltr'><strong>evidentissime</strong></span> <span class='ocrx_word' id='word_1_54' title='bbox 3647 1205 3883 1276; x_wconf 90' lang='lat' dir='ltr'><strong>Domi·</strong></span> 
     </span>
     <span class='ocr_line' id='line_1_7' title="bbox 1070 1324 3883 1419; baseline 0 -21"><span class='ocrx_word' id='word_1_55' title='bbox 1070 1350 1239 1418; x_wconf 86' lang='lat' dir='ltr'><strong>nus,</strong></span> <span class='ocrx_word' id='word_1_56' title='bbox 1283 1326 1405 1419; x_wconf 92' lang='lat' dir='ltr'><strong>qui</strong></span> <span class='ocrx_word' id='word_1_57' title='bbox 1440 1325 1702 1396; x_wconf 90' lang='lat' dir='ltr'><strong>nedum</strong></span> <span class='ocrx_word' id='word_1_58' title='bbox 1747 1324 1937 1417; x_wconf 91' lang='lat' dir='ltr'><strong>quod</strong></span> <span class='ocrx_word' id='word_1_59' title='bbox 1978 1325 2284 1397; x_wconf 92' lang='lat' dir='ltr'><strong>animam</strong></span> <span class='ocrx_word' id='word_1_60' title='bbox 2327 1336 2634 1399; x_wconf 88' lang='lat' dir='ltr'><strong>nostram</strong></span> <span class='ocrx_word' id='word_1_61' title='bbox 2681 1327 3122 1398; x_wconf 81' lang='lat' dir='ltr'><strong>innocentem</strong></span> <span class='ocrx_word' id='word_1_62' title='bbox 3162 1326 3252 1398; x_wconf 91' lang='lat' dir='ltr'><strong>de</strong></span> <span class='ocrx_word' id='word_1_63' title='bbox 3293 1327 3616 1398; x_wconf 90' lang='lat' dir='ltr'><strong>manibus</strong></span> <span class='ocrx_word' id='word_1_64' title='bbox 3656 1327 3883 1399; x_wconf 90' lang='lat' dir='ltr'><strong>inimi-</strong></span> 
     </span>
     <span class='ocr_line' id='line_1_8' title="bbox 1068 1447 3884 1545; baseline 0 -23"><span class='ocrx_word' id='word_1_65' title='bbox 1068 1471 1310 1522; x_wconf 91' lang='lat' dir='ltr'><strong>corum</strong></span> <span class='ocrx_word' id='word_1_66' title='bbox 1339 1459 1735 1521; x_wconf 89' lang='lat' dir='ltr'><strong>nostrorum</strong></span> <span class='ocrx_word' id='word_1_67' title='bbox 1765 1447 2034 1543; x_wconf 89' lang='lat' dir='ltr'><strong>eripiat,</strong></span> <span class='ocrx_word' id='word_1_68' title='bbox 2078 1449 2392 1542; x_wconf 91' lang='lat' dir='ltr'><strong>quinimo</strong></span> <span class='ocrx_word' id='word_1_69' title='bbox 2433 1449 2832 1521; x_wconf 90' lang='lat' dir='ltr'><strong>nocentium</strong></span> <span class='ocrx_word' id='word_1_70' title='bbox 2864 1449 3049 1521; x_wconf 83' lang='lat' dir='ltr'><strong>vires</strong></span> <span class='ocrx_word' id='word_1_71' title='bbox 3076 1458 3149 1521; x_wconf 90' lang='lat' dir='ltr'><strong>et</strong></span> <span class='ocrx_word' id='word_1_72' title='bbox 3176 1469 3471 1545; x_wconf 89' lang='lat' dir='ltr'><strong>corpora</strong></span> <span class='ocrx_word' id='word_1_73' title='bbox 3498 1449 3780 1523; x_wconf 87' lang='lat' dir='ltr'><strong>tradidit</strong></span> <span class='ocrx_word' id='word_1_74' title='bbox 3812 1451 3884 1524; x_wconf 89' lang='lat' dir='ltr'><strong>in</strong></span> 
     </span>
     <span class='ocr_line' id='line_1_9' title="bbox 1070 1572 3880 1669; baseline 0.001 -24"><span class='ocrx_word' id='word_1_75' title='bbox 1070 1584 1364 1647; x_wconf 80' lang='lat' dir='ltr'><strong>nostras,</strong></span> <span class='ocrx_word' id='word_1_76' title='bbox 1399 1573 1638 1669; x_wconf 93' lang='lat' dir='ltr'><strong>Nuper</strong></span> <span class='ocrx_word' id='word_1_77' title='bbox 1663 1572 1849 1644; x_wconf 91' lang='lat' dir='ltr'><strong>enim</strong></span> <span class='ocrx_word' id='word_1_78' title='bbox 1872 1573 2224 1645; x_wconf 84' lang='lat' dir='ltr'><strong>cardinale</strong></span> <span class='ocrx_word' id='word_1_79' title='bbox 2245 1574 2614 1669; x_wconf 80' lang='lat' dir='ltr'><strong>Raynerio,</strong></span> <span class='ocrx_word' id='word_1_80' title='bbox 2642 1574 2862 1646; x_wconf 88' lang='lat' dir='ltr'><strong>nostri</strong></span> <span class='ocrx_word' id='word_1_81' title='bbox 2886 1573 3185 1647; x_wconf 89' lang='lat' dir='ltr'><strong>nominis</strong></span> <span class='ocrx_word' id='word_1_82' title='bbox 3206 1584 3279 1645; x_wconf 90' lang='lat' dir='ltr'><strong>et</strong></span> <span class='ocrx_word' id='word_1_83' title='bbox 3307 1573 3592 1647; x_wconf 87' lang='lat' dir='ltr'><strong>honoris</strong></span> <span class='ocrx_word' id='word_1_84' title='bbox 3623 1576 3880 1666; x_wconf 90' lang='lat' dir='ltr'><strong>emulo,</strong></span> 
     </span>
     <span class='ocr_line' id='line_1_10' title="bbox 1071 1695 3884 1792; baseline 0.001 -25"><span class='ocrx_word' id='word_1_85' title='bbox 1071 1697 1442 1788; x_wconf 80' lang='lat' dir='ltr'><strong>instigante</strong></span> <span class='ocrx_word' id='word_1_86' title='bbox 1470 1696 1727 1767; x_wconf 80' lang='lat' dir='ltr'><strong>Iacobo</strong></span> <span class='ocrx_word' id='word_1_87' title='bbox 1767 1696 1856 1767; x_wconf 94' lang='lat' dir='ltr'><strong>de</strong></span> <span class='ocrx_word' id='word_1_88' title='bbox 1890 1697 2117 1768; x_wconf 87' lang='lat' dir='ltr'><strong>Morra</strong></span> <span class='ocrx_word' id='word_1_89' title='bbox 2151 1697 2503 1792; x_wconf 85' lang='lat' dir='ltr'><strong>proditore</strong></span> <span class='ocrx_word' id='word_1_90' title='bbox 2535 1706 2811 1788; x_wconf 79' lang='lat' dir='ltr'><strong>nostro,</strong></span> <span class='ocrx_word' id='word_1_91' title='bbox 2851 1717 3012 1768; x_wconf 93' lang='lat' dir='ltr'><strong>cum</strong></span> <span class='ocrx_word' id='word_1_92' title='bbox 3052 1695 3401 1768; x_wconf 88' lang='lat' dir='ltr'><strong>Perusinis</strong></span> <span class='ocrx_word' id='word_1_93' title='bbox 3442 1707 3515 1768; x_wconf 90' lang='lat' dir='ltr'><strong>et</strong></span> <span class='ocrx_word' id='word_1_94' title='bbox 3548 1696 3884 1769; x_wconf 86' lang='lat' dir='ltr'><strong>Assisina·</strong></span> 
     </span>
     <span class='ocr_line' id='line_1_11' title="bbox 1004 1818 3890 1915; baseline 0 -23"><span class='ocrx_word' id='word_1_95' title='bbox 1004 1867 1009 1872; x_wconf 85' lang='lat'><em>-</em></span> <span class='ocrx_word' id='word_1_96' title='bbox 1074 1819 1258 1892; x_wconf 90' lang='lat' dir='ltr'><strong>tibus</strong></span> <span class='ocrx_word' id='word_1_97' title='bbox 1283 1818 1657 1891; x_wconf 89' lang='lat' dir='ltr'><strong>rebellibus</strong></span> <span class='ocrx_word' id='word_1_98' title='bbox 1690 1819 1943 1891; x_wconf 90' lang='lat' dir='ltr'><strong>nostris</strong></span> <span class='ocrx_word' id='word_1_99' title='bbox 1979 1840 2197 1915; x_wconf 93' lang='lat' dir='ltr'><strong>prope</strong></span> <span class='ocrx_word' id='word_1_100' title='bbox 2235 1830 2538 1892; x_wconf 88' lang='lat' dir='ltr'><strong>castrum</strong></span> <span class='ocrx_word' id='word_1_101' title='bbox 2572 1819 2784 1915; x_wconf 93' lang='lat' dir='ltr'><strong>Spelli</strong></span> <span class='ocrx_word' id='word_1_102' title='bbox 2817 1820 3060 1891; x_wconf 90' lang='lat' dir='ltr'><strong>ultima</strong></span> <span class='ocrx_word' id='word_1_103' title='bbox 3092 1818 3205 1892; x_wconf 93' lang='lat' dir='ltr'><strong>die</strong></span> <span class='ocrx_word' id='word_1_104' title='bbox 3236 1819 3556 1914; x_wconf 82' lang='lat' dir='ltr'><strong>proxime</strong></span> <span class='ocrx_word' id='word_1_105' title='bbox 3582 1821 3890 1915; x_wconf 76' lang='lat' dir='ltr'><strong>preterin&#39;</strong></span> 
     </span>
     <span class='ocr_line' id='line_1_12' title="bbox 1071 1941 3884 2037; baseline 0.001 -23"><span class='ocrx_word' id='word_1_106' title='bbox 1071 1942 1328 2014; x_wconf 88' lang='lat' dir='ltr'><strong>mensis</strong></span> <span class='ocrx_word' id='word_1_107' title='bbox 1361 1941 1627 2031; x_wconf 92' lang='lat' dir='ltr'><strong>martii,</strong></span> <span class='ocrx_word' id='word_1_108' title='bbox 1663 1942 1754 2013; x_wconf 92' lang='lat' dir='ltr'><strong>ad</strong></span> <span class='ocrx_word' id='word_1_109' title='bbox 1794 1941 2426 2016; x_wconf 88' lang='lat' dir='ltr'><strong>damnificationem</strong></span> <span class='ocrx_word' id='word_1_110' title='bbox 2468 1953 2864 2016; x_wconf 87' lang='lat' dir='ltr'><strong>nostrorum</strong></span> <span class='ocrx_word' id='word_1_111' title='bbox 2902 1941 3213 2015; x_wconf 89' lang='lat' dir='ltr'><strong>fidelium</strong></span> <span class='ocrx_word' id='word_1_112' title='bbox 3248 1943 3710 2037; x_wconf 89' lang='lat' dir='ltr'><strong>procedente,</strong></span> <span class='ocrx_word' id='word_1_113' title='bbox 3742 1945 3884 2018; x_wconf 78' lang='lat' dir='ltr'><strong>Ma·</strong></span> 
     </span>
     <span class='ocr_line' id='line_1_13' title="bbox 1070 2062 3883 2162; baseline 0 -25"><span class='ocrx_word' id='word_1_114' title='bbox 1070 2067 1265 2138; x_wconf 91' lang='lat' dir='ltr'><strong>rinus</strong></span> <span class='ocrx_word' id='word_1_115' title='bbox 1295 2066 1385 2138; x_wconf 92' lang='lat' dir='ltr'><strong>de</strong></span> <span class='ocrx_word' id='word_1_116' title='bbox 1414 2065 1641 2138; x_wconf 89' lang='lat' dir='ltr'><strong>Ebulo</strong></span> <span class='ocrx_word' id='word_1_117' title='bbox 1676 2062 1901 2137; x_wconf 89' lang='lat' dir='ltr'><strong>fidelis</strong></span> <span class='ocrx_word' id='word_1_118' title='bbox 1935 2076 2201 2157; x_wconf 88' lang='lat' dir='ltr'><strong>noster,</strong></span> <span class='ocrx_word' id='word_1_119' title='bbox 2234 2066 2308 2137; x_wconf 93' lang='lat' dir='ltr'><strong>in</strong></span> <span class='ocrx_word' id='word_1_120' title='bbox 2340 2067 2599 2138; x_wconf 90' lang='lat' dir='ltr'><strong>ducatu</strong></span> <span class='ocrx_word' id='word_1_121' title='bbox 2640 2067 3015 2161; x_wconf 88' lang='lat' dir='ltr'><strong>Spoletano</strong></span> <span class='ocrx_word' id='word_1_122' title='bbox 3046 2065 3346 2138; x_wconf 89' lang='lat' dir='ltr'><strong>vicarius</strong></span> <span class='ocrx_word' id='word_1_123' title='bbox 3376 2063 3482 2162; x_wconf 81' lang='lat' dir='ltr'><strong>(a)</strong></span> <span class='ocrx_word' id='word_1_124' title='bbox 3516 2066 3883 2158; x_wconf 88' lang='lat' dir='ltr'><strong>generalis,</strong></span> 
     </span>
     <span class='ocr_line' id='line_1_14' title="bbox 1069 2188 3886 2284; baseline 0 -23"><span class='ocrx_word' id='word_1_125' title='bbox 1069 2189 1511 2283; x_wconf 88' lang='lat' dir='ltr'><strong>quorundam</strong></span> <span class='ocrx_word' id='word_1_126' title='bbox 1559 2188 2143 2261; x_wconf 87' lang='lat' dir='ltr'><strong>Theutonicorum</strong></span> <span class='ocrx_word' id='word_1_127' title='bbox 2195 2190 2317 2284; x_wconf 90' lang='lat' dir='ltr'><strong>qui</strong></span> <span class='ocrx_word' id='word_1_128' title='bbox 2372 2190 2474 2262; x_wconf 91' lang='lat' dir='ltr'><strong>sic</strong></span> <span class='ocrx_word' id='word_1_129' title='bbox 2522 2190 2862 2262; x_wconf 89' lang='lat' dir='ltr'><strong>instanter</strong></span> <span class='ocrx_word' id='word_1_130' title='bbox 2914 2188 3157 2261; x_wconf 87' lang='lat' dir='ltr'><strong>haberi</strong></span> <span class='ocrx_word' id='word_1_131' title='bbox 3209 2199 3533 2284; x_wconf 89' lang='lat' dir='ltr'><strong>poterant</strong></span> <span class='ocrx_word' id='word_1_132' title='bbox 3580 2190 3886 2262; x_wconf 89' lang='lat' dir='ltr'><strong>munitus</strong></span> 
     </span>
     <span class='ocr_line' id='line_1_15' title="bbox 1069 2312 3885 2403; baseline -0 -18"><span class='ocrx_word' id='word_1_133' title='bbox 1069 2313 1375 2403; x_wconf 79' lang='lat' dir='ltr'><strong>auxiliis,</strong></span> <span class='ocrx_word' id='word_1_134' title='bbox 1407 2313 1491 2384; x_wconf 88' lang='lat' dir='ltr'><strong>in·</strong></span> <span class='ocrx_word' id='word_1_135' title='bbox 1511 2312 1768 2384; x_wconf 85' lang='lat' dir='ltr'><strong>virtute</strong></span> <span class='ocrx_word' id='word_1_136' title='bbox 1800 2314 2017 2386; x_wconf 89' lang='lat' dir='ltr'><strong>nostri</strong></span> <span class='ocrx_word' id='word_1_137' title='bbox 2048 2313 2350 2385; x_wconf 90' lang='lat' dir='ltr'><strong>nominis</strong></span> <span class='ocrx_word' id='word_1_138' title='bbox 2381 2323 2453 2386; x_wconf 90' lang='lat' dir='ltr'><strong>et</strong></span> <span class='ocrx_word' id='word_1_139' title='bbox 2484 2312 2895 2385; x_wconf 85' lang='lat' dir='ltr'><strong>excellentie</strong></span> <span class='ocrx_word' id='word_1_140' title='bbox 2926 2321 3164 2385; x_wconf 88' lang='lat' dir='ltr'><strong>nostre</strong></span> <span class='ocrx_word' id='word_1_141' title='bbox 3206 2334 3340 2384; x_wconf 88' lang='lat' dir='ltr'><strong>nec</strong></span> <span class='ocrx_word' id='word_1_142' title='bbox 3365 2335 3507 2386; x_wconf 92' lang='lat' dir='ltr'><strong>non</strong></span> <span class='ocrx_word' id='word_1_143' title='bbox 3538 2313 3722 2386; x_wconf 80' lang='lat' dir='ltr'><strong>felici</strong></span> <span class='ocrx_word' id='word_1_144' title='bbox 3748 2314 3885 2386; x_wconf 80' lang='lat' dir='ltr'><strong>for-</strong></span> 
     </span>
     <span class='ocr_line' id='line_1_16' title="bbox 1074 2434 3884 2532; baseline -0 -23"><span class='ocrx_word' id='word_1_145' title='bbox 1074 2450 1276 2528; x_wconf 85' lang='lat' dir='ltr'><strong>tuna,</strong></span> <span class='ocrx_word' id='word_1_146' title='bbox 1316 2436 1546 2509; x_wconf 87' lang='lat' dir='ltr'><strong>hostes</strong></span> <span class='ocrx_word' id='word_1_147' title='bbox 1585 2445 1857 2509; x_wconf 89' lang='lat' dir='ltr'><strong>nostros</strong></span> <span class='ocrx_word' id='word_1_148' title='bbox 1892 2436 2184 2508; x_wconf 85' lang='lat' dir='ltr'><strong>viriliter</strong></span> <span class='ocrx_word' id='word_1_149' title='bbox 2228 2458 2313 2507; x_wconf 92' lang='lat' dir='ltr'><strong>ac</strong></span> <span class='ocrx_word' id='word_1_150' title='bbox 2356 2447 2678 2531; x_wconf 89' lang='lat' dir='ltr'><strong>potenter</strong></span> <span class='ocrx_word' id='word_1_151' title='bbox 2721 2436 3173 2529; x_wconf 88' lang='lat' dir='ltr'><strong>aggrediens,</strong></span> <span class='ocrx_word' id='word_1_152' title='bbox 3215 2434 3355 2508; x_wconf 88' lang='lat' dir='ltr'><strong>fide</strong></span> <span class='ocrx_word' id='word_1_153' title='bbox 3396 2436 3625 2532; x_wconf 90' lang='lat' dir='ltr'><strong>potius</strong></span> <span class='ocrx_word' id='word_1_154' title='bbox 3675 2457 3884 2529; x_wconf 88' lang='lat' dir='ltr'><strong>quam</strong></span> 
     </span>
     <span class='ocr_line' id='line_1_17' title="bbox 1072 2558 3885 2653; baseline 0 -23"><span class='ocrx_word' id='word_1_155' title='bbox 1072 2560 1512 2631; x_wconf 89' lang='lat' dir='ltr'><strong>multitudine</strong></span> <span class='ocrx_word' id='word_1_156' title='bbox 1558 2559 1870 2653; x_wconf 88' lang='lat' dir='ltr'><strong>preditus</strong></span> <span class='ocrx_word' id='word_1_157' title='bbox 1913 2570 2373 2650; x_wconf 81' lang='lat' dir='ltr'><strong>armatorum,</strong></span> <span class='ocrx_word' id='word_1_158' title='bbox 2426 2559 2685 2631; x_wconf 90' lang='lat' dir='ltr'><strong>devicit</strong></span> <span class='ocrx_word' id='word_1_159' title='bbox 2721 2559 3005 2632; x_wconf 86' lang='lat' dir='ltr'><strong>eosdem</strong></span> <span class='ocrx_word' id='word_1_160' title='bbox 3054 2583 3073 2629; x_wconf 72' lang='grc' dir='ltr'><em>ε</em></span> <span class='ocrx_word' id='word_1_161' title='bbox 3118 2559 3217 2630; x_wconf 88' lang='lat' dir='ltr'><strong>ita</strong></span> <span class='ocrx_word' id='word_1_162' title='bbox 3254 2558 3445 2651; x_wconf 84' lang='lat' dir='ltr'><strong>quod</strong></span> <span class='ocrx_word' id='word_1_163' title='bbox 3489 2567 3724 2652; x_wconf 89' lang='lat' dir='ltr'><strong>preter</strong></span> <span class='ocrx_word' id='word_1_164' title='bbox 3766 2578 3885 2630; x_wconf 88' lang='lat' dir='ltr'><strong>eos</strong></span> 
     </span>
     <span class='ocr_line' id='line_1_18' title="bbox 1069 2679 3884 2778; baseline 0 -25"><span class='ocrx_word' id='word_1_165' title='bbox 1069 2684 1190 2777; x_wconf 92' lang='lat' dir='ltr'><strong>qui</strong></span> <span class='ocrx_word' id='word_1_166' title='bbox 1226 2681 1537 2755; x_wconf 88' lang='lat' dir='ltr'><strong>fidelium</strong></span> <span class='ocrx_word' id='word_1_167' title='bbox 1569 2694 1962 2755; x_wconf 85' lang='lat' dir='ltr'><strong>nostrorum</strong></span> <span class='ocrx_word' id='word_1_168' title='bbox 1989 2683 2239 2775; x_wconf 81' lang='lat' dir='ltr'><strong>gladiis</strong></span> <span class='ocrx_word' id='word_1_169' title='bbox 2270 2692 2432 2754; x_wconf 91' lang='lat' dir='ltr'><strong>sunt</strong></span> <span class='ocrx_word' id='word_1_170' title='bbox 2463 2682 2832 2778; x_wconf 88' lang='lat' dir='ltr'><strong>perempti,</strong></span> <span class='ocrx_word' id='word_1_171' title='bbox 2862 2683 3044 2754; x_wconf 91' lang='lat' dir='ltr'><strong>ultra</strong></span> <span class='ocrx_word' id='word_1_172' title='bbox 3076 2682 3388 2776; x_wconf 83' lang='lat' dir='ltr'><strong>quinque</strong></span> <span class='ocrx_word' id='word_1_173' title='bbox 3416 2682 3631 2753; x_wconf 89' lang='lat' dir='ltr'><strong>millia</strong></span> <span class='ocrx_word' id='word_1_174' title='bbox 3664 2679 3763 2777; x_wconf 81' lang='lat' dir='ltr'><strong>(b)</strong></span> <span class='ocrx_word' id='word_1_175' title='bbox 3795 2682 3884 2754; x_wconf 87' lang='lat' dir='ltr'><strong>de</strong></span> 
     </span>
     <span class='ocr_line' id='line_1_19' title="bbox 1070 2803 3884 2902; baseline -0 -23"><span class='ocrx_word' id='word_1_176' title='bbox 1070 2806 1444 2879; x_wconf 89' lang='lat' dir='ltr'><strong>rebellibus</strong></span> <span class='ocrx_word' id='word_1_177' title='bbox 1488 2805 1655 2902; x_wconf 91' lang='lat' dir='ltr'><strong>ipsis</strong></span> <span class='ocrx_word' id='word_1_178' title='bbox 1710 2827 1836 2901; x_wconf 93' lang='lat' dir='ltr'><strong>per</strong></span> <span class='ocrx_word' id='word_1_179' title='bbox 1881 2803 2123 2878; x_wconf 88' lang='lat' dir='ltr'><strong>fideles</strong></span> <span class='ocrx_word' id='word_1_180' title='bbox 2166 2814 2442 2878; x_wconf 89' lang='lat' dir='ltr'><strong>nostros</strong></span> <span class='ocrx_word' id='word_1_181' title='bbox 2495 2814 2737 2901; x_wconf 88' lang='lat' dir='ltr'><strong>captos</strong></span> <span class='ocrx_word' id='word_1_182' title='bbox 2791 2826 3028 2879; x_wconf 90' lang='lat' dir='ltr'><strong>carcer</strong></span> <span class='ocrx_word' id='word_1_183' title='bbox 3079 2815 3316 2879; x_wconf 87' lang='lat' dir='ltr'><strong>noster</strong></span> <span class='ocrx_word' id='word_1_184' title='bbox 3371 2804 3692 2879; x_wconf 88' lang='lat' dir='ltr'><strong>includit.</strong></span> <span class='ocrx_word' id='word_1_185' title='bbox 3742 2805 3884 2878; x_wconf 87' lang='lat' dir='ltr'><strong>Nec</strong></span> 
     </span>
     <span class='ocr_line' id='line_1_20' title="bbox 1073 2929 3885 3025; baseline -0.001 -22"><span class='ocrx_word' id='word_1_186' title='bbox 1073 2941 1303 3003; x_wconf 88' lang='lat' dir='ltr'><strong>tamen</strong></span> <span class='ocrx_word' id='word_1_187' title='bbox 1344 2929 1454 3001; x_wconf 89' lang='lat' dir='ltr'><strong>bis</strong></span> <span class='ocrx_word' id='word_1_188' title='bbox 1488 2931 1797 3001; x_wconf 89' lang='lat' dir='ltr'><strong>terminis</strong></span> <span class='ocrx_word' id='word_1_189' title='bbox 1841 2940 2148 3003; x_wconf 88' lang='lat' dir='ltr'><strong>nostram</strong></span> <span class='ocrx_word' id='word_1_190' title='bbox 2181 2940 2254 3001; x_wconf 90' lang='lat' dir='ltr'><strong>et</strong></span> <span class='ocrx_word' id='word_1_191' title='bbox 2282 2941 2587 3001; x_wconf 87' lang='lat' dir='ltr'><strong>vestram</strong></span> <span class='ocrx_word' id='word_1_192' title='bbox 2630 2930 2862 3003; x_wconf 92' lang='lat' dir='ltr'><strong>claudi</strong></span> <span class='ocrx_word' id='word_1_193' title='bbox 2893 2930 3193 3003; x_wconf 88' lang='lat' dir='ltr'><strong>leticiam</strong></span> <span class='ocrx_word' id='word_1_194' title='bbox 3239 2950 3569 3025; x_wconf 90' lang='lat' dir='ltr'><strong>prospere</strong></span> <span class='ocrx_word' id='word_1_195' title='bbox 3615 2930 3885 3002; x_wconf 80' lang='lat' dir='ltr'><strong>fortune</strong></span> 
     </span>
     <span class='ocr_line' id='line_1_21' title="bbox 1066 3050 3882 3149; baseline -0.001 -23"><span class='ocrx_word' id='word_1_196' title='bbox 1066 3055 1359 3126; x_wconf 83' lang='lat' dir='ltr'><strong>felicitas</strong></span> <span class='ocrx_word' id='word_1_197' title='bbox 1391 3062 1462 3124; x_wconf 92' lang='lat' dir='ltr'><strong>et</strong></span> <span class='ocrx_word' id='word_1_198' title='bbox 1497 3062 1729 3123; x_wconf 89' lang='lat' dir='ltr'><strong>nostre</strong></span> <span class='ocrx_word' id='word_1_199' title='bbox 1760 3053 2036 3144; x_wconf 87' lang='lat' dir='ltr'><strong>justicie</strong></span> <span class='ocrx_word' id='word_1_200' title='bbox 2083 3052 2396 3124; x_wconf 90' lang='lat' dir='ltr'><strong>debitum</strong></span> <span class='ocrx_word' id='word_1_201' title='bbox 2438 3053 2928 3149; x_wconf 90' lang='lat' dir='ltr'><strong>permiserunt.</strong></span> <span class='ocrx_word' id='word_1_202' title='bbox 2964 3054 3228 3125; x_wconf 89' lang='lat' dir='ltr'><strong>Octavo</strong></span> <span class='ocrx_word' id='word_1_203' title='bbox 3272 3074 3575 3146; x_wconf 91' lang='lat' dir='ltr'><strong>namque</strong></span> <span class='ocrx_word' id='word_1_204' title='bbox 3616 3050 3882 3123; x_wconf 88' lang='lat' dir='ltr'><strong>decimo</strong></span> 
     </span>
     <span class='ocr_line' id='line_1_22' title="bbox 1067 3168 3882 3272; baseline -0 -24"><span class='ocrx_word' id='word_1_205' title='bbox 1067 3176 1182 3248; x_wconf 89' lang='lat' dir='ltr'><strong>die</strong></span> <span class='ocrx_word' id='word_1_206' title='bbox 1216 3176 1554 3271; x_wconf 89' lang='lat' dir='ltr'><strong>presentis</strong></span> <span class='ocrx_word' id='word_1_207' title='bbox 1582 3175 1840 3246; x_wconf 90' lang='lat' dir='ltr'><strong>mensis</strong></span> <span class='ocrx_word' id='word_1_208' title='bbox 1863 3176 2126 3269; x_wconf 87' lang='lat' dir='ltr'><strong>aprilis,</strong></span> <span class='ocrx_word' id='word_1_209' title='bbox 2158 3176 2400 3248; x_wconf 83' lang='lat' dir='ltr'><strong>civitas</strong></span> <span class='ocrx_word' id='word_1_210' title='bbox 2425 3176 2774 3272; x_wconf 91' lang='lat' dir='ltr'><strong>Capuacii,</strong></span> <span class='ocrx_word' id='word_1_211' title='bbox 2808 3178 3006 3268; x_wconf 88' lang='lat' dir='ltr'><strong>cujus</strong></span> <span class='ocrx_word' id='word_1_212' title='bbox 3037 3198 3280 3249; x_wconf 87' lang='lat' dir='ltr'><strong>versus</strong></span> <span class='ocrx_word' id='word_1_213' title='bbox 3313 3168 3568 3248; x_wconf 79' lang='lat' dir='ltr'><strong>terram</strong></span> <span class='ocrx_word' id='word_1_214' title='bbox 3595 3174 3882 3247; x_wconf 90' lang='lat' dir='ltr'><strong>munitio</strong></span> 
     </span>
     <span class='ocr_line' id='line_1_23' title="bbox 1068 3298 3885 3396; baseline -0.001 -23"><span class='ocrx_word' id='word_1_215' title='bbox 1068 3299 1763 3391; x_wconf 87' lang='lat' dir='ltr'><strong>circumcingebatur,</strong></span> <span class='ocrx_word' id='word_1_216' title='bbox 1806 3300 2123 3371; x_wconf 90' lang='lat' dir='ltr'><strong>celeriter</strong></span> <span class='ocrx_word' id='word_1_217' title='bbox 2154 3311 2225 3371; x_wconf 92' lang='lat' dir='ltr'><strong>et</strong></span> <span class='ocrx_word' id='word_1_218' title='bbox 2261 3300 2548 3372; x_wconf 85' lang='lat' dir='ltr'><strong>viriliter</strong></span> <span class='ocrx_word' id='word_1_219' title='bbox 2584 3300 2815 3373; x_wconf 86' lang='lat' dir='ltr'><strong>extitit</strong></span> <span class='ocrx_word' id='word_1_220' title='bbox 2857 3313 3260 3396; x_wconf 85' lang='lat' dir='ltr'><strong>expugnata</strong></span> <span class='ocrx_word' id='word_1_221' title='bbox 3297 3321 3426 3396; x_wconf 88' lang='lat' dir='ltr'><strong>per</strong></span> <span class='ocrx_word' id='word_1_222' title='bbox 3451 3298 3695 3371; x_wconf 81' lang='lat' dir='ltr'><strong>fideles</strong></span> <span class='ocrx_word' id='word_1_223' title='bbox 3728 3319 3885 3371; x_wconf 87' lang='lat' dir='ltr'><strong>nos·</strong></span> 
     </span>
     <span class='ocr_line' id='line_1_24' title="bbox 1068 3420 3883 3515; baseline 0.001 -23"><span class='ocrx_word' id='word_1_224' title='bbox 1068 3432 1212 3494; x_wconf 90' lang='lat' dir='ltr'><strong>tros</strong></span> <span class='ocrx_word' id='word_1_225' title='bbox 1244 3421 1654 3514; x_wconf 79' lang='lat' dir='ltr'><strong>regnicolaS,</strong></span> <span class='ocrx_word' id='word_1_226' title='bbox 1689 3422 1781 3493; x_wconf 91' lang='lat' dir='ltr'><strong>ad</strong></span> <span class='ocrx_word' id='word_1_227' title='bbox 1813 3420 2195 3493; x_wconf 88' lang='lat' dir='ltr'><strong>infidelium</strong></span> <span class='ocrx_word' id='word_1_228' title='bbox 2228 3444 2470 3494; x_wconf 89' lang='lat' dir='ltr'><strong>necem</strong></span> <span class='ocrx_word' id='word_1_229' title='bbox 2503 3422 2597 3494; x_wconf 92' lang='lat' dir='ltr'><strong>ob</strong></span> <span class='ocrx_word' id='word_1_230' title='bbox 2627 3423 3116 3495; x_wconf 83' lang='lat' dir='ltr'><strong>vindicandam</strong></span> <span class='ocrx_word' id='word_1_231' title='bbox 3153 3444 3296 3495; x_wconf 92' lang='lat' dir='ltr'><strong>non</strong></span> <span class='ocrx_word' id='word_1_232' title='bbox 3326 3423 3547 3515; x_wconf 92' lang='lat' dir='ltr'><strong>magis</strong></span> <span class='ocrx_word' id='word_1_233' title='bbox 3579 3432 3883 3494; x_wconf 86' lang='lat' dir='ltr'><strong>nostram</strong></span> 
     </span>
     <span class='ocr_line' id='line_1_25' title="bbox 1067 3545 3881 3641; baseline 0 -24"><span class='ocrx_word' id='word_1_234' title='bbox 1067 3567 1277 3639; x_wconf 89' lang='lat' dir='ltr'><strong>quam</strong></span> <span class='ocrx_word' id='word_1_235' title='bbox 1305 3546 1612 3640; x_wconf 89' lang='lat' dir='ltr'><strong>ipsorum</strong></span> <span class='ocrx_word' id='word_1_236' title='bbox 1641 3546 1873 3618; x_wconf 89' lang='lat' dir='ltr'><strong>native</strong></span> <span class='ocrx_word' id='word_1_237' title='bbox 1907 3546 2210 3639; x_wconf 90' lang='lat' dir='ltr'><strong>regionis</strong></span> <span class='ocrx_word' id='word_1_238' title='bbox 2237 3546 2560 3637; x_wconf 77' lang='lat' dir='ltr'><strong>inJuriam</strong></span> <span class='ocrx_word' id='word_1_239' title='bbox 2590 3558 2661 3618; x_wconf 89' lang='lat' dir='ltr'><strong>et</strong></span> <span class='ocrx_word' id='word_1_240' title='bbox 2694 3546 2920 3640; x_wconf 86' lang='lat' dir='ltr'><strong>gentis</strong></span> <span class='ocrx_word' id='word_1_241' title='bbox 2956 3546 3440 3641; x_wconf 90' lang='lat' dir='ltr'><strong>opprobrium,</strong></span> <span class='ocrx_word' id='word_1_242' title='bbox 3483 3545 3675 3618; x_wconf 88' lang='lat' dir='ltr'><strong>rabie</strong></span> <span class='ocrx_word' id='word_1_243' title='bbox 3707 3566 3881 3638; x_wconf 87' lang='lat' dir='ltr'><strong>qua·</strong></span> 
     </span>
     <span class='ocr_line' id='line_1_26' title="bbox 1066 3668 3883 3764; baseline -0.001 -22"><span class='ocrx_word' id='word_1_244' title='bbox 1066 3670 1230 3742; x_wconf 94' lang='lat' dir='ltr'><strong>dam</strong></span> <span class='ocrx_word' id='word_1_245' title='bbox 1280 3669 1529 3741; x_wconf 80' lang='lat' dir='ltr'><strong>furoris</strong></span> <span class='ocrx_word' id='word_1_246' title='bbox 1580 3690 1935 3741; x_wconf 88' lang='lat' dir='ltr'><strong>accensos.</strong></span> <span class='ocrx_word' id='word_1_247' title='bbox 1981 3668 2187 3755; x_wconf 89' lang='lat' dir='ltr'><strong>Quod</strong></span> <span class='ocrx_word' id='word_1_248' title='bbox 2231 3670 2488 3740; x_wconf 80' lang='lat' dir='ltr'><strong>factum</strong></span> <span class='ocrx_word' id='word_1_249' title='bbox 2533 3679 2675 3760; x_wconf 90' lang='lat' dir='ltr'><strong>est,</strong></span> <span class='ocrx_word' id='word_1_250' title='bbox 2728 3679 2809 3740; x_wconf 90' lang='lat' dir='ltr'><strong>ut</strong></span> <span class='ocrx_word' id='word_1_251' title='bbox 2857 3669 2957 3741; x_wconf 91' lang='lat' dir='ltr'><strong>sic</strong></span> <span class='ocrx_word' id='word_1_252' title='bbox 3007 3691 3375 3764; x_wconf 85' lang='lat' dir='ltr'><strong>prospere,</strong></span> <span class='ocrx_word' id='word_1_253' title='bbox 3425 3669 3525 3741; x_wconf 88' lang='lat' dir='ltr'><strong>sic</strong></span> <span class='ocrx_word' id='word_1_254' title='bbox 3577 3668 3883 3761; x_wconf 90' lang='lat' dir='ltr'><strong>undique</strong></span> 
     </span>
     <span class='ocr_line' id='line_1_27' title="bbox 1065 3790 3883 3887; baseline 0 -26"><span class='ocrx_word' id='word_1_255' title='bbox 1065 3802 1303 3864; x_wconf 90' lang='lat' dir='ltr'><strong>nostra</strong></span> <span class='ocrx_word' id='word_1_256' title='bbox 1349 3790 1659 3887; x_wconf 89' lang='lat' dir='ltr'><strong>potentia</strong></span> <span class='ocrx_word' id='word_1_257' title='bbox 1700 3790 2046 3885; x_wconf 91' lang='lat' dir='ltr'><strong>pertingat</strong></span> <span class='ocrx_word' id='word_1_258' title='bbox 2089 3791 2450 3881; x_wconf 89' lang='lat' dir='ltr'><strong>obsessos,</strong></span> <span class='ocrx_word' id='word_1_259' title='bbox 2491 3791 2664 3884; x_wconf 91' lang='lat' dir='ltr'><strong>quin</strong></span> <span class='ocrx_word' id='word_1_260' title='bbox 2706 3790 2938 3885; x_wconf 90' lang='lat' dir='ltr'><strong>potius</strong></span> <span class='ocrx_word' id='word_1_261' title='bbox 2981 3802 3371 3863; x_wconf 86' lang='lat' dir='ltr'><strong>carceratos</strong></span> <span class='ocrx_word' id='word_1_262' title='bbox 3412 3790 3764 3882; x_wconf 89' lang='lat' dir='ltr'><strong>detineat,</strong></span> <span class='ocrx_word' id='word_1_263' title='bbox 3806 3799 3883 3862; x_wconf 90' lang='lat' dir='ltr'><strong>ut</strong></span> 
     </span>
     <span class='ocr_line' id='line_1_28' title="bbox 1066 3914 3885 4009; baseline -0.001 -22"><span class='ocrx_word' id='word_1_264' title='bbox 1066 3917 1212 3987; x_wconf 87' lang='lat' dir='ltr'><strong>sola</strong></span> <span class='ocrx_word' id='word_1_265' title='bbox 1245 3936 1321 3987; x_wconf 90' lang='lat' dir='ltr'><strong>se</strong></span> <span class='ocrx_word' id='word_1_266' title='bbox 1348 3917 1628 3988; x_wconf 86' lang='lat' dir='ltr'><strong>valeant</strong></span> <span class='ocrx_word' id='word_1_267' title='bbox 1661 3925 2044 4009; x_wconf 88' lang='lat' dir='ltr'><strong>spontanea</strong></span> <span class='ocrx_word' id='word_1_268' title='bbox 2078 3914 2292 4007; x_wconf 90' lang='lat' dir='ltr'><strong>gladii</strong></span> <span class='ocrx_word' id='word_1_269' title='bbox 2332 3924 2555 3987; x_wconf 91' lang='lat' dir='ltr'><strong>morte</strong></span> <span class='ocrx_word' id='word_1_270' title='bbox 2588 3914 3014 4007; x_wconf 87' lang='lat' dir='ltr'><strong>subducere,</strong></span> <span class='ocrx_word' id='word_1_271' title='bbox 3067 3915 3181 3986; x_wconf 87' lang='lat' dir='ltr'><strong>vel</strong></span> <span class='ocrx_word' id='word_1_272' title='bbox 3225 3914 3505 3987; x_wconf 92' lang='lat' dir='ltr'><strong>excelse</strong></span> <span class='ocrx_word' id='word_1_273' title='bbox 3554 3914 3746 4008; x_wconf 87' lang='lat' dir='ltr'><strong>rupis</strong></span> <span class='ocrx_word' id='word_1_274' title='bbox 3792 3934 3885 3984; x_wconf 89' lang='lat' dir='ltr'><strong>ex</strong></span> 
     </span>
     <span class='ocr_line' id='line_1_29' title="bbox 1063 4035 3877 4132; baseline -0.001 -23"><span class='ocrx_word' id='word_1_275' title='bbox 1063 4048 1260 4131; x_wconf 90' lang='lat' dir='ltr'><strong>parte</strong></span> <span class='ocrx_word' id='word_1_276' title='bbox 1295 4037 1634 4110; x_wconf 86' lang='lat' dir='ltr'><strong>maritime</strong></span> <span class='ocrx_word' id='word_1_277' title='bbox 1677 4036 2036 4132; x_wconf 90' lang='lat' dir='ltr'><strong>precipitio</strong></span> <span class='ocrx_word' id='word_1_278' title='bbox 2076 4036 2401 4108; x_wconf 92' lang='lat' dir='ltr'><strong>liberare.</strong></span> <span class='ocrx_word' id='word_1_279' title='bbox 2443 4038 2594 4123; x_wconf 89' lang='lat' dir='ltr'><strong>Que</strong></span> <span class='ocrx_word' id='word_1_280' title='bbox 2636 4037 2837 4109; x_wconf 88' lang='lat' dir='ltr'><strong>vobis</strong></span> <span class='ocrx_word' id='word_1_281' title='bbox 2874 4035 3340 4130; x_wconf 85' lang='lat' dir='ltr'><strong>significamus</strong></span> <span class='ocrx_word' id='word_1_282' title='bbox 3370 4036 3465 4109; x_wconf 88' lang='lat' dir='ltr'><strong>ad</strong></span> <span class='ocrx_word' id='word_1_283' title='bbox 3510 4036 3877 4130; x_wconf 90' lang='lat' dir='ltr'><strong>gaudium,</strong></span> 
     </span>
     <span class='ocr_line' id='line_1_30' title="bbox 1064 4159 3881 4254; baseline 0 -23"><span class='ocrx_word' id='word_1_284' title='bbox 1064 4181 1242 4251; x_wconf 91' lang='lat' dir='ltr'><strong>quos</strong></span> <span class='ocrx_word' id='word_1_285' title='bbox 1269 4159 1721 4254; x_wconf 90' lang='lat' dir='ltr'><strong>probabiliter</strong></span> <span class='ocrx_word' id='word_1_286' title='bbox 1756 4159 2136 4250; x_wconf 88' lang='lat' dir='ltr'><strong>credimus,</strong></span> <span class='ocrx_word' id='word_1_287' title='bbox 2188 4159 2329 4231; x_wconf 93' lang='lat' dir='ltr'><strong>imo</strong></span> <span class='ocrx_word' id='word_1_288' title='bbox 2375 4159 2666 4250; x_wconf 89' lang='lat' dir='ltr'><strong>scimus,</strong></span> <span class='ocrx_word' id='word_1_289' title='bbox 2697 4160 2898 4232; x_wconf 88' lang='lat' dir='ltr'><strong>nobis</strong></span> <span class='ocrx_word' id='word_1_290' title='bbox 2934 4160 3007 4230; x_wconf 92' lang='lat' dir='ltr'><strong>in</strong></span> <span class='ocrx_word' id='word_1_291' title='bbox 3048 4160 3302 4233; x_wconf 87' lang='lat' dir='ltr'><strong>nostris</strong></span> <span class='ocrx_word' id='word_1_292' title='bbox 3343 4159 3881 4233; x_wconf 87' lang='lat' dir='ltr'><strong>adversitatibus</strong></span> 
     </span>
     <span class='ocr_line' id='line_1_31' title="bbox 1066 4281 3145 4377; baseline 0.002 -24"><span class='ocrx_word' id='word_1_293' title='bbox 1066 4284 1365 4377; x_wconf 90' lang='lat' dir='ltr'><strong>compati</strong></span> <span class='ocrx_word' id='word_1_294' title='bbox 1393 4283 1559 4354; x_wconf 91' lang='lat' dir='ltr'><strong>etin</strong></span> <span class='ocrx_word' id='word_1_295' title='bbox 1596 4281 2164 4377; x_wconf 82' lang='lat' dir='ltr'><strong>prosperitatibus</strong></span> <span class='ocrx_word' id='word_1_296' title='bbox 2194 4303 2639 4354; x_wconf 90' lang='lat' dir='ltr'><strong>successuum</strong></span> <span class='ocrx_word' id='word_1_297' title='bbox 2676 4284 3145 4375; x_wconf 88' lang='lat' dir='ltr'><strong>congaudere.</strong></span> 
     </span>
    </p>
   </div>
   <div class='ocr_carea' id='block_1_3' title="bbox 1164 4401 2833 4502">
    <p class='ocr_par' dir='ltr' id='par_1_3' title="bbox 1164 4401 2833 4502">
     <span class='ocr_line' id='line_1_32' title="bbox 1164 4401 2833 4502; baseline 0.001 -27"><span class='ocrx_word' id='word_1_298' title='bbox 1164 4405 1337 4475; x_wconf 92' lang='lat' dir='ltr'><strong>Date</strong></span> <span class='ocrx_word' id='word_1_299' title='bbox 1370 4406 1672 4496; x_wconf 90' lang='lat' dir='ltr'><strong>Salerni,</strong></span> <span class='ocrx_word' id='word_1_300' title='bbox 1715 4401 1952 4502; x_wconf 79' lang='lat' dir='ltr'>[XJXV</span> <span class='ocrx_word' id='word_1_301' title='bbox 1977 4406 2249 4501; x_wconf 90' lang='lat' dir='ltr'><strong>aprilis,</strong></span> <span class='ocrx_word' id='word_1_302' title='bbox 2281 4407 2400 4478; x_wconf 91' lang='lat'>1111</span> <span class='ocrx_word' id='word_1_303' title='bbox 2432 4405 2833 4479; x_wconf 90' lang='lat' dir='ltr'><strong>indictione.</strong></span> 
     </span>
    </p>
   </div>
   <div class='ocr_carea' id='block_1_4' title="bbox 1063 4551 3884 4828">
    <p class='ocr_par' dir='ltr' id='par_1_4' title="bbox 1063 4551 3884 4828">
     <span class='ocr_line' id='line_1_33' title="bbox 1149 4551 2645 4632; baseline 0.002 -20"><span class='ocrx_word' id='word_1_304' title='bbox 1149 4551 1233 4632; x_wconf 83' lang='lat' dir='ltr'><strong>(a)</strong></span> <span class='ocrx_word' id='word_1_305' title='bbox 1278 4554 1351 4612; x_wconf 91' lang='lat' dir='ltr'><strong>In</strong></span> <span class='ocrx_word' id='word_1_306' title='bbox 1379 4553 1630 4613; x_wconf 81' lang='lat' dir='ltr'><strong>codiclb.</strong></span> <span class='ocrx_word' id='word_1_307' title='bbox 1660 4554 2017 4632; x_wconf 68' lang='lat' dir='ltr'><strong>capitaneus.</strong></span> <span class='ocrx_word' id='word_1_308' title='bbox 2636 4587 2645 4597; x_wconf 92' lang='lat'><strong>·</strong></span> 
     </span>
     <span class='ocr_line' id='line_1_34' title="bbox 1149 4656 3884 4741; baseline 0 -22"><span class='ocrx_word' id='word_1_309' title='bbox 1149 4657 1228 4737; x_wconf 77' lang='lat' dir='ltr'><strong>(b)</strong></span> <span class='ocrx_word' id='word_1_310' title='bbox 1272 4658 1345 4717; x_wconf 91' lang='lat' dir='ltr'><strong>In</strong></span> <span class='ocrx_word' id='word_1_311' title='bbox 1373 4659 1543 4734; x_wconf 82' lang='lat' dir='ltr'><strong>epist.</strong></span> <span class='ocrx_word' id='word_1_312' title='bbox 1584 4659 1743 4720; x_wconf 85' lang='lat' dir='ltr'><strong>Petr.</strong></span> <span class='ocrx_word' id='word_1_313' title='bbox 1774 4658 1851 4719; x_wconf 83' lang='lat' dir='ltr'><strong>de</strong></span> <span class='ocrx_word' id='word_1_314' title='bbox 1878 4661 2040 4735; x_wconf 67' lang='lat' dir='ltr'><strong>Vin„</strong></span> <span class='ocrx_word' id='word_1_315' title='bbox 2075 4657 2264 4721; x_wconf 72' lang='lat' dir='ltr'><strong>decom</strong></span> <span class='ocrx_word' id='word_1_316' title='bbox 2302 4656 2489 4720; x_wconf 72' lang='lat' dir='ltr'><strong>millia</strong></span> <span class='ocrx_word' id='word_1_317' title='bbox 2496 4678 2532 4737; x_wconf 84' lang='lat'><strong>,·</strong></span> <span class='ocrx_word' id='word_1_318' title='bbox 2562 4676 2660 4739; x_wconf 80' lang='lat' dir='ltr'><strong>ap.</strong></span> <span class='ocrx_word' id='word_1_319' title='bbox 2696 4661 2872 4723; x_wconf 80' lang='lat' dir='ltr'><strong>Matt.</strong></span> <span class='ocrx_word' id='word_1_320' title='bbox 2909 4660 3125 4735; x_wconf 66' lang='lat' dir='ltr'><strong>Paris„</strong></span> <span class='ocrx_word' id='word_1_321' title='bbox 3163 4660 3457 4741; x_wconf 67' lang='lat' dir='ltr'><strong>quinquo,-</strong></span> <span class='ocrx_word' id='word_1_322' title='bbox 3491 4658 3655 4738; x_wconf 85' lang='lat' dir='ltr'><strong>quod</strong></span> <span class='ocrx_word' id='word_1_323' title='bbox 3695 4658 3884 4720; x_wconf 87' lang='lat' dir='ltr'><strong>multo</strong></span> 
     </span>
     <span class='ocr_line' id='line_1_35' title="bbox 1063 4763 1576 4828; baseline -0.006 0"><span class='ocrx_word' id='word_1_324' title='bbox 1063 4763 1440 4828; x_wconf 70' lang='lat' dir='ltr'><strong>verisimilius</strong></span> <span class='ocrx_word' id='word_1_325' title='bbox 1464 4770 1576 4825; x_wconf 83' lang='lat' dir='ltr'><strong>est.</strong></span> 
     </span>
    </p>
   </div>
  </div>
 </body>
</html>
