<?xml version="1.0" encoding="UTF-8"?>
<!DOCTYPE html PUBLIC "-//W3C//DTD XHTML 1.0 Transitional//EN"
    "http://www.w3.org/TR/xhtml1/DTD/xhtml1-transitional.dtd">
<html xmlns="http://www.w3.org/1999/xhtml" xml:lang="en" lang="en">
 <head>
  <title>
</title>
<meta http-equiv="Content-Type" content="text/html;charset=utf-8" />
  <meta name='ocr-system' content='tesseract 3.04.00' />
  <meta name='ocr-capabilities' content='ocr_page ocr_carea ocr_par ocr_line ocrx_word'/>
</head>
<body>
  <div class='ocr_page' id='page_1' title='image "./historiadiploma00degoog_0428.png"; bbox 0 0 4364 5738; ppageno 0'>
   <div class='ocr_carea' id='block_1_1' title="bbox 1032 515 3865 600">
    <p class='ocr_par' dir='ltr' id='par_1_1' title="bbox 1032 515 3865 600">
     <span class='ocr_line' id='line_1_1' title="bbox 1032 515 3865 600; baseline -0.005 -15"><span class='ocrx_word' id='word_1_1' title='bbox 1032 516 1167 585; x_wconf 62' lang='lat'><strong>412</strong></span> <span class='ocrx_word' id='word_1_2' title='bbox 1961 569 1971 579; x_wconf 93' lang='lat'><strong>.</strong></span> <span class='ocrx_word' id='word_1_3' title='bbox 2002 522 2008 527; x_wconf 82' lang='grc'><em>’</em></span> <span class='ocrx_word' id='word_1_4' title='bbox 2041 519 2473 584; x_wconf 67' lang='lat' dir='ltr'><strong>vammum</strong></span> <span class='ocrx_word' id='word_1_5' title='bbox 2518 516 2872 581; x_wconf 66' lang='lat' dir='ltr'><strong>suenum</strong></span> <span class='ocrx_word' id='word_1_6' title='bbox 2957 519 2986 527; x_wconf 76' lang='grc'><strong>“’</strong></span> <span class='ocrx_word' id='word_1_7' title='bbox 3466 515 3629 600; x_wconf 73' lang='lat' dir='ltr'><strong>[An.</strong></span> <span class='ocrx_word' id='word_1_8' title='bbox 3666 515 3865 580; x_wconf 47' lang='lat'><strong>1216„</strong></span> 
     </span>
    </p>
   </div>
   <div class='ocr_carea' id='block_1_2' title="bbox 1029 652 3871 4702">
    <p class='ocr_par' dir='ltr' id='par_1_2' title="bbox 1029 652 3871 4702">
     <span class='ocr_line' id='line_1_2' title="bbox 1032 652 3845 754; baseline -0.002 -25"><span class='ocrx_word' id='word_1_9' title='bbox 1032 655 1508 754; x_wconf 71' lang='lat' dir='ltr'><strong>Apostolicam&#39;</strong></span> <span class='ocrx_word' id='word_1_10' title='bbox 1557 679 1686 734; x_wconf 85' lang='lat' dir='ltr'><strong>vos</strong></span> <span class='ocrx_word' id='word_1_11' title='bbox 1744 668 2125 736; x_wconf 75' lang='lat' dir='ltr'><strong>excusante</strong></span> <span class='ocrx_word' id='word_1_12' title='bbox 2182 655 2549 730; x_wconf 76' lang='lat' dir='ltr'><strong>formidine</strong></span> <span class='ocrx_word' id='word_1_13' title='bbox 2605 675 2745 748; x_wconf 86' lang='lat' dir='ltr'><strong>que</strong></span> <span class='ocrx_word' id='word_1_14' title='bbox 2811 652 3025 726; x_wconf 79' lang='lat' dir='ltr'><strong>corda</strong></span> <span class='ocrx_word' id='word_1_15' title='bbox 3081 662 3318 726; x_wconf 75' lang='lat' dir='ltr'><strong>vestra</strong></span> <span class='ocrx_word' id='word_1_16' title='bbox 3372 652 3506 724; x_wconf 83' lang='lat' dir='ltr'><strong>sub</strong></span> <span class='ocrx_word' id='word_1_17' title='bbox 3566 652 3845 725; x_wconf 80' lang='lat' dir='ltr'><strong>alterius</strong></span> 
     </span>
     <span class='ocr_line' id='line_1_3' title="bbox 1031 775 3871 878; baseline -0.002 -25"><span class='ocrx_word' id='word_1_18' title='bbox 1031 781 1327 855; x_wconf 87' lang='lat' dir='ltr'><strong>Neronis</strong></span> <span class='ocrx_word' id='word_1_19' title='bbox 1365 780 1740 854; x_wconf 80' lang='lat' dir='ltr'><strong>videbatur</strong></span> <span class='ocrx_word' id='word_1_20' title='bbox 1782 782 2092 857; x_wconf 91' lang='lat' dir='ltr'><strong>dominio</strong></span> <span class='ocrx_word' id='word_1_21' title='bbox 2132 781 2525 878; x_wconf 82' lang='lat' dir='ltr'><strong>possidere,</strong></span> <span class='ocrx_word' id='word_1_22' title='bbox 2569 778 2770 851; x_wconf 75' lang='lat' dir='ltr'><strong>Sedis</strong></span> <span class='ocrx_word' id='word_1_23' title='bbox 2811 775 3123 870; x_wconf 85' lang='lat' dir='ltr'><strong>ejusdem</strong></span> <span class='ocrx_word' id='word_1_24' title='bbox 3165 777 3387 871; x_wconf 85' lang='lat' dir='ltr'><strong>pietas</strong></span> <span class='ocrx_word' id='word_1_25' title='bbox 3415 797 3582 870; x_wconf 82' lang='lat' dir='ltr'><strong>sepe</strong></span> <span class='ocrx_word' id='word_1_26' title='bbox 3612 777 3871 851; x_wconf 80' lang='lat' dir='ltr'><strong>multis:</strong></span> 
     </span>
     <span class='ocr_line' id='line_1_4' title="bbox 1035 900 3842 999; baseline -0.002 -23"><span class='ocrx_word' id='word_1_27' title='bbox 1035 923 1173 997; x_wconf 89' lang='lat' dir='ltr'><strong>que</strong></span> <span class='ocrx_word' id='word_1_28' title='bbox 1214 905 1529 977; x_wconf 86' lang='lat' dir='ltr'><strong>materna</strong></span> <span class='ocrx_word' id='word_1_29' title='bbox 1562 927 1936 999; x_wconf 82' lang='lat' dir='ltr'><strong>suggerere</strong></span> <span class='ocrx_word' id='word_1_30' title='bbox 1970 907 2151 978; x_wconf 84' lang='lat' dir='ltr'><strong>solet</strong></span> <span class='ocrx_word' id='word_1_31' title='bbox 2187 903 2462 978; x_wconf 82' lang='lat' dir='ltr'><strong>affectio</strong></span> <span class='ocrx_word' id='word_1_32' title='bbox 2501 901 2779 975; x_wconf 82' lang='lat' dir='ltr'><strong>vacavit</strong></span> <span class='ocrx_word' id='word_1_33' title='bbox 2813 900 3112 994; x_wconf 85' lang='lat' dir='ltr'><strong>ingeniis</strong></span> <span class='ocrx_word' id='word_1_34' title='bbox 3152 910 3234 972; x_wconf 90' lang='lat' dir='ltr'><strong>ut</strong></span> <span class='ocrx_word' id='word_1_35' title='bbox 3278 921 3404 995; x_wconf 89' lang='lat' dir='ltr'><strong>per</strong></span> <span class='ocrx_word' id='word_1_36' title='bbox 3443 901 3598 993; x_wconf 83' lang='lat' dir='ltr'><strong>ejus</strong></span> <span class='ocrx_word' id='word_1_37' title='bbox 3645 900 3842 972; x_wconf 80' lang='lat' dir='ltr'><strong>anxi·</strong></span> 
     </span>
     <span class='ocr_line' id='line_1_5' title="bbox 1034 1022 3846 1125; baseline -0.001 -27"><span class='ocrx_word' id='word_1_38' title='bbox 1034 1027 1202 1098; x_wconf 91' lang='lat' dir='ltr'><strong>lium</strong></span> <span class='ocrx_word' id='word_1_39' title='bbox 1237 1028 1352 1100; x_wconf 86' lang='lat' dir='ltr'><strong>vel</strong></span> <span class='ocrx_word' id='word_1_40' title='bbox 1413 1029 1644 1123; x_wconf 86' lang='lat' dir='ltr'><strong>aliqua</strong></span> <span class='ocrx_word' id='word_1_41' title='bbox 1687 1029 1887 1102; x_wconf 84' lang='lat' dir='ltr'><strong>vobis</strong></span> <span class='ocrx_word' id='word_1_42' title='bbox 1928 1050 2271 1125; x_wconf 89' lang='lat' dir='ltr'><strong>penarum</strong></span> <span class='ocrx_word' id='word_1_43' title='bbox 2313 1026 2627 1109; x_wconf 77' lang='lat' dir='ltr'><strong>remissio</strong></span> <span class='ocrx_word' id='word_1_44' title='bbox 2683 1024 2884 1097; x_wconf 87' lang='lat' dir='ltr'><strong>fieret</strong></span> <span class='ocrx_word' id='word_1_45' title='bbox 2929 1025 3046 1096; x_wconf 90' lang='lat' dir='ltr'><strong>vel</strong></span> <span class='ocrx_word' id='word_1_46' title='bbox 3095 1025 3302 1119; x_wconf 90' lang='lat' dir='ltr'><strong>plene</strong></span> <span class='ocrx_word' id='word_1_47' title='bbox 3352 1022 3846 1118; x_wconf 76' lang='lat' dir='ltr'><strong>redemptionis</strong></span> 
     </span>
     <span class='ocr_line' id='line_1_6' title="bbox 1032 1147 3844 1249; baseline -0.001 -26"><span class='ocrx_word' id='word_1_48' title='bbox 1032 1151 1363 1244; x_wconf 89' lang='lat' dir='ltr'><strong>gaudium</strong></span> <span class='ocrx_word' id='word_1_49' title='bbox 1404 1153 1825 1247; x_wconf 84' lang='lat' dir='ltr'><strong>proveniret.</strong></span> <span class='ocrx_word' id='word_1_50' title='bbox 1859 1154 2148 1249; x_wconf 81' lang='lat' dir='ltr'><strong>Propter</strong></span> <span class='ocrx_word' id='word_1_51' title='bbox 2184 1152 2322 1226; x_wconf 86' lang='lat' dir='ltr'><strong>boc</strong></span> <span class='ocrx_word' id='word_1_52' title='bbox 2361 1152 2547 1225; x_wconf 90' lang='lat' dir='ltr'><strong>enim</strong></span> <span class='ocrx_word' id='word_1_53' title='bbox 2580 1151 2695 1246; x_wconf 91' lang='lat' dir='ltr'><strong>pie</strong></span> <span class='ocrx_word' id='word_1_54' title='bbox 2731 1148 3228 1222; x_wconf 83' lang='lat' dir='ltr'><strong>recordationis</strong></span> <span class='ocrx_word' id='word_1_55' title='bbox 3265 1147 3636 1241; x_wconf 70' lang='lat' dir='ltr'><strong>Gregorius</strong></span> <span class='ocrx_word' id='word_1_56' title='bbox 3669 1168 3844 1244; x_wconf 76' lang='lat' dir='ltr'><strong>papa</strong></span> 
     </span>
     <span class='ocr_line' id='line_1_7' title="bbox 1033 1271 3845 1370; baseline 0 -23"><span class='ocrx_word' id='word_1_57' title='bbox 1033 1275 1484 1370; x_wconf 76' lang='lat' dir='ltr'><strong>predecessor</strong></span> <span class='ocrx_word' id='word_1_58' title='bbox 1532 1285 1771 1348; x_wconf 84' lang='lat' dir='ltr'><strong>noster</strong></span> <span class='ocrx_word' id='word_1_59' title='bbox 1825 1277 2180 1369; x_wconf 82' lang='lat' dir='ltr'><strong>angustias</strong></span> <span class='ocrx_word' id='word_1_60' title='bbox 2235 1276 2466 1349; x_wconf 84' lang='lat' dir='ltr'><strong>cordis</strong></span> <span class='ocrx_word' id='word_1_61' title='bbox 2504 1274 2790 1370; x_wconf 88' lang='lat' dir='ltr'><strong>pertulit</strong></span> <span class='ocrx_word' id='word_1_62' title='bbox 2836 1294 3199 1368; x_wconf 76' lang='lat' dir='ltr'><strong>quousque</strong></span> <span class='ocrx_word' id='word_1_63' title='bbox 3258 1271 3658 1367; x_wconf 85' lang='lat' dir='ltr'><strong>temporalis</strong></span> <span class='ocrx_word' id='word_1_64' title='bbox 3706 1272 3845 1348; x_wconf 80' lang='lat' dir='ltr'><strong>vito</strong></span> 
     </span>
     <span class='ocr_line' id='line_1_8' title="bbox 1034 1396 3867 1495; baseline -0.001 -26"><span class='ocrx_word' id='word_1_65' title='bbox 1034 1398 1335 1493; x_wconf 89' lang='lat' dir='ltr'><strong>spatium</strong></span> <span class='ocrx_word' id='word_1_66' title='bbox 1369 1399 1850 1494; x_wconf 83' lang='lat' dir='ltr'><strong>pertransivit;</strong></span> <span class='ocrx_word' id='word_1_67' title='bbox 1892 1402 2206 1495; x_wconf 54' lang='lat' dir='ltr'><strong>propter?</strong></span> <span class='ocrx_word' id='word_1_68' title='bbox 2222 1400 2357 1476; x_wconf 92' lang='lat' dir='ltr'><strong>hoc</strong></span> <span class='ocrx_word' id='word_1_69' title='bbox 2394 1399 2605 1470; x_wconf 77' lang='lat' dir='ltr'><strong>etiam</strong></span> <span class='ocrx_word' id='word_1_70' title='bbox 2652 1419 2784 1470; x_wconf 85' lang='lat' dir='ltr'><strong>nos</strong></span> <span class='ocrx_word' id='word_1_71' title='bbox 2827 1398 2962 1493; x_wconf 87' lang='lat' dir='ltr'><strong>ipsi</strong></span> <span class='ocrx_word' id='word_1_72' title='bbox 3008 1396 3242 1469; x_wconf 88' lang='lat' dir='ltr'><strong>adbuc</strong></span> <span class='ocrx_word' id='word_1_73' title='bbox 3280 1397 3352 1467; x_wconf 91' lang='lat' dir='ltr'><strong>in</strong></span> <span class='ocrx_word' id='word_1_74' title='bbox 3402 1396 3668 1470; x_wconf 22' lang='lat' dir='ltr'><strong>minori*</strong></span> <span class='ocrx_word' id='word_1_75' title='bbox 3696 1416 3867 1467; x_wconf 70' lang='lat' dir='ltr'><strong>ma-¹</strong></span> 
     </span>
     <span class='ocr_line' id='line_1_9' title="bbox 1032 1519 3843 1618; baseline -0 -26"><span class='ocrx_word' id='word_1_76' title='bbox 1032 1530 1281 1593; x_wconf 83' lang='lat' dir='ltr'><strong>nentes</strong></span> <span class='ocrx_word' id='word_1_77' title='bbox 1325 1521 1552 1594; x_wconf 86' lang='lat' dir='ltr'><strong>officio</strong></span> <span class='ocrx_word' id='word_1_78' title='bbox 1604 1531 1677 1594; x_wconf 85' lang='lat' dir='ltr'><strong>et</strong></span> <span class='ocrx_word' id='word_1_79' title='bbox 1717 1534 2088 1618; x_wconf 89' lang='lat' dir='ltr'><strong>postquam</strong></span> <span class='ocrx_word' id='word_1_80' title='bbox 2135 1524 2298 1595; x_wconf 85' lang='lat' dir='ltr'><strong>licet</strong></span> <span class='ocrx_word' id='word_1_81' title='bbox 2348 1521 2676 1594; x_wconf 87' lang='lat' dir='ltr'><strong>immeriti</strong></span> <span class='ocrx_word' id='word_1_82' title='bbox 2722 1521 2980 1592; x_wconf 80' lang='lat' dir='ltr'><strong>fuimus</strong></span> <span class='ocrx_word' id='word_1_83' title='bbox 3031 1521 3104 1592; x_wconf 94' lang='lat' dir='ltr'><strong>in</strong></span> <span class='ocrx_word' id='word_1_84' title='bbox 3152 1530 3503 1615; x_wconf 77' lang='lat' dir='ltr'><strong>pastorem</strong></span> <span class='ocrx_word' id='word_1_85' title='bbox 3543 1519 3843 1592; x_wconf 80' lang='lat' dir='ltr'><strong>Ecclesia</strong></span> 
     </span>
     <span class='ocr_line' id='line_1_10' title="bbox 1032 1643 3838 1741; baseline 0 -27"><span class='ocrx_word' id='word_1_86' title='bbox 1032 1645 1378 1736; x_wconf 90' lang='lat' dir='ltr'><strong>generalis</strong></span> <span class='ocrx_word' id='word_1_87' title='bbox 1396 1646 1757 1740; x_wconf 82' lang='lat' dir='ltr'>assumpti,</span> <span class='ocrx_word' id='word_1_88' title='bbox 1783 1647 2127 1741; x_wconf 80' lang='lat' dir='ltr'><strong>profunda</strong></span> <span class='ocrx_word' id='word_1_89' title='bbox 2153 1647 2509 1720; x_wconf 83' lang='lat' dir='ltr'><strong>fundimus</strong></span> <span class='ocrx_word' id='word_1_90' title='bbox 2532 1656 2605 1717; x_wconf 89' lang='lat' dir='ltr'><strong>et</strong></span> <span class='ocrx_word' id='word_1_91' title='bbox 2632 1667 2868 1718; x_wconf 89' lang='lat' dir='ltr'><strong>amara</strong></span> <span class='ocrx_word' id='word_1_92' title='bbox 2897 1644 3217 1739; x_wconf 84' lang='lat' dir='ltr'><strong>suspiria,</strong></span> <span class='ocrx_word' id='word_1_93' title='bbox 3248 1665 3423 1717; x_wconf 84' lang='lat' dir='ltr'><strong>voce</strong></span> <span class='ocrx_word' id='word_1_94' title='bbox 3445 1643 3678 1717; x_wconf 83' lang='lat' dir='ltr'><strong>cordis</strong></span> <span class='ocrx_word' id='word_1_95' title='bbox 3701 1645 3838 1716; x_wconf 83' lang='lat' dir='ltr'><strong>cla-</strong></span> 
     </span>
     <span class='ocr_line' id='line_1_11' title="bbox 1034 1767 3842 1864; baseline -0 -25"><span class='ocrx_word' id='word_1_96' title='bbox 1034 1777 1305 1839; x_wconf 89' lang='lat' dir='ltr'><strong>mantes</strong></span> <span class='ocrx_word' id='word_1_97' title='bbox 1343 1768 1437 1840; x_wconf 91' lang='lat' dir='ltr'><strong>ad</strong></span> <span class='ocrx_word' id='word_1_98' title='bbox 1481 1769 1851 1840; x_wconf 91' lang='lat' dir='ltr'><strong>Dominum</strong></span> <span class='ocrx_word' id='word_1_99' title='bbox 1891 1771 2081 1864; x_wconf 90' lang='lat' dir='ltr'><strong>quod</strong></span> <span class='ocrx_word' id='word_1_100' title='bbox 2119 1791 2247 1842; x_wconf 84' lang='lat' dir='ltr'><strong>vos</strong></span> <span class='ocrx_word' id='word_1_101' title='bbox 2286 1770 2356 1840; x_wconf 90' lang='lat' dir='ltr'><strong>in</strong></span> <span class='ocrx_word' id='word_1_102' title='bbox 2409 1770 2658 1842; x_wconf 85' lang='lat' dir='ltr'><strong>diebus</strong></span> <span class='ocrx_word' id='word_1_103' title='bbox 2701 1769 2955 1840; x_wconf 87' lang='lat' dir='ltr'><strong>nostris</strong></span> <span class='ocrx_word' id='word_1_104' title='bbox 3004 1768 3374 1862; x_wconf 78' lang='lat' dir='ltr'><strong>dignanter</strong></span> <span class='ocrx_word' id='word_1_105' title='bbox 3415 1767 3722 1840; x_wconf 87' lang='lat' dir='ltr'><strong>efficeret</strong></span> <span class='ocrx_word' id='word_1_106' title='bbox 3755 1768 3842 1839; x_wconf 91' lang='lat' dir='ltr'><strong>de</strong></span> 
     </span>
     <span class='ocr_line' id='line_1_12' title="bbox 1033 1890 3842 1986; baseline 0.001 -26"><span class='ocrx_word' id='word_1_107' title='bbox 1033 1912 1325 1963; x_wconf 90' lang='lat' dir='ltr'><strong>numero</strong></span> <span class='ocrx_word' id='word_1_108' title='bbox 1371 1891 1772 1964; x_wconf 91' lang='lat' dir='ltr'><strong>liberorum.</strong></span> <span class='ocrx_word' id='word_1_109' title='bbox 1821 1894 1990 1965; x_wconf 92' lang='lat' dir='ltr'><strong>Cum</strong></span> <span class='ocrx_word' id='word_1_110' title='bbox 2039 1904 2273 1966; x_wconf 90' lang='lat' dir='ltr'><strong>autem</strong></span> <span class='ocrx_word' id='word_1_111' title='bbox 2326 1893 2532 1965; x_wconf 89' lang='lat' dir='ltr'><strong>nimis</strong></span> <span class='ocrx_word' id='word_1_112' title='bbox 2578 1895 2651 1964; x_wconf 92' lang='lat' dir='ltr'><strong>iu</strong></span> <span class='ocrx_word' id='word_1_113' title='bbox 2689 1893 2975 1986; x_wconf 91' lang='lat' dir='ltr'><strong>longum</strong></span> <span class='ocrx_word' id='word_1_114' title='bbox 3018 1890 3219 1964; x_wconf 87' lang='lat' dir='ltr'><strong>fieret</strong></span> <span class='ocrx_word' id='word_1_115' title='bbox 3257 1891 3586 1964; x_wconf 88' lang='lat' dir='ltr'><strong>desiderii</strong></span> <span class='ocrx_word' id='word_1_116' title='bbox 3633 1891 3842 1963; x_wconf 78' lang='lat' dir='ltr'><strong>nostri</strong></span> 
     </span>
     <span class='ocr_line' id='line_1_13' title="bbox 1034 2012 3841 2107; baseline 0 -23"><span class='ocrx_word' id='word_1_117' title='bbox 1034 2013 1386 2107; x_wconf 85' lang='lat' dir='ltr'><strong>protensio</strong></span> <span class='ocrx_word' id='word_1_118' title='bbox 1422 2025 1502 2084; x_wconf 93' lang='lat' dir='ltr'><strong>ut</strong></span> <span class='ocrx_word' id='word_1_119' title='bbox 1540 2015 1853 2087; x_wconf 84' lang='lat' dir='ltr'><strong>minister</strong></span> <span class='ocrx_word' id='word_1_120' title='bbox 1889 2016 2158 2088; x_wconf 81' lang='lat' dir='ltr'><strong>fallacie</strong></span> <span class='ocrx_word' id='word_1_121' title='bbox 2191 2015 2617 2106; x_wconf 87' lang='lat' dir='ltr'><strong>Fridericus,</strong></span> <span class='ocrx_word' id='word_1_122' title='bbox 2658 2015 2971 2087; x_wconf 89' lang='lat' dir='ltr'><strong>turbator</strong></span> <span class='ocrx_word' id='word_1_123' title='bbox 3001 2015 3254 2104; x_wconf 87' lang='lat' dir='ltr'><strong>seculi,</strong></span> <span class='ocrx_word' id='word_1_124' title='bbox 3288 2012 3452 2086; x_wconf 88' lang='lat' dir='ltr'><strong>fidei</strong></span> <span class='ocrx_word' id='word_1_125' title='bbox 3475 2014 3841 2086; x_wconf 88' lang='lat' dir='ltr'><strong>christiane</strong></span> 
     </span>
     <span class='ocr_line' id='line_1_14' title="bbox 1033 2136 3839 2236; baseline 0 -28"><span class='ocrx_word' id='word_1_126' title='bbox 1033 2145 1497 2234; x_wconf 85' lang='lat' dir='ltr'><strong>contemptor,</strong></span> <span class='ocrx_word' id='word_1_127' title='bbox 1528 2159 1815 2231; x_wconf 88' lang='lat' dir='ltr'><strong>persecu</strong></span> <span class='ocrx_word' id='word_1_128' title='bbox 1827 2148 1932 2214; x_wconf 88' lang='lat' dir='ltr'><strong>tor</strong></span> <span class='ocrx_word' id='word_1_129' title='bbox 1957 2138 2262 2215; x_wconf 89' lang='lat' dir='ltr'><strong>Ecclesie</strong></span> <span class='ocrx_word' id='word_1_130' title='bbox 2290 2148 2362 2210; x_wconf 85' lang='lat' dir='ltr'><strong>et</strong></span> <span class='ocrx_word' id='word_1_131' title='bbox 2389 2138 2796 2214; x_wconf 86' lang='lat' dir='ltr'><strong>humilitatis</strong></span> <span class='ocrx_word' id='word_1_132' title='bbox 2827 2147 3055 2210; x_wconf 85' lang='lat' dir='ltr'><strong>vestre</strong></span> <span class='ocrx_word' id='word_1_133' title='bbox 3083 2136 3450 2236; x_wconf 87' lang='lat' dir='ltr'><strong>depressor</strong></span> <span class='ocrx_word' id='word_1_134' title='bbox 3479 2136 3799 2211; x_wconf 88' lang='lat' dir='ltr'><strong>assiduus</strong></span> <span class='ocrx_word' id='word_1_135' title='bbox 3819 2191 3839 2227; x_wconf 97' lang='lat'><strong>,</strong></span> 
     </span>
     <span class='ocr_line' id='line_1_15' title="bbox 1033 2241 3847 2360; baseline 0.003 -29"><span class='ocrx_word' id='word_1_136' title='bbox 1033 2253 1075 2331; x_wconf 81' lang='lat' dir='ltr'><strong>a</strong></span> <span class='ocrx_word' id='word_1_137' title='bbox 1106 2259 1304 2332; x_wconf 89' lang='lat' dir='ltr'><strong>solite</strong></span> <span class='ocrx_word' id='word_1_138' title='bbox 1338 2241 1807 2354; x_wconf 79' lang='lat' dir='ltr'><strong>perversitatis</strong></span> <span class='ocrx_word' id='word_1_139' title='bbox 1834 2262 2161 2360; x_wconf 89' lang='lat' dir='ltr'><strong>operibus</strong></span> <span class='ocrx_word' id='word_1_140' title='bbox 2193 2259 2389 2333; x_wconf 85' lang='lat' dir='ltr'><strong>fleret</strong></span> <span class='ocrx_word' id='word_1_141' title='bbox 2425 2261 2721 2353; x_wconf 77' lang='lat' dir='ltr'><strong>alienuS,</strong></span> <span class='ocrx_word' id='word_1_142' title='bbox 2757 2261 2850 2334; x_wconf 90' lang='lat' dir='ltr'><strong>ad</strong></span> <span class='ocrx_word' id='word_1_143' title='bbox 2884 2270 3150 2334; x_wconf 88' lang='lat' dir='ltr'><strong>remota</strong></span> <span class='ocrx_word' id='word_1_144' title='bbox 3178 2262 3332 2334; x_wconf 87' lang='lat' dir='ltr'><strong>loca</strong></span> <span class='ocrx_word' id='word_1_145' title='bbox 3365 2263 3497 2333; x_wconf 90' lang='lat' dir='ltr'><strong>sub</strong></span> <span class='ocrx_word' id='word_1_146' title='bbox 3534 2262 3847 2339; x_wconf 86' lang='lat' dir='ltr'><strong>laborum</strong></span> 
     </span>
     <span class='ocr_line' id='line_1_16' title="bbox 1033 2371 3844 2481; baseline 0.001 -27"><span class='ocrx_word' id='word_1_147' title='bbox 1033 2391 1106 2454; x_wconf 90' lang='lat' dir='ltr'><strong>et</strong></span> <span class='ocrx_word' id='word_1_148' title='bbox 1137 2371 1454 2454; x_wconf 91' lang='lat' dir='ltr'><strong>dolorum</strong></span> <span class='ocrx_word' id='word_1_149' title='bbox 1498 2383 1927 2479; x_wconf 88' lang='lat' dir='ltr'><strong>experientia</strong></span> <span class='ocrx_word' id='word_1_150' title='bbox 1965 2385 2337 2480; x_wconf 90' lang='lat' dir='ltr'><strong>plurimum</strong></span> <span class='ocrx_word' id='word_1_151' title='bbox 2381 2384 2716 2478; x_wconf 81' lang='lat' dir='ltr'><strong>elegimus</strong></span> <span class='ocrx_word' id='word_1_152' title='bbox 2748 2382 3123 2480; x_wconf 76' lang='lat' dir='ltr'><strong>proficisci5</strong></span> <span class='ocrx_word' id='word_1_153' title='bbox 3161 2385 3283 2457; x_wconf 92' lang='lat' dir='ltr'><strong>ubi</strong></span> <span class='ocrx_word' id='word_1_154' title='bbox 3321 2394 3479 2481; x_wconf 92' lang='lat' dir='ltr'><strong>post</strong></span> <span class='ocrx_word' id='word_1_155' title='bbox 3518 2396 3844 2481; x_wconf 81' lang='lat' dir='ltr'><strong>expecta-</strong></span> 
     </span>
     <span class='ocr_line' id='line_1_17' title="bbox 1034 2505 3840 2610; baseline 0.002 -34"><span class='ocrx_word' id='word_1_156' title='bbox 1034 2505 1238 2577; x_wconf 88' lang='lat' dir='ltr'><strong>tionis</strong></span> <span class='ocrx_word' id='word_1_157' title='bbox 1275 2507 1483 2598; x_wconf 86' lang='lat' dir='ltr'><strong>longe</strong></span> <span class='ocrx_word' id='word_1_158' title='bbox 1532 2508 1718 2579; x_wconf 87' lang='lat' dir='ltr'><strong>tedia</strong></span> <span class='ocrx_word' id='word_1_159' title='bbox 1755 2518 2253 2600; x_wconf 81' lang='lat' dir='ltr'><strong>cognoscentes</strong></span> <span class='ocrx_word' id='word_1_160' title='bbox 2294 2508 2486 2610; x_wconf 89' lang='lat' dir='ltr'><strong>quod</strong></span> <span class='ocrx_word' id='word_1_161' title='bbox 2545 2509 2771 2581; x_wconf 87' lang='lat' dir='ltr'><strong>dictus</strong></span> <span class='ocrx_word' id='word_1_162' title='bbox 2817 2518 3217 2604; x_wconf 89' lang='lat' dir='ltr'><strong>persecutor</strong></span> <span class='ocrx_word' id='word_1_163' title='bbox 3261 2509 3397 2581; x_wconf 91' lang='lat' dir='ltr'><strong>boc</strong></span> <span class='ocrx_word' id='word_1_164' title='bbox 3440 2510 3665 2581; x_wconf 89' lang='lat' dir='ltr'><strong>solum</strong></span> <span class='ocrx_word' id='word_1_165' title='bbox 3719 2531 3840 2581; x_wconf 83' lang='lat' dir='ltr'><strong>ex·</strong></span> 
     </span>
     <span class='ocr_line' id='line_1_18' title="bbox 1034 2630 3847 2726; baseline 0.001 -26"><span class='ocrx_word' id='word_1_166' title='bbox 1034 2630 1341 2723; x_wconf 84' lang='lat' dir='ltr'><strong>quireret</strong></span> <span class='ocrx_word' id='word_1_167' title='bbox 1367 2640 1447 2702; x_wconf 91' lang='lat' dir='ltr'><strong>ut</strong></span> <span class='ocrx_word' id='word_1_168' title='bbox 1482 2630 1749 2706; x_wconf 88' lang='lat' dir='ltr'><strong>deleret</strong></span> <span class='ocrx_word' id='word_1_169' title='bbox 1777 2632 2157 2706; x_wconf 87' lang='lat' dir='ltr'><strong>Ecclesiam</strong></span> <span class='ocrx_word' id='word_1_170' title='bbox 2191 2633 2304 2703; x_wconf 86' lang='lat' dir='ltr'><strong>vel</strong></span> <span class='ocrx_word' id='word_1_171' title='bbox 2331 2632 2549 2726; x_wconf 86' lang='lat' dir='ltr'><strong>ipsam</strong></span> <span class='ocrx_word' id='word_1_172' title='bbox 2586 2655 2746 2704; x_wconf 90' lang='lat' dir='ltr'><strong>cum</strong></span> <span class='ocrx_word' id='word_1_173' title='bbox 2777 2634 2929 2725; x_wconf 87' lang='lat' dir='ltr'><strong>ejus</strong></span> <span class='ocrx_word' id='word_1_174' title='bbox 2961 2631 3118 2704; x_wconf 85' lang='lat' dir='ltr'><strong>filiis</strong></span> <span class='ocrx_word' id='word_1_175' title='bbox 3143 2632 3491 2705; x_wconf 85' lang='lat' dir='ltr'><strong>astrictam</strong></span> <span class='ocrx_word' id='word_1_176' title='bbox 3525 2632 3847 2706; x_wconf 91' lang='lat' dir='ltr'><strong>redderet</strong></span> 
     </span>
     <span class='ocr_line' id='line_1_19' title="bbox 1033 2754 3843 2852; baseline 0.002 -30"><span class='ocrx_word' id='word_1_177' title='bbox 1033 2754 1560 2825; x_wconf 86' lang='lat' dir='ltr'><strong>necessitatibus</strong></span> <span class='ocrx_word' id='word_1_178' title='bbox 1592 2756 2030 2849; x_wconf 80' lang='lat' dir='ltr'><strong>lacrymosiS,</strong></span> <span class='ocrx_word' id='word_1_179' title='bbox 2074 2757 2303 2850; x_wconf 92' lang='lat' dir='ltr'><strong>ipsum</strong></span> <span class='ocrx_word' id='word_1_180' title='bbox 2340 2757 2429 2828; x_wconf 92' lang='lat' dir='ltr'><strong>de</strong></span> <span class='ocrx_word' id='word_1_181' title='bbox 2462 2756 2638 2828; x_wconf 87' lang='lat' dir='ltr'><strong>sacri</strong></span> <span class='ocrx_word' id='word_1_182' title='bbox 2671 2757 3170 2852; x_wconf 88' lang='lat' dir='ltr'><strong>approbatione</strong></span> <span class='ocrx_word' id='word_1_183' title='bbox 3216 2757 3483 2829; x_wconf 86' lang='lat' dir='ltr'><strong>consilii</strong></span> <span class='ocrx_word' id='word_1_184' title='bbox 3522 2766 3843 2850; x_wconf 87' lang='lat' dir='ltr'><strong>tanquam</strong></span> 
     </span>
     <span class='ocr_line' id='line_1_20' title="bbox 1036 2873 3845 2976; baseline 0.001 -27"><span class='ocrx_word' id='word_1_185' title='bbox 1036 2878 1381 2950; x_wconf 91' lang='lat' dir='ltr'><strong>obstinato</strong></span> <span class='ocrx_word' id='word_1_186' title='bbox 1441 2879 1651 2950; x_wconf 89' lang='lat' dir='ltr'><strong>corde</strong></span> <span class='ocrx_word' id='word_1_187' title='bbox 1716 2873 2066 2951; x_wconf 76' lang='lat' dir='ltr'><strong>nolentem</strong></span> <span class='ocrx_word' id='word_1_188' title='bbox 2122 2883 2215 2954; x_wconf 95' lang='lat' dir='ltr'><strong>ab</strong></span> <span class='ocrx_word' id='word_1_189' title='bbox 2265 2881 2628 2974; x_wconf 87' lang='lat' dir='ltr'><strong>iniquitate</strong></span> <span class='ocrx_word' id='word_1_190' title='bbox 2691 2903 3088 2973; x_wconf 89' lang='lat' dir='ltr'><strong>resurgere,</strong></span> <span class='ocrx_word' id='word_1_191' title='bbox 3147 2881 3357 2974; x_wconf 80' lang='lat' dir='ltr'><strong>dig-ne</strong></span> <span class='ocrx_word' id='word_1_192' title='bbox 3424 2882 3845 2976; x_wconf 85' lang='lat' dir='ltr'><strong>privavimus</strong></span> 
     </span>
     <span class='ocr_line' id='line_1_21' title="bbox 1035 3001 3844 3100; baseline 0.002 -29"><span class='ocrx_word' id='word_1_193' title='bbox 1035 3022 1410 3092; x_wconf 81' lang='lat' dir='ltr'><strong>reg-norum</strong></span> <span class='ocrx_word' id='word_1_194' title='bbox 1452 3010 1523 3072; x_wconf 90' lang='lat' dir='ltr'><strong>et</strong></span> <span class='ocrx_word' id='word_1_195' title='bbox 1566 3001 1835 3096; x_wconf 91' lang='lat' dir='ltr'><strong>imperii</strong></span> <span class='ocrx_word' id='word_1_196' title='bbox 1867 3003 2202 3094; x_wconf 87' lang='lat' dir='ltr'><strong>dignitate</strong></span> <span class='ocrx_word' id='word_1_197' title='bbox 2229 3057 2249 3093; x_wconf 97' lang='lat'><strong>,</strong></span> <span class='ocrx_word' id='word_1_198' title='bbox 2296 3006 2630 3100; x_wconf 78' lang='lat' dir='ltr'><strong>coneepta</strong></span> <span class='ocrx_word' id='word_1_199' title='bbox 2673 3005 2763 3077; x_wconf 90' lang='lat' dir='ltr'><strong>de</strong></span> <span class='ocrx_word' id='word_1_200' title='bbox 2801 3005 3037 3077; x_wconf 90' lang='lat' dir='ltr'><strong>divina</strong></span> <span class='ocrx_word' id='word_1_201' title='bbox 3075 3006 3331 3100; x_wconf 88' lang='lat' dir='ltr'><strong>pietate</strong></span> <span class='ocrx_word' id='word_1_202' title='bbox 3375 3004 3627 3078; x_wconf 87' lang='lat' dir='ltr'><strong>fiducia</strong></span> <span class='ocrx_word' id='word_1_203' title='bbox 3660 3006 3844 3099; x_wconf 91' lang='lat' dir='ltr'><strong>quod</strong></span> 
     </span>
     <span class='ocr_line' id='line_1_22' title="bbox 1033 3124 3844 3222; baseline 0.002 -26"><span class='ocrx_word' id='word_1_204' title='bbox 1033 3124 1283 3196; x_wconf 79' lang='lat' dir='ltr'><strong>vestris</strong></span> <span class='ocrx_word' id='word_1_205' title='bbox 1312 3124 1641 3217; x_wconf 88' lang='lat' dir='ltr'><strong>precipue</strong></span> <span class='ocrx_word' id='word_1_206' title='bbox 1666 3144 1750 3194; x_wconf 90' lang='lat' dir='ltr'><strong>ac</strong></span> <span class='ocrx_word' id='word_1_207' title='bbox 1782 3125 2084 3217; x_wconf 84' lang='lat' dir='ltr'><strong>plurium</strong></span> <span class='ocrx_word' id='word_1_208' title='bbox 2115 3127 2410 3198; x_wconf 92' lang='lat' dir='ltr'><strong>aliorum</strong></span> <span class='ocrx_word' id='word_1_209' title='bbox 2432 3128 2767 3222; x_wconf 89' lang='lat' dir='ltr'><strong>angustiis</strong></span> <span class='ocrx_word' id='word_1_210' title='bbox 2795 3129 3078 3200; x_wconf 89' lang='lat' dir='ltr'><strong>daretur</strong></span> <span class='ocrx_word' id='word_1_211' title='bbox 3095 3129 3327 3201; x_wconf 83' lang='lat' dir='ltr'><strong>exitus</strong></span> <span class='ocrx_word' id='word_1_212' title='bbox 3345 3130 3689 3201; x_wconf 88' lang='lat' dir='ltr'><strong>salutaris.</strong></span> <span class='ocrx_word' id='word_1_213' title='bbox 3716 3130 3844 3215; x_wconf 90' lang='lat' dir='ltr'><strong>Qui</strong></span> 
     </span>
     <span class='ocr_line' id='line_1_23' title="bbox 1033 3245 3844 3347; baseline 0.004 -32"><span class='ocrx_word' id='word_1_214' title='bbox 1033 3265 1193 3316; x_wconf 87' lang='lat' dir='ltr'><strong>cum</strong></span> <span class='ocrx_word' id='word_1_215' title='bbox 1224 3254 1562 3315; x_wconf 84' lang='lat' dir='ltr'><strong>venturus</strong></span> <span class='ocrx_word' id='word_1_216' title='bbox 1592 3245 1662 3316; x_wconf 91' lang='lat' dir='ltr'><strong>in</strong></span> <span class='ocrx_word' id='word_1_217' title='bbox 1695 3246 2015 3340; x_wconf 81' lang='lat' dir='ltr'><strong>proximo</strong></span> <span class='ocrx_word' id='word_1_218' title='bbox 2041 3269 2170 3342; x_wconf 93' lang='lat' dir='ltr'><strong>per</strong></span> <span class='ocrx_word' id='word_1_219' title='bbox 2201 3252 2327 3321; x_wconf 87' lang='lat' dir='ltr'><strong>Dei</strong></span> <span class='ocrx_word' id='word_1_220' title='bbox 2358 3251 2649 3344; x_wconf 86' lang='lat' dir='ltr'><strong>gratiam</strong></span> <span class='ocrx_word' id='word_1_221' title='bbox 2675 3253 2821 3343; x_wconf 87' lang='lat' dir='ltr'><strong>jam</strong></span> <span class='ocrx_word' id='word_1_222' title='bbox 2857 3262 3199 3347; x_wconf 88' lang='lat' dir='ltr'><strong>speretur,</strong></span> <span class='ocrx_word' id='word_1_223' title='bbox 3237 3265 3583 3326; x_wconf 90' lang='lat' dir='ltr'><strong>commoto</strong></span> <span class='ocrx_word' id='word_1_224' title='bbox 3610 3264 3844 3326; x_wconf 86' lang='lat' dir='ltr'><strong>contra</strong></span> 
     </span>
     <span class='ocr_line' id='line_1_24' title="bbox 1033 3366 3845 3474; baseline 0.004 -37"><span class='ocrx_word' id='word_1_225' title='bbox 1033 3366 1319 3467; x_wconf 90' lang='lat' dir='ltr'><strong>impium</strong></span> <span class='ocrx_word' id='word_1_226' title='bbox 1349 3368 1519 3465; x_wconf 85' lang='lat' dir='ltr'><strong>orbe</strong></span> <span class='ocrx_word' id='word_1_227' title='bbox 1561 3378 1934 3465; x_wconf 83' lang='lat' dir='ltr'><strong>terrarum,</strong></span> <span class='ocrx_word' id='word_1_228' title='bbox 1981 3372 2314 3471; x_wconf 90' lang='lat' dir='ltr'><strong>oppositis</strong></span> <span class='ocrx_word' id='word_1_229' title='bbox 2356 3375 2420 3444; x_wconf 91' lang='lat' dir='ltr'><strong>ei</strong></span> <span class='ocrx_word' id='word_1_230' title='bbox 2453 3374 2767 3473; x_wconf 93' lang='lat' dir='ltr'><strong>pluribus</strong></span> <span class='ocrx_word' id='word_1_231' title='bbox 2805 3376 3001 3471; x_wconf 86' lang='lat' dir='ltr'><strong>regni</strong></span> <span class='ocrx_word' id='word_1_232' title='bbox 3044 3376 3394 3449; x_wconf 88' lang='lat' dir='ltr'><strong>nobilibus</strong></span> <span class='ocrx_word' id='word_1_233' title='bbox 3440 3378 3560 3474; x_wconf 86' lang='lat' dir='ltr'><strong>qui</strong></span> <span class='ocrx_word' id='word_1_234' title='bbox 3606 3378 3738 3449; x_wconf 91' lang='lat' dir='ltr'><strong>sibi</strong></span> <span class='ocrx_word' id='word_1_235' title='bbox 3777 3388 3845 3449; x_wconf 91' lang='lat' dir='ltr'><strong>et</strong></span> 
     </span>
     <span class='ocr_line' id='line_1_25' title="bbox 1032 3489 3839 3600; baseline 0.004 -39"><span class='ocrx_word' id='word_1_236' title='bbox 1032 3489 1232 3565; x_wconf 88' lang='lat' dir='ltr'><strong>vobis</strong></span> <span class='ocrx_word' id='word_1_237' title='bbox 1266 3513 1349 3566; x_wconf 85' lang='lat' dir='ltr'><strong>ac</strong></span> <span class='ocrx_word' id='word_1_238' title='bbox 1381 3493 1674 3590; x_wconf 85' lang='lat' dir='ltr'><strong>posteris</strong></span> <span class='ocrx_word' id='word_1_239' title='bbox 1710 3505 1953 3593; x_wconf 87' lang='lat' dir='ltr'><strong>optant</strong></span> <span class='ocrx_word' id='word_1_240' title='bbox 1989 3496 2232 3568; x_wconf 86' lang='lat' dir='ltr'><strong>solatia</strong></span> <span class='ocrx_word' id='word_1_241' title='bbox 2270 3498 2638 3591; x_wconf 82' lang='lat' dir='ltr'><strong>libertatis3</strong></span> <span class='ocrx_word' id='word_1_242' title='bbox 2677 3499 3199 3571; x_wconf 89' lang='lat' dir='ltr'><strong>universitatem</strong></span> <span class='ocrx_word' id='word_1_243' title='bbox 3229 3512 3531 3574; x_wconf 86' lang='lat' dir='ltr'><strong>vestram</strong></span> <span class='ocrx_word' id='word_1_244' title='bbox 3569 3524 3697 3600; x_wconf 89' lang='lat' dir='ltr'><strong>per</strong></span> <span class='ocrx_word' id='word_1_245' title='bbox 3724 3502 3839 3575; x_wconf 90' lang='lat' dir='ltr'><strong>Dei</strong></span> 
     </span>
     <span class='ocr_line' id='line_1_26' title="bbox 1033 3599 3838 3722; baseline 0.005 -37"><span class='ocrx_word' id='word_1_246' title='bbox 1033 3599 1573 3688; x_wconf 87' lang='lat' dir='ltr'><strong>misericordiam</strong></span> <span class='ocrx_word' id='word_1_247' title='bbox 1613 3618 2056 3690; x_wconf 86' lang='lat' dir='ltr'><strong>obsecramus</strong></span> <span class='ocrx_word' id='word_1_248' title='bbox 2088 3630 2159 3691; x_wconf 91' lang='lat' dir='ltr'><strong>et</strong></span> <span class='ocrx_word' id='word_1_249' title='bbox 2198 3622 2268 3691; x_wconf 89' lang='lat' dir='ltr'><strong>in</strong></span> <span class='ocrx_word' id='word_1_250' title='bbox 2308 3621 2779 3694; x_wconf 90' lang='lat' dir='ltr'><strong>remissionem</strong></span> <span class='ocrx_word' id='word_1_251' title='bbox 2818 3623 3019 3697; x_wconf 86' lang='lat' dir='ltr'><strong>vobis</strong></span> <span class='ocrx_word' id='word_1_252' title='bbox 3053 3623 3479 3719; x_wconf 88' lang='lat' dir='ltr'><strong>injungimus</strong></span> <span class='ocrx_word' id='word_1_253' title='bbox 3525 3635 3838 3722; x_wconf 83' lang='lat' dir='ltr'><strong>peccato·</strong></span> 
     </span>
     <span class='ocr_line' id='line_1_27' title="bbox 1029 3740 3837 3845; baseline 0.004 -35"><span class='ocrx_word' id='word_1_254' title='bbox 1029 3742 1192 3814; x_wconf 76' lang='lat' dir='ltr'><strong>rum&#39;</strong></span> <span class='ocrx_word' id='word_1_255' title='bbox 1222 3750 1566 3837; x_wconf 90' lang='lat' dir='ltr'><strong>quatenus</strong></span> <span class='ocrx_word' id='word_1_256' title='bbox 1598 3742 1803 3813; x_wconf 92' lang='lat' dir='ltr'><strong>nobis</strong></span> <span class='ocrx_word' id='word_1_257' title='bbox 1843 3740 2276 3814; x_wconf 75' lang='lat' dir='ltr'><strong>et&#39;fratribus</strong></span> <span class='ocrx_word' id='word_1_258' title='bbox 2322 3745 2573 3816; x_wconf 91' lang='lat' dir='ltr'><strong>nostris</strong></span> <span class='ocrx_word' id='word_1_259' title='bbox 2619 3767 2828 3845; x_wconf 89' lang='lat' dir='ltr'><strong>super</strong></span> <span class='ocrx_word' id='word_1_260' title='bbox 2870 3747 3239 3818; x_wconf 87' lang='lat' dir='ltr'><strong>afflictione</strong></span> <span class='ocrx_word' id='word_1_261' title='bbox 3280 3758 3512 3821; x_wconf 89' lang='lat' dir='ltr'><strong>vestra</strong></span> <span class='ocrx_word' id='word_1_262' title='bbox 3557 3769 3837 3843; x_wconf 88' lang='lat' dir='ltr'><strong>gemen-</strong></span> 
     </span>
     <span class='ocr_line' id='line_1_28' title="bbox 1033 3862 3838 3963; baseline 0.005 -31"><span class='ocrx_word' id='word_1_263' title='bbox 1033 3862 1213 3961; x_wconf 82' lang='lat' dir='ltr'><strong>tibus</strong></span> <span class='ocrx_word' id='word_1_264' title='bbox 1263 3863 1581 3938; x_wconf 87' lang='lat' dir='ltr'><strong>festinam</strong></span> <span class='ocrx_word' id='word_1_265' title='bbox 1630 3886 1842 3963; x_wconf 90' lang='lat' dir='ltr'><strong>super</strong></span> <span class='ocrx_word' id='word_1_266' title='bbox 1883 3887 1966 3937; x_wconf 90' lang='lat' dir='ltr'><strong>eo</strong></span> <span class='ocrx_word' id='word_1_267' title='bbox 2007 3867 2354 3959; x_wconf 88' lang='lat' dir='ltr'><strong>prebeatis</strong></span> <span class='ocrx_word' id='word_1_268' title='bbox 2392 3868 2680 3940; x_wconf 91' lang='lat' dir='ltr'><strong>letitiam</strong></span> <span class='ocrx_word' id='word_1_269' title='bbox 2727 3869 2917 3962; x_wconf 91' lang='lat' dir='ltr'><strong>quod</strong></span> <span class='ocrx_word' id='word_1_270' title='bbox 2959 3869 3268 3941; x_wconf 90' lang='lat' dir='ltr'><strong>damnati</strong></span> <span class='ocrx_word' id='word_1_271' title='bbox 3304 3871 3604 3945; x_wconf 90' lang='lat' dir='ltr'><strong>hominis</strong></span> <span class='ocrx_word' id='word_1_272' title='bbox 3644 3871 3838 3945; x_wconf 87' lang='lat' dir='ltr'><strong>abdi·</strong></span> 
     </span>
     <span class='ocr_line' id='line_1_29' title="bbox 1030 3978 3841 4091; baseline 0.003 -34"><span class='ocrx_word' id='word_1_273' title='bbox 1030 3978 1184 4057; x_wconf 70' lang='lat' dir='ltr'><strong>Cato</strong></span> <span class='ocrx_word' id='word_1_274' title='bbox 1221 3987 1529 4060; x_wconf 90' lang='lat' dir='ltr'><strong>dominio</strong></span> <span class='ocrx_word' id='word_1_275' title='bbox 1558 3988 1671 4059; x_wconf 88' lang='lat' dir='ltr'><strong>cui</strong></span> <span class='ocrx_word' id='word_1_276' title='bbox 1702 3987 1979 4083; x_wconf 87' lang='lat' dir='ltr'><strong>penitus</strong></span> <span class='ocrx_word' id='word_1_277' title='bbox 2010 3989 2081 4058; x_wconf 93' lang='lat' dir='ltr'><strong>in</strong></span> <span class='ocrx_word' id='word_1_278' title='bbox 2109 3990 2303 4063; x_wconf 89' lang='lat' dir='ltr'><strong>nullo</strong></span> <span class='ocrx_word' id='word_1_279' title='bbox 2335 3992 2689 4081; x_wconf 90' lang='lat' dir='ltr'><strong>tenemini,</strong></span> <span class='ocrx_word' id='word_1_280' title='bbox 2713 4014 2840 4091; x_wconf 90' lang='lat' dir='ltr'><strong>per</strong></span> <span class='ocrx_word' id='word_1_281' title='bbox 2861 4014 2989 4064; x_wconf 90' lang='lat' dir='ltr'><strong>nos</strong></span> <span class='ocrx_word' id='word_1_282' title='bbox 3016 4014 3058 4065; x_wconf 91' lang='lat' dir='ltr'><strong>a</strong></span> <span class='ocrx_word' id='word_1_283' title='bbox 3071 3995 3471 4087; x_wconf 88' lang='lat' dir='ltr'><strong>juramento</strong></span> <span class='ocrx_word' id='word_1_284' title='bbox 3498 3992 3841 4068; x_wconf 85' lang='lat' dir='ltr'><strong>fidelitatis</strong></span> 
     </span>
     <span class='ocr_line' id='line_1_30' title="bbox 1032 4110 3841 4208; baseline 0.004 -28"><span class='ocrx_word' id='word_1_285' title='bbox 1032 4110 1333 4186; x_wconf 81' lang='lat' dir='ltr'><strong>totaliter</strong></span> <span class='ocrx_word' id='word_1_286' title='bbox 1382 4112 1717 4201; x_wconf 86' lang='lat' dir='ltr'><strong>absoluti,</strong></span> <span class='ocrx_word' id='word_1_287' title='bbox 1774 4111 1866 4183; x_wconf 90' lang='lat' dir='ltr'><strong>ad</strong></span> <span class='ocrx_word' id='word_1_288' title='bbox 1923 4112 2264 4208; x_wconf 87' lang='lat' dir='ltr'><strong>gremium</strong></span> <span class='ocrx_word' id='word_1_289' title='bbox 2315 4125 2550 4186; x_wconf 88' lang='lat' dir='ltr'><strong>sancte</strong></span> <span class='ocrx_word' id='word_1_290' title='bbox 2609 4117 2915 4189; x_wconf 88' lang='lat' dir='ltr'><strong>Romane</strong></span> <span class='ocrx_word' id='word_1_291' title='bbox 2973 4118 3275 4191; x_wconf 85' lang='lat' dir='ltr'><strong>Ecclesie</strong></span> <span class='ocrx_word' id='word_1_292' title='bbox 3329 4119 3569 4191; x_wconf 86' lang='lat' dir='ltr'><strong>matris</strong></span> <span class='ocrx_word' id='word_1_293' title='bbox 3620 4127 3841 4193; x_wconf 85' lang='lat' dir='ltr'><strong>vestre</strong></span> 
     </span>
     <span class='ocr_line' id='line_1_31' title="bbox 1032 4233 3840 4337; baseline 0.005 -35"><span class='ocrx_word' id='word_1_294' title='bbox 1032 4233 1231 4329; x_wconf 89' lang='lat' dir='ltr'><strong>cujus</strong></span> <span class='ocrx_word' id='word_1_295' title='bbox 1280 4234 1444 4305; x_wconf 89' lang='lat' dir='ltr'><strong>estis</strong></span> <span class='ocrx_word' id='word_1_296' title='bbox 1502 4234 1836 4333; x_wconf 88' lang='lat' dir='ltr'><strong>speciales</strong></span> <span class='ocrx_word' id='word_1_297' title='bbox 1886 4234 2043 4325; x_wconf 88' lang='lat' dir='ltr'><strong>filii,</strong></span> <span class='ocrx_word' id='word_1_298' title='bbox 2096 4238 2525 4312; x_wconf 87' lang='lat' dir='ltr'><strong>cessantibus</strong></span> <span class='ocrx_word' id='word_1_299' title='bbox 2564 4239 3114 4337; x_wconf 87' lang='lat' dir='ltr'><strong>quibuscumque</strong></span> <span class='ocrx_word' id='word_1_300' title='bbox 3164 4238 3464 4335; x_wconf 80' lang='lat' dir='ltr'><strong>diffugiis</strong></span> <span class='ocrx_word' id='word_1_301' title='bbox 3509 4240 3840 4331; x_wconf 82' lang='lat' dir='ltr'><strong>redeatis;</strong></span> 
     </span>
     <span class='ocr_line' id='line_1_32' title="bbox 1030 4353 3844 4463; baseline 0.005 -42"><span class='ocrx_word' id='word_1_302' title='bbox 1030 4353 1393 4451; x_wconf 87' lang='lat' dir='ltr'><strong>presertim</strong></span> <span class='ocrx_word' id='word_1_303' title='bbox 1417 4377 1580 4450; x_wconf 63' lang='lat' dir='ltr'><strong>⁴cum</strong></span> <span class='ocrx_word' id='word_1_304' title='bbox 1617 4378 1743 4431; x_wconf 88' lang='lat' dir='ltr'><strong>nos</strong></span> <span class='ocrx_word' id='word_1_305' title='bbox 1767 4359 1971 4455; x_wconf 80' lang='lat' dir='ltr'><strong>juxta</strong></span> <span class='ocrx_word' id='word_1_306' title='bbox 2009 4360 2202 4458; x_wconf 87' lang='lat' dir='ltr'><strong>quod</strong></span> <span class='ocrx_word' id='word_1_307' title='bbox 2231 4359 2300 4431; x_wconf 90' lang='lat' dir='ltr'><strong>in</strong></span> <span class='ocrx_word' id='word_1_308' title='bbox 2343 4362 2490 4434; x_wconf 91' lang='lat' dir='ltr'><strong>Deo</strong></span> <span class='ocrx_word' id='word_1_309' title='bbox 2526 4362 2904 4461; x_wconf 84' lang='lat' dir='ltr'><strong>poterimus</strong></span> <span class='ocrx_word' id='word_1_310' title='bbox 2941 4364 3137 4436; x_wconf 88' lang='lat' dir='ltr'><strong>vobis</strong></span> <span class='ocrx_word' id='word_1_311' title='bbox 3169 4387 3444 4463; x_wconf 87' lang='lat' dir='ltr'><strong>semper</strong></span> <span class='ocrx_word' id='word_1_312' title='bbox 3478 4366 3844 4438; x_wconf 88' lang='lat' dir='ltr'><strong>subvenire</strong></span> 
     </span>
     <span class='ocr_line' id='line_1_33' title="bbox 1033 4474 3844 4575; baseline 0.005 -32"><span class='ocrx_word' id='word_1_313' title='bbox 1033 4474 1295 4570; x_wconf 82' lang='lat' dir='ltr'><strong>parati,</strong></span> <span class='ocrx_word' id='word_1_314' title='bbox 1347 4474 1523 4547; x_wconf 91' lang='lat' dir='ltr'><strong>duos</strong></span> <span class='ocrx_word' id='word_1_315' title='bbox 1568 4479 1834 4571; x_wconf 89' lang='lat' dir='ltr'><strong>legatos</strong></span> <span class='ocrx_word' id='word_1_316' title='bbox 1893 4480 2278 4575; x_wconf 86' lang='lat' dir='ltr'><strong>solemnes,</strong></span> <span class='ocrx_word' id='word_1_317' title='bbox 2338 4484 2599 4557; x_wconf 87' lang='lat' dir='ltr'><strong>scilicet</strong></span> <span class='ocrx_word' id='word_1_318' title='bbox 2656 4485 2944 4558; x_wconf 77' lang='lat' dir='ltr'><strong>dilectos</strong></span> <span class='ocrx_word' id='word_1_319' title='bbox 2990 4486 3167 4559; x_wconf 90' lang='lat' dir='ltr'><strong>filios</strong></span> <span class='ocrx_word' id='word_1_320' title='bbox 3221 4498 3492 4559; x_wconf 91' lang='lat' dir='ltr'><strong>nostros</strong></span> <span class='ocrx_word' id='word_1_321' title='bbox 3538 4489 3610 4560; x_wconf 92' lang='lat' dir='ltr'><strong>S.</strong></span> <span class='ocrx_word' id='word_1_322' title='bbox 3671 4475 3844 4558; x_wconf 87' lang='lat' dir='ltr'><strong>tituli</strong></span> 
     </span>
     <span class='ocr_line' id='line_1_34' title="bbox 1033 4598 3840 4702; baseline 0.005 -33"><span class='ocrx_word' id='word_1_323' title='bbox 1033 4598 1281 4669; x_wconf 89' lang='lat' dir='ltr'><strong>Sancte</strong></span> <span class='ocrx_word' id='word_1_324' title='bbox 1319 4598 1530 4671; x_wconf 90' lang='lat' dir='ltr'><strong>Marie</strong></span> <span class='ocrx_word' id='word_1_325' title='bbox 1573 4601 2084 4699; x_wconf 83' lang='lat' dir='ltr'><strong>Transtyberim</strong></span> <span class='ocrx_word' id='word_1_326' title='bbox 2122 4607 2602 4702; x_wconf 78' lang='lat' dir='ltr'><strong>presbyterum</strong></span> <span class='ocrx_word' id='word_1_327' title='bbox 2635 4619 2706 4679; x_wconf 92' lang='lat' dir='ltr'><strong>et</strong></span> <span class='ocrx_word' id='word_1_328' title='bbox 2734 4609 2816 4680; x_wconf 88' lang='lat' dir='ltr'><strong>R.</strong></span> <span class='ocrx_word' id='word_1_329' title='bbox 2860 4611 3117 4682; x_wconf 38' lang='lat' dir='ltr'><strong>Sancte&lt;</strong></span> <span class='ocrx_word' id='word_1_330' title='bbox 3140 4609 3452 4694; x_wconf 81' lang='lat' dir='ltr'><strong>Mariein</strong></span> <span class='ocrx_word' id='word_1_331' title='bbox 3479 4609 3840 4691; x_wconf 78' lang='lat' dir='ltr'><strong>cosmedin</strong></span> 
     </span>
    </p>
   </div>
  </div>
 </body>
</html>
