4364 5738
582 613 786 675 brmcr.
823 613 910 691 l.]
1469 610 1864 672 HISTORIA
1915 610 2505 672 DIPLOMATICA.
3319 610 3395 672 91

589 744 1114 841 diligentissime
1159 744 1578 838 cogitarent;
1635 755 1706 819 et
1750 768 1840 817 ne
1876 746 2065 837 justa
2105 747 2515 841 preberetur
2558 749 2827 820 occasio
2876 749 3108 840 aliqua
3153 747 3237 817 iis
3283 747 3405 840 qui

593 878 864 941 tantum
906 868 1169 940 bonum
1207 864 1544 961 impedire
1575 867 1872 958 vellent,
1919 889 2004 939 eo
2041 868 2234 961 quod
2281 869 2710 942 detineretur
2753 892 2796 941 a
2838 870 3040 942 nobis
3078 869 3406 961 magister

591 992 793 1066 Oddo
825 991 1061 1065 Sancti
1101 990 1366 1063 Nicolai
1403 991 1477 1061 in
1510 1012 1787 1063 carcere
1821 993 2135 1064 Tulliano
2166 995 2786 1066 reverendissimus
2813 993 3218 1084 cardinaliS,
3261 1014 3402 1066 non

591 1117 820 1190 solum
856 1117 1121 1211 ipsum,
1152 1137 1398 1187 verum
1441 1115 1651 1187 etiam
1682 1116 1855 1188 alios
1890 1117 2195 1190 Ecclesie
2227 1118 2530 1213 prelatos
2561 1117 3142 1214 prestantissimos
3167 1116 3403 1190 dimit-

590 1240 840 1315 tendos
874 1240 1084 1313 etiam
1116 1240 1575 1313 decrevimus.
1611 1239 1815 1312 Nunc
1838 1262 2008 1314 vero
2037 1264 2186 1313 rem
2220 1262 2474 1315 novam
2516 1263 2659 1313 non
2699 1243 2922 1315 solum
2955 1241 3401 1332 hesitatione,

585 1386 834 1437 verum
894 1365 1103 1437 etiam
1156 1374 1440 1459 stupore
1503 1364 1787 1458 dignam
1836 1365 2035 1439 vobis
2088 1376 2160 1437 et
2216 1365 2502 1459 reliquis
2556 1365 2745 1437 orbis
2797 1365 3225 1461 principibus
3276 1363 3411 1436 hec

590 1499 828 1563 nostra
866 1489 1158 1585 epistola
1195 1487 1662 1581 significatura
1687 1490 2130 1585 progreditur
2167 1516 2185 1559 ε
2232 1490 2424 1584 quod
2463 1490 2723 1561 scilicet
2755 1488 3409 1561 reverendissimum

587 1614 1066 1686 Prenestinum
1098 1613 1503 1709 episcopum
1529 1613 1649 1706 qui
1677 1613 2011 1685 adversus
2045 1613 2562 1710 imperatoriam
2598 1614 3030 1705 majestatem
3061 1620 3131 1684 et
3151 1633 3410 1685 nomen

590 1738 688 1810 ita
725 1747 967 1833 aperte
1005 1759 1082 1809 se
1127 1737 1384 1829 objecit
1431 1748 1503 1809 et
1549 1737 1848 1830 obstitit,
1883 1739 2397 1834 quamprimum
2447 1738 2871 1810 absolvimus
2912 1745 2984 1808 et
3025 1736 3411 1808 dimisimus

592 1871 826 1956 preter
855 1861 1167 1934 omnium
1199 1859 1561 1932 hominum
1593 1861 1991 1955 opinionem
2017 1859 2147 1957 (l).
2186 1863 2581 1956 Stupebunt
2615 1863 2923 1956 profecto
2955 1863 3034 1932 ut
3063 1860 3411 1933 credimus

590 1985 938 2081 principes
972 1984 1284 2056 bellicosi
1324 1985 1456 2055 viri
1493 1985 1741 2073 fortes;
1780 1986 2105 2055 Cesaram
2136 1985 2469 2056 memorie
2512 1984 3167 2079 incomparabilibus
3198 1984 3410 2057 deco·

587 2115 740 2180 rate
791 2106 1322 2198 magnificentiis
1374 2107 1447 2176 in
1505 2107 1698 2178 libris
1742 2107 1996 2202 scripte
2050 2117 2368 2178 veterum
2412 2108 2767 2179 annalium
2814 2118 2886 2181 et
2929 2107 3413 2180 chronicorum

590 2231 1004 2305 evolvantur
1038 2240 1112 2303 et
1148 2239 1696 2326 perscrutentur,
1736 2230 2166 2322 singulorum
2200 2231 2589 2326 principum
2622 2233 2766 2303 vita
2803 2242 2873 2303 et
2902 2240 3098 2324 gesta
3129 2230 3413 2326 perqui-

588 2366 862 2446 rantur,
889 2354 1061 2426 nihil
1096 2356 1233 2426 tale
1269 2376 1313 2427 a
1348 2357 1495 2427 Deo
1532 2353 1860 2450 inspirate
1894 2355 2260 2426 clementie
2296 2356 2543 2447 equale
2573 2356 2773 2427 nobis
2808 2356 3180 2450 quisquam
3214 2355 3411 2425 inve·

591 2481 738 2553 niet
773 2480 1070 2573 diligens
1105 2479 1497 2572 indagator.
1539 2478 1731 2550 Licet
1763 2480 1947 2551 enim
1980 2479 2252 2572 legatur
2282 2480 2570 2551 fortasse
2605 2480 2983 2551 multorum
3025 2478 3415 2574 principum

594 2604 846 2678 nobilis
876 2606 1012 2695 ira,
1053 2614 1294 2700 aperta
1326 2604 1695 2676 clementia
1724 2613 1795 2674 et
1831 2603 2117 2675 illustris
2148 2602 2580 2692 humanitas,
2613 2614 2982 2698 propterea
3018 2602 3209 2695 quod
3237 2602 3413 2674 dex-

597 2740 745 2802 tera
779 2729 1063 2803 victoris
1111 2729 1418 2802 victoriis
1461 2740 1532 2801 et
1568 2728 1877 2824 tropheis
1926 2737 2176 2799 ornata
2220 2727 2535 2800 hostibus
2580 2728 2939 2822 prostratis
2988 2727 3413 2822 pepercerit,

595 2864 666 2928 et
707 2856 803 2927 ita
839 2878 960 2930 eos
1008 2854 1131 2949 qui
1167 2876 1408 2927 eorum
1456 2853 1864 2927 exaltationi
1903 2876 1978 2926 se
2025 2853 2438 2946 objecerunt
2470 2852 2772 2945 benigne
2818 2851 3206 2924 dimiserint
3254 2862 3327 2924 et
3374 2874 3418 2925 a

598 3000 841 3051 severo
856 2978 1122 3079 justitie
1150 2979 1382 3070 gladio
1408 2978 1747 3050 adversus
1773 2977 2139 3050 damnatos
2161 2967 2650 3067 abstinuerint,
2673 2975 3123 3048 nihilomiuus
3141 2976 3418 3048 illorum

597 3103 849 3194 singuli
878 3104 996 3174 vel
1041 3102 1465 3174 imbecillum
1504 3103 1807 3195 aliquem
1856 3104 1970 3174 vel
2016 3102 2275 3173 nullius
2308 3102 2510 3196 pretii
2545 3110 2616 3172 et
2664 3100 2922 3173 valoris
2954 3110 3187 3174 sontes
3232 3101 3419 3197 ipsos

600 3248 761 3298 cum
781 3225 1274 3317 judicaverint,
1309 3247 1428 3297 eos
1454 3226 1752 3299 libenter
1783 3226 2221 3315 dimiserunt,
2245 3227 2358 3297 vel
2393 3225 2556 3320 quia
2581 3225 2746 3298 belli
2766 3225 3190 3298 imminentis
3212 3247 3415 3299 occa·

601 3349 793 3421 sione
838 3358 1128 3445 propter
1167 3371 1322 3421 eam
1353 3371 1564 3441 quam
1599 3350 2060 3444 promiserant
2095 3350 2400 3421 sontium
2437 3349 2908 3423 dimissionem
2949 3349 3159 3422 finem
3191 3351 3414 3446 impo-

597 3485 906 3546 suerant.
946 3474 1150 3557 Quod
1181 3495 1351 3546 vero
1382 3493 1510 3546 nos
1545 3474 1777 3545 adhuc
1815 3474 2160 3546 simultate
2210 3483 2661 3569 permanente
2703 3475 2881 3546 adeo
2926 3476 3157 3547 nobile
3194 3497 3414 3549 mem·

598 3599 803 3670 brum
839 3597 1145 3670 Ecclesie
1168 3649 1188 3688 ,
1232 3596 1404 3668 tanti
1435 3596 1701 3669 consilii
1726 3597 1954 3669 virum
1991 3609 2060 3670 et
2098 3599 2462 3694 perspicue
2520 3598 2937 3671 fortitudinis
2995 3610 3065 3670 et
3102 3598 3411 3691 virtutiS,

599 3723 852 3795 nostris
888 3721 1192 3795 consiliis
1231 3721 1448 3813 gratis
1492 3721 1975 3793 adversantem
2016 3732 2087 3793 et
2135 3744 2210 3794 se
2260 3723 2698 3815 objicientem
2746 3733 2817 3795 et
2865 3746 2939 3796 se
2981 3724 3415 3815 objecturum

599 3855 677 3917 ut
704 3847 794 3918 ab
822 3846 1146 3918 omnibus
1174 3846 1613 3941 sperabatur,
1650 3845 1814 3918 licet
1842 3867 1971 3917 nos
1994 3867 2224 3940 neque
2252 3847 2535 3919 omnino
2571 3848 3013 3921 crederemus
3047 3847 3180 3917 tale
3213 3845 3412 3938 quid,

599 3981 677 4042 ut
713 3992 873 4043 eum
903 3970 1167 4042 scilicet
1204 3970 1747 4060 dimitteremus,
1786 3990 2014 4064 neque
2045 3971 2531 4065 preteritarum
2563 3994 2798 4044 rerum
2823 3970 3155 4041 memoria
3187 3990 3414 4062 neque
3480 3944 3487 3959 ⁶

602 4094 1025 4190 presentium
1074 4093 1409 4166 securitas
1455 4104 1527 4166 et
1568 4094 1842 4167 cautela
1881 4094 2083 4168 nobis
2132 4095 2505 4188 suadebat;
2553 4092 3000 4166 nihilominus
3043 4093 3110 4163 in
3159 4103 3415 4167 statera

603 4229 995 4291 nostrarum
1030 4218 1524 4311 cogitationum
1557 4218 1825 4311 justitie
1853 4219 2294 4292 severitatem
2330 4220 2698 4292 clementia
2743 4219 2903 4291 fecit
2945 4218 3295 4293 declinare
3342 4229 3415 4293 et

604 4340 938 4437 impetum
985 4353 1220 4415 nostre
1272 4342 1764 4436 indignationis
1818 4344 2024 4437 fregit
2069 4353 2140 4416 et
2185 4343 2388 4435 vicit,
2437 4354 2507 4415 et
2554 4343 3029 4416 misericordia
3069 4366 3281 4438 quam
3320 4342 3411 4418 de

678 4620 750 4694 (l)
791 4644 817 4672 ι
845 4621 970 4696 Ipso
998 4638 1182 4681 mense
1217 4624 1381 4681 madii
1408 4624 1758 4682 Prenestinus
1785 4621 2071 4697 episcopus
2099 4622 2416 4694 imperatore
2448 4623 2736 4681 mandante
2772 4624 3033 4683 liberatus
3061 4631 3147 4683 est
3177 4631 3235 4684 et
3266 4623 3411 4697 apud

599 4717 895 4792 Anagniam
916 4719 986 4777 ad
1012 4720 1311 4779 cardinales
1337 4736 1461 4778 cum
1488 4720 1691 4779 honore
1719 4719 1995 4778 remiaeus.
2019 4738 2045 4772 η
2075 4719 2224 4777 Ricc.
2251 4718 2315 4776 de
2338 4719 2404 4777 S.
2436 4720 2613 4778 Germ.
2644 4720 2897 4780 chronio.
2926 4722 2997 4779 ad
3023 4737 3151 4778 ann.
3176 4723 3335 4778 ⁴243.
