4364 5738
1000 575 1085 634 22
1993 578 2422 639 Fnlnssmci
2473 577 2818 638 sEcuNni
3436 573 3601 651 [Anu.
3636 572 3816 633 1242.

1001 719 1380 805 presumat.
1432 710 1635 794 Quod
1681 711 1801 805 qui
1836 712 2336 808 presumpserit
2382 721 2615 807 preter
2653 708 3202 803 indignationem
3242 709 3463 780 nostri
3504 708 3823 780 culminis

1002 855 1214 926 quam
1249 833 1588 926 incurret,
1620 846 1899 907 centum
1932 835 2250 908 marchas
2284 835 2553 927 argenti
2586 855 2714 929 pro
2744 853 2925 929 pena
2959 828 3415 929 [componat],
3452 831 3822 904 medietate

1006 978 1280 1029 camere
1320 967 1591 1050 nostre,
1620 960 1889 1052 reliqua
1935 961 2311 1032 medietate
2358 959 2576 1054 passis
2627 957 2952 1049 injuriam
3000 956 3438 1051 applicanda.
3477 956 3589 1028 Ad
3613 954 3821 1046 hujus

1005 1091 1240 1152 autem
1272 1093 1506 1153 nostre
1536 1080 2076 1156 confirmationis
2110 1084 2516 1155 memoriam
2546 1091 2618 1152 et
2644 1082 2858 1153 robur
2886 1089 3226 1175 perpetuo
3238 1080 3818 1174 valiturum,pre·

1005 1225 1166 1277 sens
1193 1205 1525 1300 scriptum
1557 1205 1707 1278 fieri
1737 1218 1807 1279 et
1837 1208 2064 1301 sigillo
2090 1208 2470 1300 majestatis
2505 1216 2739 1278 nostre
2762 1204 3094 1297 jussimus
3125 1205 3560 1277 communiri.
3779 1200 3790 1209 ’

1102 1332 1354 1402 Datum
1384 1330 1619 1421 Fogie,
1651 1352 1837 1404 anno
1865 1332 2213 1405 dominice
2241 1330 2733 1403 incarnationis
2760 1328 3124 1400 millesimo
3151 1328 3627 1401 ducentesimo
3653 1351 3826 1424 qua·

1007 1454 1400 1547 dragesimo
1430 1455 1690 1549 primo,
1721 1477 1958 1528 mense
1984 1456 2285 1549 Januarii
2308 1509 2327 1545 ,
2357 1456 2596 1548 quinte
2633 1454 2903 1526 decime
2936 1452 3366 1544 indictionis,
3396 1463 3531 1525 etc.
3562 1452 3740 1550 (sic).

2201 1768 2962 1779 ffl—-w--ffl-„-
3001 1772 3012 1777 ,
3041 1772 3066 1775 --
3095 1771 3186 1776 ---.
3219 1770 3228 1776 .
3253 1769 3408 1776 -ψ-,ή--

660 2029 884 2135 ξζξῗῇῐ
1116 2033 1577 2140 FridericuS‚
1626 2033 2144 2116 Romanorum
2195 2033 2635 2142 imperator,
2682 2028 3146 2114 monasterio
3197 2027 3514 2110 Sanctae
3547 2022 3827 2109 Mariae

1012 2165 1108 2248 de
1150 2166 1403 2249 Monte
1446 2166 1776 2276 Virginis
1821 2166 2243 2250 oblationes
2306 2176 2382 2249 et
2443 2164 2889 2249 donationes
2942 2162 3011 2245 ei
3067 2161 3306 2244 factas
3362 2160 3462 2243 ab
3514 2156 3826 2241 Uni'rido

1011 2301 1105 2383 de
1161 2299 1404 2382 Sarno
1430 2360 1449 2392 ,
1510 2300 1748 2384 Maria
1820 2302 1916 2382 de
1969 2301 2240 2383 Menda
2301 2298 2661 2382 Gernoldi
2724 2296 3112 2380 Teutonici
3174 2320 3411 2379 uxore
3472 2305 3550 2376 et
3605 2292 3826 2375 Ricca

1013 2432 1372 2516 Gualterii
1410 2434 1505 2515 de
1545 2432 1794 2515 Cicala
1831 2457 2097 2537 uxore,
2138 2431 2569 2538 confirmat,
2608 2441 2682 2513 et
2718 2430 2861 2513 isia
2897 2429 3328 2513 conditione
3362 2436 3826 2510 conventum

1010 2564 1272 2647 eximit
1323 2591 1476 2674 qua
1524 2561 1837 2671 jubetur
1885 2576 1972 2646 ut
2014 2564 2219 2646 bona
2267 2563 2566 2646 stabilia
2616 2564 2948 2647 ecclesiis
2989 2562 3246 2646 oblata
3282 2560 3483 2642 infra
3519 2582 3819 2642 annum

1014 2694 1326 2776 alienari
1363 2694 1715 2777 debeant.

1178 2911 1419 2988 (Inedit.
1453 2912 1517 2970 in
1542 2910 1784 2971 archivo
1813 2912 2031 2971 Montis
2060 2910 2326 2989 Virginis
2357 2928 2433 2971 ex
2461 2912 2731 2990 originali
2767 2913 2831 2969 in
2867 2908 3096 2970 volum.
3139 2910 3276 2981 vll,
3308 2909 3374 2967 n·
3404 2918 3474 2968 77
3505 2915 3824 2980 asservato,

1250 3019 1421 3093 cujus
1445 3018 1509 3075 in
1536 3017 1754 3094 angulo
1781 3033 2196 3094 pergamenam
2225 3018 2478 3078 laceram
2517 3020 2874 3077 invenimus.
2906 3014 3181 3094 Sigillum
3217 3015 3492 3075 avulsum
3535 3014 3699 3074 deest
3739 3029 3827 3072 re-

1253 3123 1629 3182 manentibus
1657 3129 1891 3183 tantum
1920 3122 2038 3183 filis
2068 3125 2267 3184 sericis
2295 3123 2456 3183 rubri
2485 3123 2745 3201 coloris.)

1108 3311 1527 3401 Fridericus‚
1560 3310 1685 3381 Dei
1712 3311 1931 3403 gratia
1958 3311 2427 3382 Romanorum
2456 3310 2832 3406 imperator
2862 3332 3139 3406 semper
3165 3320 3534 3403 augustus,
3559 3309 3831 3380 Jerusa-

1017 3439 1156 3508 lem
1209 3445 1281 3507 et
1332 3435 1559 3506 Sicilie
1609 3457 1762 3506 rex.
1803 3436 1971 3506 Cum
2030 3435 2213 3507 inter
2267 3445 2499 3506 cetera
2552 3435 2828 3530 pietatis
2881 3457 3095 3529 opera
3148 3434 3405 3526 quibus
3452 3453 3829 3528 supernum

1015 3581 1308 3653 regnum
1337 3559 1743 3651 acquiritur,
1765 3559 1987 3630 virtus
2017 3559 2433 3631 eleemosine
2462 3559 2688 3629 locum
2717 3559 3030 3630 obtineat
3053 3555 3470 3656 [celsiorem,
3498 3557 3832 3648 religiosis

1014 3683 1568 3777 quibuscumque
1613 3682 1919 3753 ecclesiis
1969 3679 2426 3779 imperialem]
2457 3682 2701 3754 adesse
2757 3684 3085 3755 convenit
3131 3684 3468 3769 favorem,
3501 3703 3543 3753 a
3578 3679 3832 3774 'quibus

1014 3830 1141 3904 pro
1192 3807 1430 3903 populi
1473 3806 1906 3897 indulgentia
1955 3805 2410 3901 omnipotenti
2442 3807 2587 3877 Deo
2616 3806 2879 3899 jugit&
2920 3806 3336 3896 deservitur,
3392 3816 3464 3877 et
3513 3813 3834 3877 tenentur

1016 3931 1506 4030 imperatores,
1539 3953 1740 4024 reges
1781 3939 1851 4003 et
1882 3930 2229 4026 principes
2264 3930 2667 4002 veneranda
2713 3931 2837 4002 Dei
2875 3932 3028 4003 loca
3067 3951 3194 4025 per
3230 3951 3440 4024 quem
3467 3929 3836 4002 salubriter

1014 4055 1262 4127 vivunt
1289 4066 1361 4127 et
1390 4057 1461 4127 in
1494 4076 1737 4127 eorum
1765 4054 2088 4127 dominiis
2115 4054 2429 4126 feliciter.
2462 4108 2479 4125 .
2512 4110 2528 4126 .
2562 4107 2579 4126 .
2617 4106 2635 4124 .
2666 4062 2737 4125 et
2763 4055 2912 4148 ipsa
2939 4053 3295 4127 beneficiis
3322 4054 3683 4149 ampliare.
3709 4053 3836 4124 Per

1019 4200 1307 4274 presens
1341 4179 1574 4272 itaque
1611 4179 2049 4274 privilegium
2083 4187 2324 4250 notum
2357 4179 2646 4250 facimus
2676 4179 3020 4251 universis
3055 4177 3377 4251 fidelibus
3407 4178 3662 4251 nostris
3698 4187 3832 4248 tam

1021 4302 1457 4397 presentibus
1488 4323 1696 4394 quam
1738 4302 1987 4372 futuris
2017 4301 2209 4396 quod
2242 4301 2593 4373 Iohannes
2628 4303 3047 4375 venerabilis
3080 4302 3297 4374 abbas
3344 4312 3415 4373 et
3456 4311 3839 4374 conventus

1021 4425 1419 4498 monasterii
1428 4425 1677 4496 Sancte
1690 4426 1902 4497 Marie
1922 4425 2012 4498 de
2030 4426 2565 4518 MonteVirginis
2581 4425 2821 4498 fideles
2841 4427 3084 4517 nostri,
3109 4423 3551 4524 trans[missis
3569 4425 3840 4498 duobus

1022 4572 1117 4623 ex
1144 4548 1468 4621 fratribus
1500 4544 1695 4645 suis],
1712 4549 2055 4642 majestati
2082 4561 2317 4623 nostre
2349 4549 2705 4622 humiliter
2736 4550 3214 4645 supplicarunt
3234 4559 3315 4621 ut
3335 4572 3494 4622 cum
3512 4548 3839 4622 Unfridus

1022 4675 1113 4747 de
1135 4675 1355 4745 Sarno
1385 4671 1608 4744 fidelis
1633 4681 1869 4744 noster
1900 4673 2079 4745 inter
2108 4674 2308 4747 vivos
2343 4674 2673 4746 obtulerit
2686 4685 2758 4746 et
2781 4673 3146 4747 donaverit
3171 4675 3396 4747 eidem
3418 4673 3836 4747 monasterio
