4364 5738
677 4244 836 4298 taprm
863 4246 933 4313 ve}
968 4302 981 4313 ,

1076 542 1202 605 414
2067 544 2497 608 Flunsslucl
2545 535 2893 609 ssscuNm
3510 552 3677 631 [An.
3710 553 3888 619 1246.

1078 677 1423 769 subsidio,
1460 675 1670 752 finem
1702 679 1978 754 dederit
2010 680 2381 773 gemitibus
2411 679 2824 753 afflictorum
2839 736 2861 774 ,
2900 681 3120 756 Sedes
3147 682 3547 780 Apostolica
3571 708 3700 760 vos
3741 698 3889 761 tan·

1077 821 1290 894 quam
1324 823 1584 895 genere
1629 824 1715 877 ac
1758 803 2016 877 virtute
2056 805 2327 878 nobiles
2372 804 2553 875 inter
2595 803 2844 878 charos
2886 806 3040 898 ejus
3073 804 3254 881 filios
3287 807 3577 882 babebit
3615 811 3887 886 assidue

1074 924 1434 1019 speciales.

2410 1105 2540 1177 111.

1232 1279 1426 1359 (mit.
1453 1297 1552 1360 ap.
1581 1281 1855 1354 Herm,
1899 1279 2068 1343 [ἰώ.
2096 1277 2398 1342 Μαάθ-ἰώ
2428 1281 2519 1356 11,
2547 1280 2827 1359 append„
2868 1288 2937 1341 n·
2965 1289 3075 1356 8²,
3106 1296 3184 1343 ex
3219 1281 3427 1344 eodem
3453 1281 3605 1344 llbro
3641 1285 3874 1359 curiali,

1307 1396 1374 1447 n⁰
1407 1385 1491 1463 9.)

1164 1545 1641 1636 Innocentius,
1689 1554 1858 1635 etc.,
1915 1546 1988 1617 S.
2038 1544 2219 1616 tituli
2262 1546 2514 1617 Sancte
2552 1543 2767 1617 Marie
2803 1545 3318 1642 Tmnstyberim
3360 1549 3769 1645 presbytero
3808 1559 3877 1622 et

1067 1674 1148 1745 R.
1184 1672 1436 1743 Sancte
1463 1668 1676 1741 Marie
1704 1668 1776 1739 in
1807 1666 2171 1741 Cosmedin
2201 1653 2495 1740 diacono
2527 1665 2897 1758 cardinali,
2929 1678 3066 1742 etc.
3102 1670 3295 1743 Circa
3320 1690 3614 1763 regnum
3653 1672 3874 1745 Sicilie

1073 1843 2145 1870 ..............
2197 1791 2339 1863 Nos
2402 1790 2615 1882 digne
2667 1791 3035 1887 providere
3086 1795 3404 1867 volentes
3454 1805 3535 1867 ut
3575 1795 3876 1869 Ecclesia

1064 1921 1245 1994 circa
1280 1939 1363 1990 ea
1392 1938 1532 2010 que
1580 1916 1653 1988 in
1699 1916 1850 2011 ipso
1890 1935 2107 2008 regno
2146 1913 2466 1987 facienda
2513 1912 2912 2007 imminent,
2948 1915 3039 1988 sit
3083 1936 3128 1987 a
3158 1914 3502 1989 scandalis
3544 1917 3763 1990 libera
3805 1927 3874 1991 et

1063 2043 1390 2117 immunis
1427 2063 1472 2114 a
1507 2049 1710 2130 nota,
1744 2039 2057 2134 quinimo
2096 2037 2289 2130 quod
2329 2056 2452 2110 vos
2494 2036 2628 2132 ipsi
2665 2058 2751 2110 eo
2782 2039 3065 2112 liberius
3109 2040 3472 2112 commisse
3518 2041 3871 2134 legationis

1062 2168 1364 2242 officium
1412 2164 1687 2261 possitis
1717 2162 2046 2259 prosequi
2089 2182 2231 2255 quo
2275 2160 2367 2233 de
2413 2160 2516 2233 eis
2562 2183 2700 2254 que
2749 2162 2972 2235 omitti
3017 2163 3282 2235 debent
3325 2165 3439 2236 vel
3484 2162 3636 2236 fieri
3684 2166 3870 2239 eritis

1061 2291 1336 2388 plenius
1374 2287 1749 2376 informati,
1784 2288 2143 2374 volumus,
2188 2292 2358 2374 etc.,
2391 2294 2736 2377 quatenus
2769 2284 2918 2356 sine
2950 2286 3231 2380 speciali
3269 2287 3600 2361 mandato
3639 2299 3867 2362 nostro

1060 2415 1244 2487 circa
1292 2423 1546 2486 statum
1592 2409 1838 2505 prefati
1879 2408 2076 2501 regni
2119 2406 2289 2478 nihil
2342 2407 2618 2503 penitus
2656 2408 3136 2498 immutantes,
3187 2409 3421 2503 aliqua
3467 2413 3866 2507 temporalia

1057 2537 1293 2632 quoad
1333 2536 1569 2623 villas,
1626 2543 1889 2621 castra,
1938 2531 2286 2620 civitates,
2336 2530 2616 2625 predia,
2662 2540 2913 2622 terras,
2961 2531 3433 2627 possessiones
3471 2543 3543 2606 et
3585 2535 3861 2626 domos,

1058 2664 1205 2735 sive
1230 2661 1462 2753 aliqua
1494 2655 1875 2753 spiritualia
1917 2653 2150 2747 quoad
2189 2654 2578 2749 prebendas
2618 2663 2690 2726 et
2730 2655 3193 2728 ecclesiastica
3232 2655 3570 2730 beneficia
3608 2660 3866 2732 nemini
3907 2747 3918 2762 ⁸

1056 2783 1452 2861 concedatis
1471 2835 1493 2874 ,
1525 2801 1657 2853 nec
1689 2778 1898 2851 etiam
1929 2778 2201 2872 aliquas
2231 2786 2560 2849 vacantes
2591 2776 2919 2850 ecclesias
2950 2778 3284 2852 ordinetis
3310 2802 3672 2876 quousque
3704 2805 3862 2879 pre-

1054 2913 1200 2983 fato
1241 2927 1457 3001 regno
1493 2926 1619 3000 per
1659 2903 1784 2976 Dei
1821 2901 2114 2993 gratiam
2160 2902 2234 2971 in
2279 2909 2463 2973 statu
2514 2901 2884 2995 tranquillo
2933 2912 3005 2974 et
3050 2903 3273 2977 libero
3323 2905 3738 2997 constituto,
3779 2927 3862 2980 ea

1052 3035 1237 3106 circa
1293 3032 1515 3125 ipsum
1569 3027 2013 3121 disponamus
2062 3023 2152 3096 de
2207 3024 2496 3094 fratrum
2545 3034 2936 3097 nostrorum
2997 3026 3283 3099 consilio
3327 3048 3464 3121 que
3510 3028 3604 3100 ad
3650 3029 3860 3103 decus

1051 3155 1358 3231 Ecclesie
1392 3163 1463 3224 et
1492 3150 1673 3221 illius
1708 3149 2091 3245 profectum
2121 3145 2502 3219 viderimus
2529 3148 2889 3243 expedire.
2928 3150 3151 3244 Super
3181 3151 3318 3222 illis
3346 3163 3581 3225 autem
3611 3163 3686 3225 et
3711 3155 3859 3227 aliis

1051 3281 1282 3356 taliter
1317 3298 1392 3349 se
1425 3275 1681 3347 habeat
1713 3281 1945 3343 vestra
1976 3270 2471 3365 circumspecta
2501 3271 2872 3366 prudentia
2905 3272 3097 3365 quod
3127 3294 3223 3347 ex
3247 3274 3384 3348 boc
3414 3275 3638 3349 honor
3665 3276 3860 3351 Sedis

1047 3402 1442 3500 Apostolice
1470 3419 1629 3469 cum
1665 3394 1869 3467 laude
1897 3394 2111 3467 vestri
2141 3393 2439 3465 nominis
2473 3404 2832 3488 augeatur.

1143 3528 1221 3603 ln
1270 3521 1595 3597 eumdem
1644 3540 1925 3591 sensum
1978 3517 2312 3611 scriptum
2361 3527 2468 3589 est
2505 3518 2828 3590 Romanis
2874 3516 2987 3615 (n⁰
3037 3519 3168 3618 40)
3217 3530 3289 3593 et
3329 3520 3564 3597 denuo
3613 3523 3853 3597 Siculis

1046 3655 1152 3753 (n⁰
1181 3651 1330 3744 tt),
1359 3665 1634 3719 necnon
1658 3642 2039 3715 fautoribus
2057 3639 2404 3712 Ecclesiae
2431 3641 2503 3711 in
2526 3641 2804 3733 Piceno,
2829 3642 3088 3715 ducatu
3110 3643 3486 3739 Spoletano
3512 3656 3585 3718 et
3613 3647 3853 3720 Tuscia

1043 3776 1159 3875 (n¹⁸
1196 3775 1288 3846 ⁴5
1323 3782 1394 3844 et
1427 3767 1575 3865 ⁴6),
1607 3767 1995 3860 iterumque
2027 3764 2195 3860 ipsis
2225 3763 2693 3836 cardinalibus
2725 3761 2831 3860 (n⁰
2857 3763 3008 3861 22).

1144 4227 1568 4313 Fridericus
1584 4287 1608 4333 ,
1654 4223 2176 4307 Romanorum
2229 4222 2670 4332 imperator,
2722 4222 3025 4305 cuidam
3088 4221 3582 4306 Alemanniae
3626 4221 3847 4333 prin-

907 4341 973 4352 ..
1038 4361 1186 4471 cipi
1232 4360 1353 4471 (1)
1404 4357 1663 4442 scribit
1705 4358 1915 4467 quod
1961 4355 2313 4439 Conrado
2356 4354 2875 4439 Romanorum
2919 4353 3082 4464 regi
3131 4353 3290 4439 filio
3343 4380 3486 4438 suo
3540 4354 3844 4438 viriliter

1103 4668 1177 4745 (t)
1213 4665 1444 4735 Scilicet,
1472 4670 1533 4722 ut
1553 4662 1814 4736 suspicari
1844 4660 1986 4733 licet,
2013 4660 2137 4718 duci
2162 4660 2408 4719 Austriae
2429 4659 2515 4717 vel
2547 4659 2816 4718 navariae.
