4364 5738
691 2567 910 2622 tuarum

1008 606 1130 669 266
2002 595 2431 672 annmcl
2480 608 2826 671 secono!
3444 607 3608 691 [An.
3643 608 3820 684 1245,

1005 740 1420 815 Bertholdus
1446 742 1837 838 patriarcha
1865 740 2407 837 Aquilegiensis,
2437 744 2763 817 Nicolaus
2788 741 3350 838 archiepiscopus
3375 744 3820 841 Tarentinus·²

1009 866 1280 938 Ulricus
1318 865 1685 961 episcopus
1727 867 2170 958 Tergestinus
2189 920 2210 958 ,
2256 866 2614 939 odorisius
2663 868 3029 963 episcopus
3070 867 3493 939 Marsicanus
3511 920 3534 954 ,
3585 868 3824 940 Fride‘·

1010 989 1196 1061 ricus
1247 986 1429 1060 filius
1476 990 1830 1082 quondam
1881 989 2157 1061 Henrici
2217 990 2504 1063 illustris
2556 991 2739 1084 regis
2783 992 3251 1064 Romanorum
3301 985 3393 1064 et*
3424 991 3828 1064 Fredericus

1009 1111 1193 1184 filius
1217 1111 1499 1183 illustris
1524 1113 1706 1204 regis
1733 1112 2025 1185 Castelle
2042 1165 2062 1202 ,
2092 1112 2473 1187 Richardus
2496 1135 2730 1187 comes
2755 1115 3165 1187 casertanus
3183 1168 3203 1204 ‚
3237 1113 3563 1207 magister
3586 1115 3829 1188 Petms

1010 1236 1103 1309 de
1132 1236 1388 1326 Vinea,
1426 1235 1754 1328 magister
1778 1235 2148 1308 Thaddeus
2179 1237 2269 1309 de
2301 1238 2551 1309 Suessa
2571 1292 2592 1330 ,
2634 1247 2707 1309 et
2743 1237 2861 1310 alii
2896 1238 3372 1332 quamplures.

1107 1358 1283 1432 Acta
1319 1369 1483 1432 sunt
1514 1359 1648 1430 hec
1678 1381 1864 1431 anno
1895 1360 2241 1432 dominice
2266 1360 2760 1433 incarnationis
2779 1362 2875 1433 M.
2893 1361 3017 1434 CC.
3036 1362 3238 1452 XLV,
3273 1381 3511 1432 mense
3537 1360 3824 1452 martio,

1015 1482 1225 1555 tercie
1295 1483 1692 1555 indictionis
1714 1536 1735 1574 ,
1811 1482 2197 1578 imperante
2265 1483 2550 1557 domino
2621 1493 2860 1556 nostro
2922 1483 3271 1557 Friderico
3338 1477 3828 1576 gloriosissimo

1012 1599 1480 1678 Romanorum
1545 1606 1962 1699 imperatore
2022 1627 2299 1700 semper
2350 1616 2685 1699 angustO,
2748 1607 3128 1680 Jerusalem
3191 1616 3263 1678 et
3324 1606 3549 1678 Sicilie
3615 1627 3826 1699 rege,

1013 1730 1305 1804 Romani
1360 1729 1631 1824 imperii
1686 1730 1838 1820 ejus
1886 1750 2073 1801 anno
2117 1730 2448 1802 vicesimo
2491 1730 2736 1822 quinto
2758 1782 2779 1821 ,
2827 1731 3025 1824 regni
3083 1732 3457 1803 Ierusalem
3502 1730 3829 1803 vicesimo

1015 1852 1279 1948 primo,
1312 1852 1507 1942 regni
1542 1872 1713 1923 vero
1740 1852 1970 1924 Sicilie
2005 1852 2535 1946 quadragesimo
2566 1854 2884 1948 septimo,
2924 1853 3263 1925 Feliciter.
3295 1854 3544 1925 Amen.

1113 1976 1365 2048 Datum
1395 1975 1638 2068 Fogie‚
1678 1996 1903 2068 anno,
1943 1997 2182 2048 mense
2216 1986 2287 2048 et
2319 1976 2691 2048 indictione
2724 1976 3137 2072 prescriptis.

1126 2548 1590 2650 FridericuS,
1632 2549 2151 2632 Romanorum
2188 2547 2626 2657 imperator,
2668 2546 2930 2629 scribit
2962 2572 3205 2656 papae
3246 2573 3328 2630 se
3361 2545 3833 2657 patriarchae

1021 2680 1488 2763 Antiocheno
1540 2679 2040 2763 confidentem
2094 2679 2230 2788 qui
2277 2680 2484 2788 pacis
2519 2679 2879 2762 fiduciam
2928 2679 3399 2789 aliquamdiu
3448 2678 3829 2762 turbatam

1019 2839 1114 2898 ex
1162 2825 1377 2923 parte
1422 2812 1830 2923 apostolica
1866 2811 2180 2915 obtulit,
2227 2813 2326 2896 ad
2363 2838 2540 2896 eum
2589 2811 2886 2895 mittere
2921 2812 3373 2922 magistrum
3409 2810 3831 2895 Theutoni-

1019 2973 1287 3032 corum
1323 2948 1421 3029 de
1455 2946 1658 3029 bono
1695 2946 1901 3055 pacis
1935 2956 2012 3027 et
2045 2946 2353 3055 negotio
2388 2946 2661 3027 Terrae
2698 2945 3016 3028 Sanctae
3051 2956 3573 3028 tractaturum.

1185 3161 1453 3240 (Edidcr.
1484 3160 1790 3220 Manus
1821 3166 1882 3219 et
1911 3159 2202 3237 Duum),
2231 3156 2763 3239 Amplissmollect„
2790 3166 2837 3220 t.
2868 3160 2952 3231 11,
2982 3162 3096 3221 col.
3134 3168 3306 3232 1136,
3326 3170 3395 3220 n⁹
3416 3162 3492 3221 11.
3514 3159 3827 3231 —Pmrrz,

1261 3267 1524 3326 Monam.
1565 3264 1751 3326 Germ.
1784 3263 2015 3339 histor„
2049 3272 2093 3326 t.
2129 3265 2236 3340 IV,
2259 3282 2320 3342 p.
2346 3275 2485 3327 353.
2516 3266 2666 3328 Coll.
2696 3282 2832 3327 cum
2858 3266 2991 3327 cod.
3020 3265 3174 3328 Bibl.
3205 3267 3397 3327 Cesar.
3430 3262 3833 3349 Paris.‚sonds

1261 3369 1740 3437 Saint-Gemtain
1766 3368 2015 3449 Harlay,
2044 3381 2113 3430 n⁰
2140 3379 2283 3450 455,
2312 3387 2450 3449 pars
2474 3370 2553 3449 Ι.)

1074 3616 1079 3621 .
1119 3559 1505 3633 Fridericus
1555 3579 1772 3653 pape,
1830 3567 1963 3630 etc.
2022 3558 2259 3629 Illuxit
2301 3559 2538 3650 nobis,
2602 3558 3157 3631 reverentissime
3212 3567 3435 3653 pater,
3487 3557 3684 3629 velut
3739 3531 3834 3628 eit

1023 3684 1325 3779 quadam
1366 3683 1554 3754 nube
1596 3682 1965 3771 serenitas,
2008 3692 2080 3754 et
2118 3682 2490 3754 obductam
2531 3703 2625 3754 ex
2662 3682 2936 3754 noviter
2970 3682 3527 3775 contingentibus
3562 3700 3837 3777 proces-

1022 3809 1216 3882 sibus
1266 3807 1658 3881 desiderate
1707 3805 1896 3900 pacis
1940 3806 2274 3900 eclypsim
2326 3804 2524 3877 firma
2572 3804 2829 3878 fiducia
2879 3826 3004 3899 per
3047 3806 3514 3878 venerabilem
3564 3812 3835 3899 patrem

1021 3934 1109 4008 A.
1152 3931 1618 4029 patriarcham
1663 3928 2170 4001 Antiochenum
2219 3930 2421 4001 nobis
2461 3930 2696 4001 oblata
2740 3928 3010 4001 reducit
3047 3928 3121 4000 in
3158 3931 3411 4001 lucem.
3447 3928 3617 4000 Cum
3648 3925 3835 4001 enim

1021 4056 1485 4154 pa-trIarcham
1528 4053 1853 4126 eumdem
1884 4053 1976 4123 ab
2014 4062 2305 4148 experta
2337 4052 2729 4124 sinceritate
2774 4051 3181 4124 fidissimum
3218 4063 3289 4124 et
3321 4074 3364 4124 a
3403 4051 3628 4144 longis
3651 4058 3837 4122 retro

1023 4179 1455 4274 temporibus
1481 4176 1684 4248 nobis
1710 4175 2117 4270 precipuum
2143 4184 2546 4269 reputemus
2571 4176 2869 4248 amicum
2885 4229 2905 4266 ‚
2938 4177 3028 4251 ab
3056 4176 3205 4270 ipso
3234 4174 3461 4270 decipi
3482 4172 3584 4269 (a)
3611 4172 3839 4244 nulla-

1025 4310 1231 4395 tenus
1274 4301 1725 4374 formidamus
1762 4299 1884 4392 qui
1927 4292 2130 4370 nobis
2177 4298 2705 4371 indubitabilem
2754 4298 2957 4371 offert
3009 4299 3101 4370 de
3146 4308 3378 4371 vestra
3423 4295 3842 4392 paternitate

1028 4424 1353 4498 fiduciam
1373 4476 1393 4513 ‚
1426 4423 1616 4517 quod
1646 4444 1778 4495 nos
1805 4421 1984 4495 filios
2018 4432 2291 4495 vestros
2324 4420 2421 4518 (b)
2454 4423 2741 4495 sinceris
2770 4422 3128 4495 affectibus
3164 4422 3448 4515 diligere
3486 4419 3835 4507 debeatis;

1112 4611 1196 4692 (a)
1239 4610 1415 4688 Apud
1443 4611 1613 4670 Pertz
1638 4610 1844 4688 recipi,
1875 4611 2051 4671 male.

1108 4716 1191 4798 (b)
1235 4716 1461 4777 Ibidem
1490 4712 1723 4793 etfilios
1747 4722 1988 4777 nostros.
