4364 5738
1009 577 1132 640 536
2005 573 2430 637 FRIDERICI
2479 574 2821 638 sEcunm
3446 575 3611 658 [Ami.
3646 575 3826 639 1247.

1011 710 1240 794 nibus
1283 710 1589 794 Gallicis
1636 710 1769 819 qui
1815 734 1990 793 eum
2028 707 2525 817 expectabant
2560 708 2975 791 locuturuS.
3025 707 3367 790 chronic.
3410 712 3501 790 de
3537 711 3694 790 reb.
3747 709 3830 791 in

1009 847 1189 927 Ital.
1225 857 1441 953 qest„
1480 871 1559 952 p.
1596 845 1783 924 210.
1806 890 1914 904 —
1944 843 2040 926 Et
2075 842 2208 926 ivit
2235 842 2653 925 Taurinum
2681 842 3047 924 festinans
3076 852 3162 924 ut
3193 841 3333 924 iret
3367 843 3829 952 Lugdunum

1011 978 1109 1059 ad
1160 976 1560 1059 dominum
1617 1002 1934 1086 papam,
2003 987 2076 1059 et
2132 977 2527 1060 dicebatur
2582 978 2788 1086 quod
2855 978 2954 1058 ad
3013 976 3453 1058 instantiam
3508 976 3831 1060 faciebat

1011 1108 1300 1191 domini
1357 1109 1559 1218 regis
1607 1110 2075 1193 Francorum
2132 1121 2217 1192 ut
2273 1136 2425 1191 non
2475 1110 2966 1218 impediretur
3014 1118 3317 1219 propter
3369 1110 3827 1193 discordiam

1011 1242 1454 1355 passagium
1490 1243 1727 1352 ipsius
1763 1242 1993 1351 regia.
2038 1246 2300 1325 Annal.
2347 1251 2734 1350 Genumw„
2783 1271 2906 1352 ap.
2948 1243 3363 1351 Mnaarom,
3412 1244 3822 1354 Scriptoru,

1013 1389 1070 1459 t.
1123 1376 1261 1484 VI,
1300 1402 1377 1484 p.
1423 1378 1609 1456 511.
1652 1423 1759 1436 —
1804 1376 1970 1458 Ibat
2030 1377 2234 1457 enim
2284 1377 2747 1484 Lugdunum
2801 1386 2887 1458 ut
2937 1386 3234 1485 caperet
3286 1377 3709 1459 cardinales
3754 1386 3830 1459 et

1012 1534 1289 1618 papam
1313 1572 1336 1617 ,
1398 1519 1473 1591 et
1542 1518 1770 1617 prout
1840 1509 2116 1591 dicitur
2181 1509 2458 1618 aliquis
2536 1510 2987 1618 promiserat
3056 1510 3478 1593 Romanam
3534 1512 3824 1593 curiam

1013 1643 1310 1725 tradere
1346 1641 1424 1722 in
1462 1667 1740 1725 manus
1775 1642 2041 1752 ipsiuS.
2087 1643 2537 1748 Summus,
2584 1643 2962 1753 chronic„
3003 1643 3139 1727 fol.
3184 1644 3366 1726 288.

1119 2164 1603 2248 Innocentius
1639 2192 1836 2276 papa
1873 2165 2130 2250 abbati
2175 2165 2744 2250 Windocinensi
2781 2167 3098 2247 mandat
3145 2164 3359 2275 quod
3411 2189 3588 2247 cum
3638 2161 3824 2245 Fri-

1014 2297 1341 2407 dericuS,
1380 2298 1899 2383 Romanorum
1938 2302 2381 2411 imperator,
2422 2300 2754 2383 fautores
2793 2325 2970 2382 suos
3009 2300 3212 2409 apud
3252 2297 3827 2382 Camberiacum

1012 2432 1572 2538 convocaverit,
1630 2459 1806 2516 cum
1860 2433 2046 2542 ipsis
2113 2434 2289 2517 inde
2346 2433 2808 2544 Lugdunum
2862 2432 3379 2543 profecturuS,
3434 2435 3597 2541 ipse
3648 2457 3825 2514 cum

1012 2564 1180 2648 aliis
1236 2565 1525 2651 devotis
1584 2577 1889 2677 propter
1946 2568 2144 2651 hanc
2204 2569 2674 2653 vocationem
2723 2565 3143 2675 plurimum
3198 2565 3571 2648 Ecclesiae
3631 2590 3820 2646 sus-

877 2819 889 2832 ·
1012 2711 1345 2808 pectam,
1389 2701 1488 2781 ad
1522 2701 1859 2810 primum
1898 2701 2631 2784 nuntium‘celeriter
2665 2701 2839 2784 Sedi
2877 2698 3353 2808 Apostolicae
3397 2698 3817 2782 subveniat.

1179 2917 1425 2998 (Inedit.
1470 2935 1546 2978 ex
1587 2919 1858 2997 originali
1898 2917 2062 2979 bulla
2103 2935 2212 2980 sua
2240 2918 2513 2996 plumbea
2552 2921 2815 2998 munito,
2858 2919 2922 2977 in
2949 2915 3103 2979 Bibl.
3141 2915 3337 2978 Cesar.
3370 2917 3586 2991 Paris„
3615 2911 3827 2975 Raida

1251 3022 1745 3102 saint-Genuam,
1777 3033 1914 3097 966,
1949 3036 2012 3084 η’
2041 3022 2171 3103 20.)

1107 3210 1550 3284 Innocentius
1583 3210 1983 3306 episcopus,
2022 3232 2267 3284 servus
2303 3233 2660 3284 servorum
2692 3212 2858 3304 Dei,
2895 3211 3150 3286 dilecto
3180 3211 3324 3285 filio
3354 3211 3591 3283 abbati
3620 3209 3825 3282 Win-

1012 3335 1371 3409 docinensi
1419 3336 1837 3408 Senoneusis
1891 3336 2188 3409 diocesis
2246 3338 2540 3409 salutem
2599 3347 2670 3409 et
2721 3337 3170 3432 apostolicam
3237 3335 3815 3409 benedictionem.

1012 3461 1352 3533 Turbator
1383 3461 1598 3533 seculi
1628 3447 1700 3532 et
1730 3472 2135 3556 persecutor
2163 3462 2469 3534 Ecclesie
2503 3461 2907 3534 Fredericus
2940 3460 3294 3554 quondam
3331 3461 3704 3554 imperator
3733 3458 3823 3530 ad

1011 3585 1142 3660 hoc
1190 3586 1297 3659 sui
1351 3586 1535 3659 vires
1588 3597 2001 3658 convertens
2046 3586 2305 3677 ingenii
2354 3595 2435 3657 ut
2478 3607 2686 3659 omne
2737 3586 2949 3659 robur
2995 3585 3456 3672 ecclesiastice
3508 3583 3826 3656 detrahat

1010 3709 1347 3800 libertati,
1387 3710 1730 3782 universis
1772 3710 2153 3782 fautoribus
2189 3711 2332 3782 suis
2368 3710 2603 3801 dirigit
2643 3710 2906 3781 litteras
2958 3710 3391 3782 continentes
3424 3708 3615 3801 quod
3648 3707 3822 3778 infra

1011 3834 1409 3930 quindecim
1456 3834 1605 3906 dies
1652 3845 1811 3929 post
1854 3845 2136 3907 octavas
2175 3837 2613 3908 Pentecostes
2647 3835 3066 3929 presentiam
3091 3835 3259 3926 ejus
3299 3833 3487 3928 apud
3533 3832 3820 3904 Cambe-

1012 3961 1272 4033 riacum
1301 3981 1462 4030 cum
1495 3958 1704 4029 armis
1736 3959 2114 4048 adeant,ut
2138 3982 2298 4031 cum
2327 3959 2491 4054 ipsis
2517 3959 2926 4051 Lugdunum
2957 3958 3193 4031 veniat
3219 3980 3294 4029 se
3323 3980 3364 4029 a
3392 3978 3517 4029 sua
3546 3955 3821 4026 infamia

1013 4094 1457 4180 purgaturuS.
1495 4085 1640 4155 Hoc
1674 4083 1729 4154 si
1763 4084 2045 4175 quidem
2073 4084 2126 4155 si
2160 4084 2471 4155 veritatis
2501 4083 2922 4154 evidentiam
2947 4083 3058 4155 vel
3088 4083 3331 4156 saltem
3359 4081 3821 4171 conjecturam

1012 4209 1440 4303 probabilem
1484 4207 1904 4296 contineret,
1945 4208 2016 4278 in
2055 4208 2320 4299 grande
2364 4208 2567 4279 nobis
2609 4207 2941 4299 gaudium
2977 4217 3394 4296 verteretur,
3439 4226 3598 4277 cum
3627 4203 3821 4275 beni-

1012 4332 1240 4425 gnitas
1281 4333 1676 4428 Apostolice
1722 4332 1920 4405 Sedis
1970 4342 2133 4406 tunc
2186 4332 2616 4428 potissimum
2673 4332 3173 4405 exultationem
3224 4332 3295 4403 in
3345 4333 3492 4403 Deo
3542 4327 3822 4400 salutari

1013 4456 1359 4551 concipiat
1409 4457 1689 4549 quando
1746 4466 2058 4528 errantes
2110 4465 2184 4529 et
2232 4456 2714 4548 delinquentes
2757 4454 2877 4526 filii
2921 4458 3072 4548 ejus
3119 4455 3515 4528 desiderant
3560 4452 3821 4546 gremio

1013 4580 1391 4655 confoveri.
1442 4581 1622 4652 Saue
1669 4581 1961 4654 diversis
2007 4603 2099 4653 ex
2150 4581 2376 4652 causis
2422 4580 2509 4653 de
2554 4579 2948 4672 hujusmodi
3001 4580 3363 4652 vocatione
3408 4577 3822 4674 presumitur

1013 4708 1203 4802 quod
1238 4706 1328 4781 de
1368 4704 1606 4799 iniquo
1647 4706 1856 4780 corde
1894 4705 2187 4801 prodeat
2229 4715 2299 4777 et
2336 4704 2775 4798 suggestione
2805 4725 3133 4801 perversa
3174 4703 3504 4801 procedat
3538 4729 3557 4774 ε
3603 4701 3824 4797 prima
