4364 5738
723 4330 981 4406 septembri.

1092 573 1220 636 354
2093 576 2523 638 niuniel
2573 574 2922 638 secuxm
3528 571 3697 649 [Au.
3731 569 3901 631 utu.

1084 711 1375 803 justitia.
1413 711 1757 783 Pres'eutis
1784 712 2124 806 privilegii
2157 722 2397 786 tenore
2428 713 2840 787 mandantes
2867 719 3212 803 quatenus
3238 707 3475 778 nullus
3505 707 3684 798 dux,
3721 726 3900 778 mar·

1094 835 1278 924 chio,
1313 835 1663 930 princeps,
1695 837 1990 927 legatus,
2028 836 2365 928 vicarius,
2395 859 2665 927 comes,
2705 836 3129 922 vicecomes,
3158 832 3596 927 capitaneus,
3628 840 3757 901 aut
3781 849 3904 924 po-

1095 968 1308 1030 testas
1343 968 1413 1029 et
1447 960 1639 1030 nulla
1678 960 1814 1030 alia
1854 982 2155 1054 persona
2196 962 2338 1033 alta
2380 963 2496 1034 vel
2541 959 2855 1048 humilis,
2890 955 3353 1030 ecclesiastica
3388 955 3505 1027 vel
3541 954 3901 1045 secularis,

1090 1091 1335 1153 contra
1373 1081 1714 1174 presentis
1757 1083 2100 1177 privilegii
2144 1093 2458 1156 tenorem
2499 1104 2868 1156 commune
2897 1081 3124 1177 ipsum
3155 1088 3229 1151 et
3258 1077 3641 1170 singulares
3668 1095 3903 1172 perso-

1091 1225 1220 1276 nas
1251 1226 1461 1299 super
1494 1205 1774 1278 datione
1811 1226 1893 1278 ac
1924 1207 2372 1280 concessione
2415 1206 2741 1302 predictis
2781 1215 3042 1278 temere
3086 1201 3425 1297 impedire
3472 1220 3597 1272 seu
3633 1210 3902 1295 pertur-

1090 1325 1259 1398 bare
1315 1337 1689 1420 presumat.
1739 1329 1943 1412 Quod
1992 1330 2115 1423 qui
2178 1329 2672 1425 presumpserit
2719 1337 2949 1424 preter
3007 1323 3552 1418 indignationem
3597 1333 3899 1395 nostram

1090 1470 1305 1543 quam
1337 1471 1412 1521 se
1444 1452 1718 1522 noverit
1753 1450 2191 1525 incursurum
2214 1506 2233 1544 ,
2290 1465 2566 1525 centum
2603 1453 2813 1524 libras
2851 1450 3005 1523 auri
3036 1449 3280 1544 optimi
3310 1469 3491 1543 pene
3522 1447 3801 1519 nomine
3827 1467 3898 1518 se
4031 1540 4040 1554 ἱ

1093 1573 1634 1666 compositurum
1669 1585 2033 1666 agnoscat,
2070 1598 2368 1668 quarum
2407 1576 2854 1648 medietatem
2894 1591 3167 1645 camere
3201 1580 3437 1643 nostre
3468 1579 3542 1642 et
3569 1569 3896 1662 reliquam

1092 1692 1417 1785 injuriam
1444 1696 1662 1789 passis
1690 1699 2036 1770 exsolvat.
2072 1698 2188 1770 Ad
2218 1698 2428 1791 hujus
2463 1699 2698 1791 itaque
2740 1696 3039 1769 dationis
3069 1704 3141 1767 et
3167 1693 3636 1766 concessionis
3670 1702 3896 1764 nostre

1095 1818 1498 1889 memoriam
1541 1830 1613 1891 et
1655 1821 1869 1891 robur
1908 1831 2247 1915 perpetuo
2285 1822 2696 1910 valiturum,
2729 1840 3015 1914 presens
3059 1817 3493 1920 privilegium
3543 1811 3802 1911 [scribi]
3831 1824 3897 1885 et

1094 1940 1283 2011 bulla
1313 1961 1526 2013 aurea
1556 1942 1801 2037 tipario
1830 1954 2067 2015 nostre
2099 1944 2477 2035 majestatis
2508 1943 2842 2038 impressa
2861 1941 3193 2033 jussimus
3221 1938 3657 2013 communiri.

1189 2065 1410 2155 Hujus
1435 2065 1536 2135 rei
1568 2075 1776 2138 testes
1802 2076 1965 2137 sunt
1989 2067 2284 2139 dilectus
2309 2065 2491 2139 iilius
2518 2076 2754 2139 noster
2777 2065 3112 2138 Heuricus
3136 2064 3417 2136 illustris
3442 2084 3568 2134 rex
3591 2060 3892 2133 Sardinie

1088 2197 1162 2258 et
1187 2188 1366 2259 sacri
1396 2188 1661 2283 imperii
1696 2189 1767 2260 in
1795 2190 1988 2262 Italia
2026 2192 2294 2283 legatus
2323 2191 2700 2281 generalis,
2736 2189 3068 2261 Ricardus
3099 2208 3332 2260 comes
3358 2188 3669 2274 Caserte,
3706 2187 3890 2257 Man·

1088 2311 1327 2382 fredus
1352 2311 1661 2384 marchio
1687 2314 1981 2403 Lancee,
2015 2315 2258 2385 Petrus
2288 2313 2378 2386 de
2409 2313 2744 2403 Calabria,
2775 2313 3071 2385 Ubertus
3102 2309 3408 2382 marchio
3442 2308 3888 2397 pelavicinus,

1089 2434 1417 2525 magister
1447 2437 1688 2507 Petrus
1715 2436 1803 2508 de
1822 2437 2039 2508 Vinea
2066 2448 2136 2508 et
2163 2437 2486 2509 Taddens
2513 2438 2602 2508 de
2628 2437 2878 2508 Suessa
2904 2436 3094 2508 curie
3124 2442 3359 2506 nostre
3378 2432 3678 2524 judices,
3694 2430 3890 2503 etalii

1090 2559 1561 2651 quamplures.

1088 2803 1425 2898 peratoris
1459 2825 1734 2899 semper
1761 2803 2064 2896 augusti,
2095 2806 2474 2877 Jerusalem
2507 2814 2578 2877 et
2608 2805 2834 2877 Sicilie
2866 2804 3072 2898 regiS.

1185 2925 1359 2998 Acta
1383 2937 1545 2998 sunt
1576 2927 1706 2999 hec
1732 2948 1919 2999 anuo
1944 2928 2290 2999 dominice
2320 2928 2809 3000 iucarnationis
2836 2927 3198 2999 millesimo
3230 2926 3706 2999 ducentesimo
3726 2944 3889 3016 qua·

1090 3048 1478 3140 dragesimo
1514 3050 1790 3141 quinto,
1828 3072 2067 3122 mense
2102 3050 2549 3146 septembris,
2588 3061 2835 3144 quarte
2883 3051 3308 3141 indictionis,
3344 3051 3729 3145 imperante
3767 3048 3885 3119 do·

1088 3170 1280 3242 mino
1326 3180 1564 3242 nostro
1608 3170 1971 3243 Frederico
2010 3173 2135 3243 Dei
2178 3173 2401 3265 gratia
2445 3172 2938 3297 gloriosissimo
2981 3176 3443 3246 Romanorum
3485 3173 3886 3267 immi-sture

1090 3312 1367 3387 semper
1393 3295 2113 3385 augusto‚1erusalem
2132 3306 2206 3367 et
2235 3296 2463 3366 Sicilie
2493 3284 2683 3387 re‘ge,
2702 3295 2972 3389 imperii
2992 3318 3161 3368 vero
3183 3297 3335 3388 ejus
3353 3316 3545 3368 anno
3572 3296 3887 3367 vicesimo

1086 3416 1361 3509 quinto,
1396 3417 1592 3508 regni
1620 3418 1999 3489 Jerusalem
2028 3418 2361 3491 vicesimo
2396 3418 2647 3513 primo,
2685 3419 2882 3511 regui
2907 3440 3076 3491 vero
3107 3418 3336 3491 Sicilie
3363 3418 3884 3512 quadragesimo

1085 3540 1407 3636 septim0,
1435 3540 1749 3630 feliciter,
1774 3556 2006 3612 amen.

1184 3666 1438 3737 Datum
1470 3664 1741 3754 Parme,
1774 3685 1989 3753 auno,
2030 3684 2270 3736 meuse
2299 3673 2369 3735 et
2396 3663 2770 3737 indictione
2803 3664 3198 3761 prescriptis
3230 3662 3357 3760 (a).

1195 4277 1615 4359 Fridericus
1632 4332 1658 4381 ,
1713 4276 2230 4358 Romanorum
2280 4276 2728 4384 imperator,
2783 4276 2881 4356 ad
2931 4274 3558 4383 supplicationem
3613 4270 3879 4354 civium

1084 4407 1655 4512 Parmensium,
1710 4407 1823 4489 eis
1876 4418 2218 4516 patentes
2278 4408 2567 4492 litteras
2623 4407 2968 4518 indulget
2985 4468 3011 4516 ,
3076 4407 3358 4517 quibus
3415 4405 3610 4488 fines
3665 4398 3878 4486 castri

1164 4650 1248 4730 (a)
1287 4651 1360 4710 Iu
1388 4651 1670 4723 impresso
1685 4649 2067 4727 presentibus.
