4364 5738
522 576 726 636 labier.
756 572 850 658 4.]
1415 573 1810 637 HISTORIA
1859 574 2450 638 mPLOMA'rch.
3223 576 3364 639 435.

523 716 599 789 et
632 705 1045 789 Riccardus
1082 704 1399 790 Gentilis
1446 706 1869 816 proditores
1918 706 2395 817 imperatoris
2433 705 2532 791 ab
2580 707 2848 792 eodem
2886 709 3347 793 monasterio

524 848 931 923 tenuerunt
965 838 1046 920 in
1081 837 1329 922 Ebulo
1364 848 1440 920 et
1474 837 1741 950 Dyano
1758 900 1782 945 ,
1822 839 2197 923 restituat.

660 1039 883 1116 ⁴(Ined.
917 1057 995 1100 ex
1021 1039 1249 1101 archiv,
1281 1046 1540 1100 monast.
1560 1041 1839 1119 cavens„
1867 1056 2007 1101 arca
2030 1038 2264 1119 LVIII,
2294 1048 2360 1099 n⁰
2388 1046 2491 1114 48,
2522 1038 2764 1118 origin.)

618 1214 697 1286 In
735 1214 1017 1287 nomine
1050 1212 1325 1286 Domini
1366 1212 1494 1285 Dei
1529 1213 1753 1285 eterni
1796 1225 1868 1285 et
1911 1211 2288 1287 Salvatoris
2323 1212 2542 1284 nostri
2574 1211 2785 1285 Jeshu
2818 1212 3065 1286 Christi
3084 1267 3107 1305 ,
3154 1235 3342 1289 anno

523 1337 615 1410 ab
640 1337 1117 1410 incarnatione
1152 1336 1303 1428 ejus
1332 1335 1700 1408 millesimo
1732 1335 2211 1409 ducentesimo
2243 1334 2772 1429 quadragesimo
2808 1345 3012 1410 sexto
3039 1346 3111 1408 et
3148 1338 3338 1410 vice·

523 1461 699 1534 simo
736 1471 939 1533 sexto
983 1480 1170 1532 anno
1226 1459 1496 1555 imperii
1540 1459 1803 1532 domini
1846 1459 2066 1532 nostri
2107 1459 2436 1532 Friderici
2478 1459 2948 1552 gloriosissimi
2993 1463 3338 1535 Romano·

524 1607 680 1657 rum
715 1582 1151 1678 imperatoris
1174 1604 1448 1677 semper
1479 1583 1751 1676 augusti
1773 1636 1794 1673 ,
1833 1582 2213 1655 Jerusalem
2255 1592 2328 1655 et
2369 1581 2598 1654 Sicilie
2635 1582 2818 1676 regis
2836 1635 2857 1673 ,
2904 1583 3020 1658 die
3062 1586 3339 1657 veneris

525 1707 740 1779 tercio
771 1706 1044 1779 decimo
1071 1704 1264 1796 julii,
1297 1713 1543 1798 quarte
1578 1704 1996 1778 indictionis.
2039 1705 2178 1777 Nos
2200 1704 2429 1797 judex
2460 1704 2608 1797 Ugo
2640 1705 2730 1776 de
2779 1706 2998 1778 Sarno
3042 1715 3340 1779 statutus

523 1849 737 1925 super
779 1827 1120 1900 demaniis
1158 1837 1231 1900 et
1270 1827 1611 1900 revocatis
1656 1837 1729 1900 et
1756 1828 2067 1901 ecclesiis
2117 1827 2528 1900 vacantibus
2569 1827 3001 1923 Principatus
3044 1839 3116 1902 et
3157 1839 3339 1903 terre

522 1953 1010 2024 Beneventane
1030 2005 1051 2042 ,
1097 1952 1535 2047 presentibus
1565 1951 1929 2025 nobiscum
1951 1952 2302 2024 Robberto
2329 1951 2677 2024 Matalono
2715 1961 2789 2023 et
2829 1952 3110 2025 Andrea
3144 1953 3337 2046 judi·

522 2076 717 2147 cibus
748 2076 947 2148 Eboli
983 2088 1054 2148 et
1090 2077 1293 2149 Petro
1326 2076 1605 2171 puplico
1652 2076 1966 2169 ejusdem
2012 2084 2192 2146 terre
2243 2075 2550 2165 notario,
2588 2073 2861 2148 Matheo
2892 2077 3145 2149 clerico
3194 2075 3338 2149 filio

521 2199 875 2293 quondam
910 2199 1257 2271 Guillelmi
1289 2200 1526 2290 Fabri,
1564 2199 1777 2272 Paulo
1818 2198 2100 2294 Pipare,
2133 2197 2447 2270 Iohanne
2487 2208 2559 2269 et
2604 2197 2956 2271 Gotifredo
2992 2197 3152 2271 filiis
3186 2221 3336 2271 ma-

521 2323 716 2414 gistri
758 2323 1202 2396 Bonabertini
1222 2377 1243 2414 ,
1300 2322 1588 2395 testibus
1638 2322 2153 2396 subscribendis
2203 2322 2296 2395 ad
2345 2321 2479 2394 hoc
2529 2320 2787 2412 rogatis
2831 2330 2904 2393 et
2950 2321 3340 2416 specialiter

524 2447 922 2518 convocatis
972 2495 2697 2521 ......................
2751 2444 2943 2537 quod
2992 2444 3338 2540 dompnus

523 2569 874 2642 Iohannes
922 2569 1299 2642 monachus
1341 2581 1412 2640 et
1461 2569 1853 2664 prepositus
1897 2567 2292 2639 monasterii
2345 2566 2669 2639 Cavensis
2709 2566 3086 2660 assignavit
3138 2568 3339 2641 nobis

525 2693 862 2785 quasdam
901 2693 1175 2764 licteras
1211 2715 1304 2763 ex
1350 2702 1545 2787 parte
1576 2691 1827 2763 nobilis
1869 2690 1999 2762 viri
2040 2689 2303 2762 domini
2350 2689 2681 2762 Iohannis
2719 2691 2986 2762 Moreni
3031 2691 3340 2783 magistri

526 2815 990 2910 procuratoris
1026 2815 1215 2888 curie
1258 2815 1689 2912 Principatus
1729 2825 1800 2887 et
1845 2816 2052 2886 Terre
2101 2813 2422 2905 Laboris,
2473 2813 2696 2908 sigillo
2729 2814 3042 2907 ejusdem
3076 2815 3339 2889 domini

521 2938 854 3011 Johannis
884 2941 1249 3031 sigillatas,
1287 2961 1581 3032 quarum
1617 2938 2042 3011 continentia
2069 2959 2197 3032 per
2227 2937 2459 3009 omnia
2499 2936 2654 3008 talis
2684 2948 2876 3009 erat:

622 3062 954 3134 Prudenti
985 3063 1138 3133 viro
1159 3062 1379 3152 judici
1408 3062 1681 3153 Hugoni
1714 3061 1804 3134 de
1841 3062 2060 3132 Sarno
2093 3068 2351 3132 statuto
2382 3082 2593 3155 super
2619 3059 2981 3153 demaniis‚
3000 3062 3341 3135 revocatis

523 3194 595 3256 et
655 3183 964 3256 ecclesiis
1022 3183 1428 3255 vacantibus
1488 3184 1919 3278 Principatus
1968 3194 2039 3254 et
2099 3194 2281 3254 terre
2335 3184 2820 3255 Beneventane
2882 3184 3107 3257 amico
3170 3208 3334 3278 suo,

519 3305 871 3377 Iohannes
904 3305 1227 3376 Morenus
1274 3305 1598 3396 magister
1643 3314 2048 3399 procurator
2092 3304 2283 3374 curie
2315 3303 2388 3373 in
2424 3303 2816 3400 Principatu
2865 3314 2936 3376 et
2965 3307 3176 3379 Terra
3209 3308 3338 3379 La-

520 3428 713 3499 boris
746 3428 1038 3498 salutem
1080 3436 1153 3498 et
1185 3448 1493 3499 amorem
1530 3427 1900 3497 sincerum.
1935 3427 2179 3497 Sacras
2220 3425 2613 3519 imperiales
2649 3426 2913 3499 litteras
2953 3429 3340 3524 recepimus

522 3551 596 3621 in
639 3550 770 3622 hac
804 3550 1025 3623 forma
1060 3577 1077 3621 ε
1114 3550 1554 3638 Fredericus,
1594 3549 1723 3620 Dei
1757 3549 2013 3641 gratia,
2050 3558 2220 3638 etc.,
2268 3547 2564 3619 Iohanni
2604 3549 2925 3640 Moreno,
2981 3560 3114 3622 etc.
3169 3552 3337 3624 Cum

524 3675 850 3746 ecclesias
882 3674 1115 3746 Sancti
1149 3673 1399 3765 Angeli
1431 3672 1521 3744 de
1559 3672 1745 3744 Silva
1775 3673 1983 3764 Nigra
2025 3680 2098 3743 et
2127 3672 2360 3743 Sancti
2406 3671 2669 3743 Nicolai
2713 3671 2803 3744 de
2849 3673 3338 3747 Genestrusula

522 3820 682 3870 cum
714 3798 859 3870 suis
895 3797 1363 3892 pertinentiis,
1407 3795 1745 3890 quasdam
1783 3806 2000 3867 terras
2034 3818 2194 3866 cum
2227 3795 2428 3867 olivis
2460 3803 2531 3866 et
2561 3791 2896 3887 quasdam
2923 3796 3094 3867 alias
3122 3809 3339 3870 terras

525 3922 1016 4011 laboratorias,
1058 3932 1287 3993 ortum
1311 3919 1726 4014 quemdam,
1765 3919 2009 3991 domos
2045 3928 2116 3990 et
2146 3918 2389 3990 vineas
2428 3919 2596 3990 sitas
2620 3917 2691 3989 in
2731 3919 2954 3989 Ebulo
2991 3930 3062 3990 et
3094 3921 3338 4016 Dyano
3420 3914 3432 3930 ’

522 4066 696 4139 quas
728 4044 1099 4117 Riccardus
1131 4044 1221 4117 de
1257 4044 1642 4133 Fasanella,
1678 4040 1800 4113 filii
1834 4041 2186 4134 quondam
2216 4042 2470 4132 judicis
2501 4041 2682 4112 Petri
2717 4051 2788 4111 et
2812 4042 3216 4113 Guillelmus
3247 4045 3337 4116 de

521 4167 744 4238 Ebulo
762 4219 783 4257 ,
839 4167 1133 4240 Iacobus
1186 4166 1599 4238 Gentetorus
1650 4176 1722 4237 et
1762 4164 2135 4237 Riccardus
2182 4164 2471 4235 Gentilis
2493 4163 2609 4234 ·de
2658 4164 2902 4257 Dyano
2949 4166 3338 4258 proditores

519 4288 738 4360 nostri
779 4288 869 4360 de
910 4290 1329 4362 monasterio
1365 4288 1653 4361 Cavensi
1689 4288 2052 4375 tenebant,
2092 4285 2185 4357 ad
2214 4284 2789 4379 supplicationem
2835 4287 3174 4362 Leonardi
3207 4312 3333 4363 ve-

519 4411 847 4483 nerabilis
890 4413 1161 4483 abbatis
1207 4423 1278 4483 et
1333 4421 1719 4484 conventus
1768 4409 2080 4501 ejusdem
2136 4408 2534 4479 monasterii
2573 4418 2969 4481 nostrorum
3023 4411 3337 4486 fidelium

518 4534 749 4606 eidem
782 4534 1199 4606 monasterio
1231 4535 1526 4606 velimus
1557 4533 1822 4605 restitui
1859 4532 1948 4603 de
1981 4541 2218 4603 nostra
2243 4530 2465 4623 gratia
2501 4531 2819 4626 speciali3
2866 4533 3181 4608 fidelitati
3220 4548 3335 4610 tue

520 4656 969 4753 precipiendo
1007 4656 1417 4729 mandamus
1447 4656 1774 4752 quatinus
1812 4653 2139 4726 ecclesias
2174 4662 2246 4726 et
2276 4654 2412 4725 alia
2444 4653 2676 4728 omnia
2707 4656 2892 4728 bona
2939 4660 3337 4756 supradicta
