4364 5738
684 3315 907 3425 aas..

1050 588 1166 648 184
2042 589 2473 651 munnam!
2522 589 2867 651 ssscumm
3483 590 3648 669 [Asu.
3687 590 3861 652 1244.

1143 726 1367 817 Super
1405 722 1536 794 hiis
1577 745 1714 816 que
1755 724 2135 796 nobilitatis
2180 733 2412 796 vestre
2454 724 2678 795 littere
2716 723 3168 794 continebant
3209 723 3570 795 dominum
3614 745 3865 820 papam

1045 846 1390 918 adivimus
1434 847 1554 939 qui
1605 846 1694 918 de
1741 848 2127 920 venerabili
2182 857 2381 942 patre
2429 899 2931 918 .......
2984 845 3420 920 Antiocheno
3474 847 3865 943 patriarcba

1046 971 1405 1066 respondit
1442 992 1517 1042 se
1560 970 1845 1044 domino
1894 971 2295 1068 imperatori
2344 992 2472 1066 per
2520 971 2783 1042 litteras
2832 969 3296 1064 respondisse.
3343 973 3447 1043 De
3494 971 3865 1044 concordia

1043 1117 1213 1168 vero
1241 1117 1452 1190 quam
1483 1096 1697 1186 scitiS‚
1729 1097 1914 1168 idem
1949 1097 2275 1169 dominus
2300 1095 2580 1166 videtur
2612 1116 2755 1166 non
2786 1093 3074 1166 credere
3105 1094 3337 1165 verbis
3369 1106 3654 1190 propter
3685 1098 3863 1168 facta

1042 1220 1390 1292 contraria
1419 1242 1557 1313 que
1586 1221 1796 1291 sentit
1824 1222 1894 1291 in
1925 1221 2135 1292 Urbe.
2167 1223 2346 1291 Sane
2375 1220 2561 1290 bona
2586 1216 2724 1290 fide
2754 1217 3100 1310 loquimur
3118 1225 3188 1288 et
3216 1217 3287 1287 in
3315 1218 3613 1312 puritate
3635 1219 3862 1291 cordis

1041 1343 1411 1414 asserimus
1442 1343 1634 1437 quod
1666 1344 1786 1436 qui
1823 1344 2121 1415 consulit
2149 1343 2433 1415 domino
2467 1341 2865 1437 imperatori
2902 1342 3113 1412 Rome
3146 1339 3297 1411 fieri
3333 1364 3470 1435 que
3497 1342 3629 1412 sub
3664 1343 3859 1415 titulo

1042 1466 1341 1538 nominis
1383 1467 1488 1538 sui
1533 1465 1746 1557 fiunt,
1795 1478 1917 1538 aut
1959 1488 2084 1563 per
2126 1465 2585 1560 ignorantiam
2639 1465 2897 1537 fallitur
2936 1475 3060 1536 aut
3103 1487 3228 1560 per
3268 1466 3611 1538 maliciam
3659 1468 3849 1539 fallit.

1041 1593 1285 1661 Totum
1318 1590 1502 1660 enim
1538 1590 1849 1685 perditur
1876 1591 2209 1685 quicquid
2240 1591 2335 1661 ibi
2366 1590 2813 1686 expenditur,
2841 1600 2911 1660 et
2940 1590 3060 1683 qui
3089 1590 3163 1660 in
3190 1589 3571 1662 visceribus
3605 1591 3858 1662 stimu—

1041 1715 1188 1783 lant
1219 1715 1309 1784 ab
1346 1713 1604 1785 intimis
1645 1716 1858 1809 partis
1898 1716 2213 1810 opposite
2256 1724 2485 1786 motus
2522 1713 2904 1785 contrarios
2945 1714 3229 1785 eliciunt
3268 1723 3340 1784 et
3373 1724 3633 1785 acuunt
3673 1715 3743 1785 in
3782 1736 3853 1786 se

1040 1837 1248 1932 ipsos.
1284 1837 1650 1909 Videretur
1685 1838 1894 1930 igitur
1936 1839 2051 1909 via
2092 1838 2311 1910 nostri
2355 1838 2618 1910 consilii
2663 1848 2742 1908 ut
2782 1837 3124 1910 mediator
3161 1838 3435 1909 adesset
3481 1859 3608 1933 per
3651 1860 3852 1931 quem
3912 1829 3918 1836 ’

1039 1974 1425 2032 cessaretur
1457 1983 1496 2032 a
1531 1962 1782 2033 talibus
1812 1973 1882 2033 et
1909 1962 2005 2033 sic
2039 1963 2269 2034 aditus
2303 1962 2529 2057 pandi,
2552 1971 2785 2056 posset
2820 1960 2912 2033 ad
2942 1962 3206 2032 bonum
3241 1990 3258 2032 ε
3292 1961 3383 2033 ad
3415 1961 3608 2055 quod
3633 1961 3853 2034 domi-

1039 2109 1171 2156 nus
1221 2108 1402 2181 papa
1457 2087 1634 2157 sicut
1686 2086 2034 2158 credimus
2104 2087 2400 2156 libenter
2448 2095 2841 2178 assurgeret
2899 2094 3181 2180 propter
3240 2084 3624 2157 subsidium
3677 2095 3853 2158 terre

1037 2221 1273 2281 sancte
1308 2222 1378 2281 et
1405 2210 1669 2305 imperii
1698 2209 2902 2315 Constantinopolitanisuccursum,
2942 2230 3072 2280 nec
3110 2230 3250 2279 non
3284 2208 3588 2301 quietem
3619 2209 3852 2305 populi

1035 2334 1411 2405 christiani.
1463 2336 1642 2405 Sane
1678 2334 1810 2406 hiis
1847 2335 2094 2406 diebus
2134 2356 2275 2405 non
2322 2333 2662 2404 audemus
2702 2332 3017 2404 insistere
3066 2334 3360 2403 multum
3393 2331 3731 2424 consiliiS‚
3771 2356 3852 2406 eo

1033 2457 1225 2552 quod
1255 2458 1539 2551 quidam
1579 2481 1705 2530 nos
1746 2469 2046 2550 arguunt
2081 2458 2246 2550 quia
2287 2458 2359 2527 in
2396 2457 2806 2528 Lombardia
2851 2458 3145 2528 multum
3187 2458 3535 2528 ferventes
3562 2456 3848 2530 videba-

1035 2603 1191 2650 mur
1239 2580 1330 2651 ad
1377 2603 1656 2676 pacem,
1713 2591 1783 2651 et
1827 2579 2111 2673 quidem
2161 2579 2608 2652 tollerabilius
2658 2590 2765 2652 est
2816 2580 2905 2651 de
2940 2580 3128 2675 pacis
3170 2580 3458 2654 consilio
3506 2581 3850 2654 maliciose

1034 2702 1334 2773 morderi
1362 2725 1572 2796 quam
1607 2705 1695 2776 de
1727 2725 1977 2796 guerre
2011 2704 2376 2798 dispendio
2415 2703 2801 2798 periculose
2833 2704 3223 2800 dampnari.

1144 3293 1564 3375 Cardinalis
1616 3295 1929 3402 quidam
1994 3296 2418 3404 Frideri00‚
2476 3299 2996 3381 Romanorum
3052 3295 3534 3404 imperatori,
3591 3294 3849 3377 scribit

1033 3453 1128 3508 ne
1164 3438 1514 3535 procuret
1564 3427 2010 3509 scandalum
2053 3455 2231 3510 cum
2285 3429 2649 3512 Romanis
2707 3440 2973 3513 contra
3028 3427 3483 3534 Ecclesiam,
3534 3437 3845 3510 monet-

1030 3586 1180 3668 que
1235 3570 1320 3642 ut
1374 3560 1707 3642 fautores
1765 3560 2059 3642 dissidii
2114 3574 2544 3671 compescat
2612 3564 2708 3645 ad
2762 3562 3362 3647 conservandam
3424 3561 3721 3669 imperii
3775 3567 3846 3641 et

1029 3693 1405 3775 Ecclesiae
1448 3693 1836 3776 unionem.

1193 3909 1397 3988 (Edid.
1419 3908 1636 3979 mun,
1668 3905 1814 3969 Gau.
1839 3915 1945 3969 vet.
1977 3914 2033 3967 et
2058 3924 2171 3969 m.
2207 3926 2490 3984 nonum„
2526 3917 2570 3972 t.
2606 3911 2657 3985 1,
2699 3907 2898 3971 Thon.
2935 3911 3075 3990 Cap.
3107 3908 3341 3971 dictam·
3374 3909 3570 3990 epist..
3603 3925 3665 3985 p.
3699 3915 3841 3967 348-

1268 4023 1406 4077 349.
1437 4048 1517 4059 -
1544 4013 1693 4077 Coll.
1735 4031 1870 4075 cum
1898 4015 2031 4074 cod.
2073 4015 2218 4076 111111.
2252 4015 2447 4077 Cesar.
2484 4018 2699 4095 Paris.,
2730 4033 2859 4077 auc.
2872 4014 3056 4097 fonde
3083 4014 3267 4090 latin,
3297 4026 3363 4076 n⁰
3391 4023 3572 4087 8604,
3601 4013 3705 4073 fol.
3744 4021 3838 4088 ¹9,

1269 4119 1475 4198 recto.)

1125 4311 1432 4381 Mensam
1467 4308 1665 4379 vobis
1706 4307 1988 4401 benigni
2034 4308 2249 4402 patris
2281 4309 2719 4402 providentia
2761 4308 3038 4380 ordinat
3078 4319 3147 4380 et
3186 4308 3447 4379 fercula
3486 4304 3843 4376 suavitatis

1026 4432 1348 4528 apponit,
1394 4431 1808 4523 quibusdam
1844 4432 1917 4504 in
1958 4431 2410 4503 ministerium
2459 4432 2806 4528 deputatis
2845 4432 2963 4525 qui
3015 4433 3151 4503 mel
3196 4443 3264 4504 et
3313 4432 3417 4502 lac
3458 4428 3840 4501 secundum

1024 4559 1247 4629 Deum
1283 4575 1412 4649 pro
1450 4550 1649 4647 posse
1690 4554 2115 4647 ministrent,
2152 4556 2290 4627 mel
2335 4556 2407 4627 in
2445 4556 2728 4629 honoris
2769 4556 3138 4627 dulcedine
3181 4567 3251 4628 et
3288 4556 3394 4627 lac
3423 4554 3494 4625 in
3536 4551 3838 4648 plenitu-

1025 4682 1188 4755 dine
1227 4678 1440 4774 pacis.
1484 4677 1662 4747 Sane
1692 4679 1897 4769 juxta
1931 4678 2291 4773 prudentis
2332 4680 2693 4752 consilium
2733 4679 3009 4751 deceret
3045 4690 3114 4751 et
3147 4700 3271 4751 vos
3304 4677 3553 4750 similia
3587 4696 3836 4770 perpe·
