4364 5738
595 585 797 644 numer.
831 581 923 659 3.]
1150 636 1159 648 ,
1484 580 1880 642 fflsronm
1930 577 2524 643 DlpLOMATch.
3297 564 3416 648 297

597 716 772 787 nulli
810 716 993 787 locet
1020 735 1142 787 seu
1175 714 1488 785 conferat
1526 714 1659 785 nisi
1706 736 1823 788 eas
1862 715 2056 811 prius
2100 715 2518 787 conduxerit
2546 737 2588 787 a
2621 702 2800 787 duce
2831 714 3106 788 Austrie
3150 739 3415 790 memo·

599 816 784 929 rato;
823 824 1020 929 cujus
1051 836 1474 909 contrarium
1503 836 1560 907 si
1588 837 1854 929 fecerit,
1882 837 2128 908 eadem
2159 837 2364 909 feoda
2396 837 2488 909 ad
2517 838 2766 910 ducem
2785 837 3062 909 Austrie
3090 830 3418 911 devoluta

598 962 816 1034 libere
845 961 974 1033 sibi
1008 970 1101 1032 ex
1131 970 1293 1032 tunc
1315 960 1475 1051 jure
1504 960 1943 1055 proprietatis
1975 970 2046 1031 et
2080 960 2325 1033 directi
2357 960 2645 1032 dominii
2675 961 3143 1054 pertinebunt,
3169 962 3420 1056 princi-

600 1085 803 1180 pibus
835 1084 1313 1157 ecclesiasticis
1352 1094 1423 1155 et
1459 1084 1890 1156 monasteriis
1923 1084 2235 1178 exceptis
2265 1083 2609 1155 duntaxat
2648 1083 2721 1154 in
2761 1082 2893 1155 hoc
2926 1105 3115 1156 casu.
3159 1086 3417 1157 Cuncta

601 1208 810 1281 etiam
838 1208 1171 1280 secularia
1195 1206 1495 1300 judicia,
1530 1207 1841 1279 bannum
1874 1207 2314 1303 sylvestrium
2347 1217 2418 1279 et
2444 1207 2856 1302 ferinamm,
2892 1207 3152 1302 piscine
3189 1218 3260 1280 et
3288 1229 3414 1281 ne-

599 1351 793 1402 mora
834 1331 906 1401 in
953 1330 1211 1402 ducatu
1252 1330 1528 1402 Austrie
1572 1330 1835 1402 debent
1865 1332 2026 1423 jure
2072 1330 2328 1402 feodali
2365 1351 2408 1400 a
2443 1330 2622 1401 duce
2664 1329 2941 1401 Austrie
2988 1330 3410 1425 dependere.

600 1453 825 1525 Etiam
857 1453 1070 1524 debet
1100 1452 1251 1524 dux
1277 1451 1554 1523 Austrie
1582 1452 1670 1524 de
1699 1454 1907 1524 nullis
1935 1452 2483 1548 oppositionibus
2511 1453 2625 1523 vel
2657 1451 2947 1543 objectis
2974 1452 3421 1545 quibuscum·

600 1597 739 1669 que
770 1596 901 1647 nec
941 1596 1173 1646 coram
1207 1575 1498 1669 imperio
1530 1597 1662 1646 nec
1693 1576 1846 1647 aliis
1881 1576 2308 1669 quibuslibet
2341 1576 2666 1668 cuiquam
2698 1574 3147 1669 respondere,
3184 1576 3316 1647 nisi
3347 1576 3420 1649 id

602 1718 730 1771 sua
771 1697 1048 1793 propria
1090 1707 1161 1768 et
1196 1707 1580 1792 spontanea
1609 1699 1909 1770 voluerit
1951 1700 2176 1770 facere
2209 1699 2596 1789 voluntate,
2623 1696 2749 1769 sed
2779 1697 2837 1768 si
2867 1697 3168 1769 voluerit
3201 1720 3419 1769 unum

602 1820 833 1891 locare
865 1820 1121 1914 poterit
1152 1819 1239 1891 de
1269 1820 1410 1891 suis
1442 1820 1723 1891 vasallis
1750 1843 1873 1892 seu
1910 1820 2321 1913 homologiis
2350 1830 2421 1891 et
2448 1841 2682 1892 coram
2715 1820 2835 1891 illo
2867 1820 3254 1893 secundum
3282 1831 3420 1892 ter·

605 1942 830 2014 minos
876 1940 1183 2037 prefixos
1222 1963 1469 2036 parere
1523 1952 1753 2036 potest
1809 1952 1880 2014 et
1933 1942 2143 2014 debet
2189 1943 2467 2035 justicie
2530 1944 3065 2036 complemento.
3133 1944 3424 2037 Insuper

606 2074 835 2160 potest
877 2065 1060 2136 idem
1099 2063 1249 2135 dux
1282 2064 1557 2136 Austrie
1597 2065 1878 2157 quando
1912 2065 2357 2158 impugnatus
2387 2063 2594 2134 fuerit
2623 2064 2713 2134 ab
2754 2063 2990 2157 aliquo
3031 2064 3120 2136 de
3155 2063 3417 2154 due110,

605 2209 732 2283 per
761 2209 976 2258 unum
1013 2188 1341 2259 idoneum
1376 2208 1518 2259 non
1545 2187 1623 2257 in'
1647 2187 2072 2260 enormitatis
2102 2186 2374 2257 macula
2407 2186 2790 2269 detentum,
2823 2186 3012 2258 vices
3039 2208 3198 2257 suas
3226 2207 3425 2281 pror-

606 2332 724 2381 sus
748 2312 1098 2405 supplere,
1130 2319 1202 2381 et
1226 2310 1421 2380 illum
1455 2309 1603 2403 ipsa
1636 2310 1882 2382 eadem
1908 2310 2020 2382 die
2053 2331 2177 2380 seu
2205 2309 2526 2403 princeps
2547 2311 2660 2381 vel
2693 2309 2870 2380 alius
2901 2309 3264 2402 quisquam
3300 2331 3427 2404 pro

607 2434 899 2526 alicujus
945 2443 1110 2505 nota
1152 2432 1432 2503 infamie
1476 2455 1617 2505 non
1664 2441 1891 2527 potest
1939 2433 2347 2526 impetrare,
2383 2452 2515 2503 nec
2563 2431 2772 2503 debet
2811 2432 3226 2527 impugnari.
3263 2432 3426 2504 Pre-

612 2565 801 2628 terea
847 2555 1178 2650 quicquid
1220 2555 1369 2626 dux
1398 2555 1685 2627 -Austrie
1719 2557 1791 2626 in
1827 2555 2025 2627 terris
2066 2555 2208 2626 suis
2252 2575 2375 2625 seu
2413 2554 2833 2626 districtibus
2866 2555 3007 2626 suis
3047 2555 3286 2627 fecerit
3316 2555 3429 2626 vel

611 2679 959 2768 statuerit,
992 2679 1128 2751 hoc
1171 2679 1549 2775 imperator
1579 2700 1711 2750 nec
1753 2679 1886 2750 alia
1925 2677 2235 2774 potentia
2272 2677 2497 2748 modis
2540 2697 2664 2748 seu
2704 2677 2834 2748 viis
2878 2677 3429 2771 quibuscumque

610 2825 752 2876 non
776 2805 986 2878 debet
1008 2805 1080 2875 in
1111 2803 1303 2876 aliud
1329 2803 1401 2873 in
1433 2812 1788 2898 posterum
1821 2811 2285 2890 commutare3
2324 2808 2395 2873 et
2419 2800 2503 2892 si,
2531 2800 2714 2896 quod
2742 2804 2930 2872 Deus
2951 2810 3246 2891 avertat,
3279 2801 3430 2873 dux

611 2926 885 2999 Austrie
916 2928 1062 2999 sine
1095 2927 1355 2999 herede
1383 2925 1524 2998 filio
1553 2922 1883 3016 decedet,
1923 2926 2109 2998 idem
2141 2926 2438 2998 ducatus
2469 2924 2560 2996 ad
2601 2925 2943 2996 seniorem
2979 2924 3189 2996 filiam
3216 2946 3428 3019 quam

610 3051 968 3144 reliquerit
996 3050 1431 3122 devolvatur.
1465 3052 1654 3121 Inter
1678 3050 1893 3121 duces
1922 3049 2199 3120 Austrie
2235 3048 2356 3141 qui
2390 3048 2620 3119 senior
2651 3048 2860 3118 fuerit
2886 3047 3267 3120 dominium
3298 3047 3427 3120 ha·

611 3173 774 3244 beat
812 3171 995 3243 dicte
1031 3179 1248 3258 terre,
1279 3171 1372 3241 ad
1410 3171 1609 3261 cujus
1645 3170 1855 3241 etiam
1893 3171 2236 3242 seniorem
2283 3167 2498 3240 filium
2537 3169 2920 3241 dominium
2953 3170 3110 3262 jure
3151 3169 3426 3242 heredi·

611 3294 787 3367 tario
810 3293 1219 3384 deducatur,
1253 3293 1348 3364 ita
1378 3302 1608 3364 tamen
1634 3292 1823 3386 quod
1850 3293 1941 3363 ab
1969 3292 2282 3384 ejusdem
2310 3292 2663 3384 sanguinis
2691 3292 2920 3387 stipite
2946 3314 3089 3365 non
3117 3294 3423 3383 recedat,

612 3438 744 3490 nec
774 3417 1068 3488 ducatus
1097 3415 1375 3487 Austrie
1401 3417 1545 3488 ullo
1572 3437 1882 3509 unquam
1915 3425 2226 3511 tempore
2259 3415 2616 3487 divisionis
2646 3416 2938 3507 alicujus
2968 3416 3253 3509 recipiat
3279 3437 3428 3488 sec-

615 3541 899 3614 tionem.
935 3539 1005 3611 Si
1047 3540 1202 3630 quis
1247 3539 1318 3609 in
1361 3539 1547 3610 dicto
1595 3539 1853 3610 ducatu
1898 3539 2211 3610 residens
2248 3540 2360 3609 vel
2408 3538 2479 3609 in
2525 3558 2609 3609 eo
2648 3537 3119 3632 possessiones
3164 3537 3431 3609 habens

614 3663 853 3735 fecerit
878 3673 1119 3735 contra
1146 3663 1397 3734 ducem
1426 3661 1703 3733 Austrie
1731 3662 1999 3733 occulte
2035 3663 2147 3733 vel
2194 3662 2470 3756 publice
2503 3670 2573 3731 et
2605 3659 2790 3731 dicto
2824 3659 2983 3730 duci
3015 3659 3087 3729 in
3122 3660 3330 3731 rebus
3361 3671 3432 3732 et

614 3806 901 3881 corpore
942 3785 1091 3857 sine
1138 3785 1357 3879 gratia
1391 3781 1652 3882 [fuerit]
1689 3785 2273 3879 condempnatuS,
2313 3782 2678 3879 imperium
2724 3780 2908 3853 dicto
2951 3780 3112 3852 duci
3153 3780 3430 3852 Austrie

616 3918 854 3980 contra
873 3930 1115 3981 omnes
1142 3929 1303 3980 suos
1328 3908 1768 4000 injuriatores
1793 3907 2005 3979 debet
2026 3906 2348 3979 auxiliari
2372 3916 2442 3977 et
2464 3925 2862 3977 succurrere
2886 3902 3077 3996 quod
3092 3901 3431 3994 justitiam

616 4041 1045 4125 assequatur.
1070 4034 1230 4103 Dux
1257 4031 1536 4103 Austrie
1565 4029 1927 4125 principali
1961 4031 2254 4102 amictus
2280 4039 2504 4119 veste,
2528 4026 2961 4122 superposito
2993 4024 3222 4096 ducali
3249 4024 3432 4120 pileo

620 4152 1043 4225 circumdato
1083 4163 1268 4225 serto
1303 4153 1606 4248 pinnito,
1641 4152 1969 4224 baculum
2005 4152 2272 4223 habens
2309 4150 2382 4221 in
2417 4149 2773 4238 manibuS,
2807 4168 2988 4240 equo
3019 4145 3331 4219 assidens
3363 4157 3436 4219 et

619 4273 903 4368 insuper
926 4296 1120 4346 more
1147 4275 1443 4346 aliorum
1474 4273 1865 4369 principum
1895 4274 2193 4368 imperii,
2226 4272 2616 4345 conducere
2643 4271 2734 4341 ab
2761 4268 3052 4365 imperio
3079 4264 3283 4340 feoda
3309 4287 3435 4339 sua

620 4395 865 4485 debet3
902 4395 1067 4469 dicti
1099 4397 1295 4470 ducis
1326 4396 1870 4469 institutionibus
1902 4406 1973 4467 et
2004 4394 2570 4467 destitutionibus
2601 4393 2674 4463 in
2709 4392 2968 4465 ducatu
3003 4411 3131 4464 suo
3161 4390 3435 4463 Austrie

623 4527 729 4589 est
759 4518 1172 4612 parendum.
1203 4519 1291 4592 Et
1324 4528 1552 4615 potest
1581 4520 1654 4589 in
1686 4518 1887 4590 terris
1917 4517 2059 4588 suis
2089 4517 2413 4588 omnibus
2444 4526 2679 4588 tenere
2703 4514 2957 4609 judeos
2988 4522 3060 4586 et
3086 4513 3439 4586 usurarios

624 4640 938 4733 publicos
968 4662 1145 4734 quos
1175 4644 1428 4734 vulgus
1460 4652 1666 4715 vocat
1698 4639 2176 4731 Gawetschin,
2215 4640 2363 4712 sine
2397 4640 2666 4736 imperii
2699 4639 3014 4712 molestia
3042 4646 3115 4708 et
3147 4636 3433 4709 offensa.

782 4764 886 4826 vl.
3045 4767 3121 4820 38
