4364 5738
1063 614 1180 678 198
2055 610 2482 676 rtunsslucl
2531 609 2883 674 suevum
3492 608 3660 686 [Aa.
3698 611 3871 675 lm

977 843 990 852 ·
1058 769 1266 839 num,
1304 746 1637 822 dilectum
1678 742 1960 819 affinem
2006 754 2080 818 et
2115 741 2399 820 fidelem
2428 753 2786 837 nostrum,
2841 762 3065 837 nuper
3116 740 3215 816 ad
3249 743 3670 835 presentiam
3713 764 3874 819 nos-

1059 882 1238 946 tram
1269 892 1311 942 a
1341 870 1523 943 Sede
1545 867 1943 965 Apostolica
1970 878 2466 958 revertentem,
2493 875 2851 958 gratanter
2877 865 3292 960 recepimus,
3321 874 3396 938 et
3419 864 3599 939 circa
3633 887 3722 941 ea
3745 888 3875 962 que

1058 995 1250 1090 pacis
1275 1001 1438 1065 sunt
1460 991 1723 1064 domini
1748 1013 1930 1087 pape
1959 1001 2030 1063 et
2056 1000 2286 1063 vestre
2318 990 2695 1064 voluntatis
2728 987 3235 1084 plenitudinem
3258 989 3703 1080 referentem,
3727 998 3873 1064 tan·

1056 1140 1267 1213 quam
1299 1139 1446 1192 rem
1481 1117 1812 1207 hilarem,
1845 1114 2243 1188 audivimus
2281 1124 2352 1188 et
2390 1114 2863 1188 intelleximus
2899 1112 3307 1203 diligentem
3351 1121 3597 1207 utpote
3638 1113 3766 1207 qui
3791 1113 3875 1186 de

1056 1242 1295 1318 innata
1353 1241 1561 1318 nobis
1623 1238 2159 1314 mansuetudine
2221 1258 2635 1330 guerrarum
2690 1235 3087 1312 discrimina
3150 1257 3429 1330 semper
3485 1236 3869 1326 cdivimus,

1057 1365 1441 1440 dummodo
1485 1361 1772 1460 pacifice
1819 1383 2114 1454 regnare
2160 1383 2556 1457 possemus,
2599 1369 2671 1436 et
2711 1359 2833 1454 qui
2863 1381 2961 1435 ex
2997 1358 3204 1434 officii
3232 1359 3508 1451 debito,
3545 1381 3690 1452 quo
3718 1382 3874 1436 cum

1057 1491 1371 1566 Romano
1398 1486 1752 1583 pontifice,
1784 1507 1996 1582 quem
2029 1507 2158 1581 pre
2189 1485 2484 1560 caeteris
2512 1493 2695 1558 terre
2720 1483 3149 1579 prindpibus
3172 1492 3441 1578 patrem
3471 1484 3875 1579 precipuum

1058 1610 1496 1703 confitemur,
1551 1611 1736 1684 bella
1783 1610 1943 1705 plus
1990 1630 2206 1702 qnam
2256 1608 2486 1681 civilia
2540 1629 2784 1701 gerere
2829 1607 3180 1683 crudelius
3225 1607 3572 1696 cred'mus
3635 1619 3711 1683 et
3756 1629 3875 1682 ne-

1058 1734 1407 1831 phandius
1461 1735 1916 1826 arbitramur,
1976 1733 2069 1808 ad
2113 1732 2305 1828 pacis
2354 1732 2945 1828 pulchritudinem
2988 1731 3063 1804 in
3113 1731 3443 1823 gentibus
3500 1733 3875 1806 reforman-

1060 1859 1225 1936 dam
1270 1858 1648 1951 majestatis
1694 1867 1932 1932 nostre
1969 1857 2353 1952 potentiam
2393 1856 2665 1930 ardenti
2710 1855 3057 1930 desiderio
3097 1854 3475 1947 flectimus,
3519 1856 3874 1950 ipsamque

1060 1983 1324 2058 nedum
1359 1984 1664 2057 oblatam
1707 1980 1910 2056 nobis
1954 1990 2313 2073 gratanter
2343 1979 2808 2071 admittimus,
2848 1979 2977 2054 sed
3007 1999 3135 2052 nos
3179 1999 3335 2052 eam
3376 1978 3625 2053 offerre
3663 1980 3875 2075 pluri·

1062 2129 1254 2182 mum
1287 2107 1744 2181 adfectamus.
1779 2106 2108 2179 volentes
2143 2104 2353 2197 igitur
2390 2103 2576 2177 votis
2602 2102 3017 2198 Apostolieia
3046 2103 3121 2176 in
3154 2102 3237 2176 iis
3257 2154 3281 2191 ,
3313 2101 3493 2176 sicut
3529 2111 3870 2193 tenemur,

1060 2241 1133 2305 et
1177 2232 1247 2304 in
1292 2231 1614 2304 omnibus
1652 2251 1780 2304 nos
1813 2228 2108 2304 reddere
2139 2237 2498 2323 compotes
2534 2236 2724 2302 etex
2758 2227 2969 2302 corde
3000 2227 3430 2316 conformes,
3464 2226 3560 2301 ad
3586 2225 3725 2300 hoc
3755 2227 3875 2301 de-

1060 2356 1470 2430 liberatione
1506 2353 1903 2450 prehabita,
1948 2352 2333 2426 direximus
2365 2351 2585 2425 aciem
2631 2351 2881 2426 mentis
2924 2360 3203 2440 nostre,
3246 2359 3323 2424 et
3358 2349 3553 2444 pacis
3594 2349 3876 2424 consiliu

1059 2480 1441 2572 cogitantes
1487 2488 1559 2549 et
1596 2477 2070 2548 desiderantes
2125 2475 2317 2568 quod
2372 2475 2573 2547 nobis
2621 2486 2693 2547 et
2736 2475 2861 2547 toti
2910 2473 3175 2548 mundo
3217 2473 3661 2548 concordiam
3706 2474 3874 2548 inire

1059 2624 1455 2697 possemus,
1501 2607 1863 2672 tractatum
1907 2598 2098 2693 pacis
2132 2609 2488 2692 gratanter
2533 2599 2863 2670 duximus
2902 2597 3435 2670 admittendum.
3467 2596 3638 2669 Cum
3672 2595 3876 2688 igitur

1059 2725 1320 2818 negotii
1375 2724 1671 2817 qualitas
1726 2745 1852 2818 per
1900 2721 2350 2816 paucissimos
2389 2722 2726 2794 zelatores
2774 2721 3000 2817 pacis,
3048 2720 3351 2816 peccatis
3402 2719 3867 2812 exigentibuS,

1058 2849 1398 2922 hactenus
1425 2857 1792 2943 procurata
1821 2866 1915 2920 ex
1940 2845 2177 2918 multis
2215 2847 2471 2919 multos
2499 2845 2919 2942 expostulet,
2946 2865 3248 2939 cumque
3275 2843 3365 2916 de
3393 2843 3609 2915 latere
3639 2852 3873 2914 nostro

1059 2975 1248 3046 viros
1314 2974 1601 3045 idoneos
1655 2981 1984 3065 tanquam
2041 2991 2084 3041 a
2151 2970 2506 3067 principiis
2559 2970 2728 3041 moti
2792 2968 3207 3041 discriminis
3266 2966 3519 3039 nostris
3578 2966 3873 3040 consiliis

1061 3098 1507 3186 adsistentes,
1548 3117 1873 3190 processu
1912 3095 2223 3166 omnium
2268 3093 2915 3166 circunstantiarum
2966 3092 3370 3180 instructos,
3432 3089 3523 3162 ad
3579 3090 3872 3185 Aposto-

1063 3222 1269 3293 licam
1323 3232 1394 3292 et
1443 3229 1747 3291 vestram
1796 3218 2218 3317 presentiam
2279 3216 2741 3289 transmittere
2796 3237 3225 3311 nequeamus
3247 3268 3268 3305 ,
3313 3215 3617 3286 instante
3677 3213 3873 3286 nobis

1064 3343 1444 3433 discordia,
1500 3365 1659 3414 cum
1716 3343 2148 3438 presidentes
2192 3342 2341 3414 sedi
2391 3341 2573 3413 Petri
2628 3340 2721 3412 ad
2765 3362 3054 3435 presens
3107 3339 3239 3410 sibi
3286 3335 3625 3433 proficere
3674 3358 3874 3432 repu-

1066 3478 1322 3558 tanteS,
1382 3467 1816 3562 processibus
1859 3467 2112 3539 nostris
2164 3487 2304 3558 que
2354 3472 2729 3560 potuerunt
2784 3463 3277 3557 impedimenta
3336 3462 3408 3531 in
3464 3459 3872 3536 lombardie

1065 3592 1376 3686 partibus
1417 3601 2000 3689 preparaverunt,
2052 3590 2362 3661 secundo
2419 3588 2626 3661 etiam
2670 3588 3057 3678 legatorum
3096 3596 3490 3663 nostrorum
3544 3581 3872 3658 adventui

1065 3717 1496 3806 resistenteS,
1550 3714 1909 3786 dominum
1958 3734 2214 3807 papam
2254 3711 2585 3787 duximus
2626 3709 3120 3809 postulandum
3157 3721 3231 3785 et
3269 3707 3459 3782 filiali
3504 3706 3871 3782 devotione

1063 3839 1450 3933 rogandum
1482 3847 1561 3910 ut
1595 3859 1688 3909 ex
1719 3838 2046 3908 fratribus
2075 3835 2219 3907 suis
2248 3837 2587 3932 aliquem,
2628 3855 2838 3930 quem
2872 3855 3106 3906 secum
3136 3831 3227 3905 ad
3261 3853 3547 3928 presens
3579 3829 3866 3918 habeat,

1059 3963 1358 4036 faciente
1384 3960 1756 4054 fragilitate
1783 3959 1988 4032 sortis
2015 3959 2321 4031 humane
2341 3979 2755 4053 perpaucos,
2787 3958 2880 4029 ad
2911 3979 3040 4030 nos
3075 3956 3331 4029 debeat
3361 3954 3713 4027 destinare
3738 3949 3797 4048 (l
3813 3952 3865 4051 ),

1060 4088 1173 4159 cui
1233 4086 1472 4158 intima
1526 4083 1755 4155 cordis
1813 4084 2030 4155 nostri
2091 4081 2514 4154 intendimus
2568 4102 2911 4171 reserare,
2979 4101 3117 4173 que
3178 4079 3491 4151 nondum
3544 4078 3619 4148 in
3672 4097 3871 4151 aures

1061 4209 1447 4304 cujuspiam
1487 4206 1576 4281 de
1610 4207 1830 4281 nostri
1862 4205 2164 4305 pectoris
2203 4203 2508 4279 thalamo
2549 4204 3099 4294 descenderunt;
3143 4224 3272 4301 per
3315 4223 3524 4297 quem
3563 4220 3705 4275 non
3744 4197 3871 4276 nisi

1062 4328 1507 4423 dispositione
1548 4330 1816 4420 divina,
1862 4331 2066 4423 cujns
2095 4338 2263 4406 sunt
2293 4329 2567 4405 occulta
2593 4328 2894 4421 judicia,
2937 4335 3288 4401 tantorum
3327 4325 3679 4405 bonorum
3706 4345 3868 4401 eon·

1131 4623 1203 4698 (t)
1243 4623 1442 4696 Agitur
1465 4624 1532 4680 de
1554 4625 1828 4683 cardinale
1858 4626 2093 4697 Othone,
2121 4628 2423 4685 Portum
2449 4625 2727 4701 episcopo,
2756 4624 2849 4698 qui
2878 4624 3059 4699 reipsa
3082 4623 3153 4682 do
3176 4637 3309 4697 pace
3334 4627 3667 4681 tractuum
3687 4633 3867 4680 menso

1054 4722 1209 4794 iunio
1234 4720 1490 4781 Narniam
1514 4721 1583 4780 ad
1612 4724 1991 4797 imperatorem
2018 4724 2241 4797 legatus
2259 4724 2429 4782 venit.
3858 4751 3863 4756 ·
