4364 5738
547 576 752 638 lumem
785 575 879 654 4.]
1441 573 1839 674 ῌῙὸΤΟΒῙΑ
1887 572 2488 666 ΒῘΡΒΟΜΑΤῙΕΑ.
3261 575 3383 637 423

544 711 762 805 ipsius
797 718 1184 783 conventus
1209 706 1415 779 nobis
1444 704 1813 806 [constitit]
1844 708 1935 781 de
1962 709 2450 806 procuratione
2478 708 2787 803 ipsorum
2819 707 3376 800 constitutorum,

547 833 639 906 ad
670 832 1149 929 recipiendum
1182 832 1337 904 loco
1370 840 1442 904 et
1465 831 1620 903 vice
1646 830 1814 903 dicti
1846 843 2232 905 conventus
2268 832 2494 903 casale
2522 840 2594 903 et
2621 831 3073 904 tenimentum
3095 833 3385 925 jamdic-

549 965 696 1027 tum
731 954 1234 1029 restituendum
1258 953 1594 1046 jamdicto
1622 955 2042 1028 monasterio
2060 957 2269 1048 juxta
2292 955 2666 1051 imperialis
2696 954 3002 1028 mandati
3029 964 3376 1047 tenorem3

546 1080 801 1174 quibus
851 1077 1417 1174 procuratoribus
1455 1099 1585 1150 nos
1622 1079 1757 1151 Leo
1794 1079 1969 1150 Belli
2008 1079 2366 1175 predictus
2402 1078 2477 1149 in
2523 1079 2869 1174 presentia
2914 1078 3381 1174 predictorum

538 1202 856 1295 judicum
892 1211 963 1274 et
996 1201 1272 1273 testium
1308 1202 1463 1273 loco
1498 1209 1570 1271 et
1600 1201 1753 1273 vice
1785 1200 1953 1274 dicti
1994 1210 2384 1274 conventus
2423 1202 2849 1274 restituimus
2887 1211 2959 1274 et
2997 1202 3379 1295 assignavi-

549 1346 705 1397 mus
738 1324 1131 1420 predictum
1177 1324 1413 1397 Casale
1456 1324 1761 1419 Ruptum
1801 1335 1872 1396 et
1903 1325 2315 1417 jamdictum
2353 1326 2807 1418 tenimentum
2836 1324 3067 1398 Sancti
3097 1325 3376 1400 Mathei.

546 1446 657 1520 Ad
686 1449 883 1540 cujus
904 1448 1006 1520 rei
1030 1447 1434 1519 memoriam
1466 1456 1538 1518 et
1567 1448 1864 1543 predicti
1889 1448 2290 1520 monasterii
2318 1449 2758 1521 securitatem
2780 1449 2916 1521 hoc
2937 1468 3222 1542 presens
3242 1471 3385 1522 res-

548 1571 887 1644 titutionis
917 1571 1251 1666 scriptum
1290 1570 1799 1666 subscriptione
1826 1582 2103 1663 nostra,
2141 1572 2612 1668 predictorum
2644 1573 2962 1665 judicum
3000 1582 3071 1645 et
3104 1574 3382 1646 testium

547 1694 952 1767 roboratum
985 1694 1244 1766 exinde
1280 1694 1488 1767 scribi
1527 1695 1815 1768 fecimus
1857 1717 1984 1790 per
2014 1718 2264 1769 manus
2294 1697 2515 1769 Nicoli
2541 1697 2917 1793 imperialis
2955 1698 3219 1771 Mutule
3250 1720 3378 1771 no-

547 1817 702 1890 tarii
732 1817 854 1910 qui
884 1818 1245 1892 nobiscum
1278 1817 1616 1890 interfuit.

643 1941 846 2027 Quod
874 1941 1209 2035 scriptum
1237 1940 1480 2035 scripsi
1514 1962 1645 2032 ego
1676 1940 1796 2034 qui
1829 1962 2040 2036 supra
2075 1939 2343 2032 Nicola,
2376 1943 2540 2035 quia
2577 1943 2858 2015 interfui
2891 1953 2963 2016 et
2994 1944 3193 2037 signo
3222 1965 3379 2016 meo

545 2064 749 2138 solito
781 2063 1220 2157 subsignavi,
1256 2085 1442 2136 anno
1464 2116 1484 2152 ,
1525 2085 1804 2153 mense,
1837 2064 1953 2136 die
1990 2072 2062 2136 et
2088 2064 2468 2137 indictione
2502 2066 2943 2160 pretitulatis.

641 2187 696 2278 ἢ·
703 2241 1046 2261 .....
1084 2189 1258 2260 Belli
1289 2188 1409 2282 qui
1442 2209 1677 2284 supra.
1709 2189 1761 2280 ·1-
1784 2186 2132 2261 Iohannes
2164 2187 2464 2261 Pavonis
2491 2190 2813 2262 Barensis
2829 2190 3082 2281 judex.

639 2311 694 2402 ἢ·
723 2312 870 2404 Ego
899 2312 1195 2384 Iacobus
1229 2311 1423 2383 testis
1454 2333 1636 2383 sum.

640 2434 693 2525 †
719 2436 952 2524 Bonus
979 2435 1357 2532 imperialis
1378 2435 1605 2527 judex
1632 2434 1925 2507 Mutule.

640 2561 695 2652 ἢ·
722 2558 1009 2651 Signum
1048 2581 1296 2631 manus
1324 2558 1668 2631 Guilielmi
1708 2556 2085 2652 imperialis
2105 2556 2362 2650 judicis
2390 2557 2655 2629 Mutule
2690 2556 2810 2651 qui
2841 2578 3076 2654 supra.

643 2684 695 2775 -1-
726 2681 1053 2756 Porfirius
1082 2704 1214 2775 ego
1241 2683 1406 2756 olim
1430 2682 1657 2775 judex
1683 2681 1973 2754 Mutule.

649 2805 702 2897 ·1·
732 2807 878 2901 Ego
918 2806 1141 2899 judex
1149 2859 1489 2880 .....
1534 2803 1663 2904 (α).

643 2931 695 3022 ·1·
728 2933 876 3026 Ego
907 2932 1307 3005 Leonardus
1337 2933 1503 3004 olim
1526 2932 1751 3024 judex
1787 2931 2076 3007 Mutule.

648 3468 896 3553 Malek
952 3468 1180 3552 Saleh
1237 3468 1546 3579 AEgypti
1610 3467 1989 3551 Soldanus
2044 3469 2483 3553 Innocentio
2534 3494 2777 3577 papae
2832 3464 3239 3577 respondet
3292 3496 3373 3554 se
3503 3463 3710 3572 „33:21

541 3627 809 3710 pacem
860 3614 936 3685 et
987 3600 1474 3685 concordiam
1531 3626 1711 3683 cum
1769 3601 2217 3683 Christianis
2276 3601 2747 3705 desiderare3
2801 3611 3371 3709 expectaturum

542 3746 799 3817 tamen
845 3734 1090 3816 donec
1132 3758 1592 3817 consensum
1628 3733 2105 3841 imperatoris
2140 3733 2539 3839 habuerit,
2578 3758 2914 3843 quocum
2952 3759 2999 3815 a
3033 3744 3372 3841 tempore

544 3867 786 3974 patris
823 3870 941 3950 sui
978 3866 1461 3950 dilectionem
1498 3876 1849 3948 mutuam
1881 3864 2333 3951 observavit.

704 4074 973 4152 (Edidcr.
999 4075 1349 4153 Κωπαῖαι,
1377 4071 1599 4136 Amal.
1621 4070 1838 4153 eccles„
1860 4074 1939 4136 ad
1961 4092 2105 4136 ann.
2141 4085 2321 4153 12⁴6,
2347 4073 2394 4155 S
2414 4075 2710 4155 LII-LIII,
2732 4091 2767 4136 c
2796 4082 3007 4153 regest.
3030 4074 3235 4134 Innoc.
3257 4075 3366 4146 IV,

782 4180 885 4240 ub.
920 4181 1042 4258 111,
1073 4183 1242 4258 epist.
1278 4181 1484 4241 curial.
1518 4188 1629 4257 2⁰3
1658 4183 1762 4258 qui
1797 4196 1906 4239 nos
1947 4188 2148 4240 monet
2185 4180 2340 4241 banc
2379 4182 2684 4257 epistolam
2712 4197 2749 4239 a
2775 4195 2984 4258 graeco
3007 4195 3280 4240 sermone
3304 4182 3369 4241 in

782 4284 1035 4345 latinum
1062 4272 1244 4346 fuisse
1274 4302 1530 4347 versam.
1561 4318 1643 4331 —
1673 4286 1877 4347 Mxrr.
1907 4284 2149 4363 Pam„
2177 4285 2333 4346 Hinc.
2366 4289 2503 4367 nnaj.
2548 4281 2821 4366 Anqlor„
2870 4284 2946 4345 ad
2987 4301 3131 4346 ann.
3188 4292 3366 4357 12⁴6,

782 4405 845 4467 p.
893 4399 1027 4451 477.
1057 4423 1139 4437 -
1172 4387 1309 4452 Alb.
1351 4388 1655 4452 stadensis
1687 4388 1957 4451 Clu-unic.
1996 4389 2075 4448 ad
2110 4405 2257 4452 ann.
2296 4390 2592 4451 eumdem.
2623 4421 2706 4437 —
2730 4390 3003 4466 Cmrz,
3035 4385 3366 4470 Metropol,

786 4496 891 4556 nb.
922 4495 1104 4577 vm,
1131 4514 1189 4558 c.
1225 4495 1347 4575 14.)
3347 4504 3354 4509 ’

620 4664 710 4745 (a)
750 4668 977 4730 Nomen
1008 4671 1179 4730 istius
1209 4673 1313 4749 qui
1342 4670 1733 4732 verisimiliter
1758 4669 2062 4750 loquimus
2087 4675 2208 4749 est,
2238 4671 2302 4729 in
2328 4683 2682 4747 pergamena
2708 4670 2824 4749 legi
2845 4685 2968 4732 non
2993 4676 3202 4749 potest.
