4364 5738
577 546 778 609 luntcr.
811 543 904 622 5.]
1470 537 1871 602 HISTORIA
1916 537 2510 601 DIPLOMATICA.
3272 540 3391 601 51¹1

577 690 659 754 ut
687 700 874 751 nunc
910 700 987 751 se
1016 675 1470 768 habentibuS,
1509 697 1764 773 papam
1794 677 2000 748 istum
2043 685 2165 748 aut
2209 676 2591 772 quemlibet
2629 675 2841 747 alium
2884 675 3192 747 futurum
3222 687 3396 773 'pro-

580 804 802 879 cessui
844 813 1082 878 nostro
1119 802 1540 877 contrarium
1578 802 2231 876 incommutabiliter
2269 800 2735 875 crederemus.
2772 803 2880 874 Ex
2921 823 3129 875 causa
3163 811 3397 874 tamen

579 928 712 1002 hoc
743 929 1033 1018 fecimus
1067 938 1149 1001 ut
1190 928 1480 1000 haberet
1511 949 1759 1000 manus
1789 939 2025 1002 nostra
2056 926 2630 1023 quem'vinceret,
2666 929 2806 1019 vel,
2845 927 2902 999 si
2937 929 3079 1000 fata
3112 927 3398 1001 meliora

581 1055 1079 1154 concederent,
1124 1076 1333 1150 quem
1387 1063 1677 1126 amaret.
1729 1054 1865 1127 Sed
1906 1053 2038 1126 ista
2073 1063 2227 1126 'non
2268 1065 2561 1149 prosunt
2595 1053 2935 1150 parricide
2976 1063 3214 1125 nostro
3251 1054 3397 1125 suf-

581 1180 826 1274 fragia,
844 1181 965 1276 qui
992 1202 1150 1253 cum
1178 1191 1473 1254 mortem
1492 1189 1826 1272 nostram,
1846 1181 2025 1253 sicut
2055 1180 2516 1275 prediximus,
2541 1190 2870 1274 tanquam
2895 1202 2989 1252 ex
3006 1180 3398 1254 indubitato

581 1307 884 1378 futuram
922 1317 1085 1379 ante
1117 1306 1569 1402 predixisset,
1607 1305 1896 1380 inficiari
1929 1327 2070 1378 non
2116 1306 2348 1379 valeat
2389 1315 2921 1402 pretractatam;
2965 1306 3085 1401 qui
3118 1328 3276 1378 cum
3324 1306 3398 1378 in

584 1434 1134 1530 conspiratorum
1178 1445 1571 1508 nostrorum
1626 1433 1966 1505 auxilium
2021 1433 2471 1506 subsidiarios
2520 1434 2772 1508 milites
2823 1456 2982 1507 cum
3021 1433 3400 1507 Albanensi

585 1557 911 1654 episcopo
966 1556 1072 1655 (l)
1121 1558 1644 1652 stipendiaverit
1688 1558 2177 1650 destinandOS,
2237 1558 2368 1631 nisi
2414 1569 2648 1631 nostra
2701 1559 3008 1654 potentia
3065 1581 3400 1655 preoccu-

584 1695 819 1779 passet
874 1684 1234 1776 obsessos,
1285 1684 1644 1756 manifeste
1700 1683 2063 1780 perdocuit
2117 1683 2309 1779 quod
2358 1704 2638 1756 causam
2691 1684 2998 1780 ipsorum
3051 1684 3400 1780 propriam

586 1810 980 1903 reputabat.
1034 1809 1350 1902 Denique
1403 1831 1562 1881 cum
1617 1809 1917 1881 nefande
1971 1808 2425 1903 complicibus
2468 1808 2784 1881 factionis
2834 1831 3009 1901 quos
3054 1831 3097 1881 a
3138 1810 3401 1903 judicio

587 1941 824 2005 nostro
865 1933 1028 2025 fuga
1068 1931 1438 2024 subduxit,
1477 1933 1667 2026 apud
1706 1933 2094 2024 Anagniam
2136 1932 2226 2004 de
2269 1932 2483 2027 ipsius
2516 1933 2823 2005 Ecclesie
2857 1933 3095 2024 bonis,
3132 1934 3401 2030 episco-

586 2068 791 2152 patus
836 2056 1214 2131 Prenestini
1269 2056 1637 2148 videlicet,
1685 2057 1899 2130 victui
1950 2058 2338 2130 necessaria
2410 2058 2943 2156 subministret,
2979 2058 3151 2151 quid
3210 2062 3402 2134 aliud

588 2183 815 2257 innuit
856 2184 988 2255 nisi
1028 2184 1219 2277 quod
1261 2183 1527 2255 facinus
1554 2184 2097 2279 perpetrandum
2126 2183 2529 2276 agnoverit,
2584 2185 2782 2275 cujus
2823 2184 2948 2256 alit
2987 2194 3057 2256 et
3105 2186 3404 2279 protegit

589 2310 1019 2406 patratores?
1044 2311 1188 2382 Nec
1210 2309 1458 2402 injurie
1487 2331 1795 2401 causam,
1826 2308 1952 2382 sed
1971 2309 2465 2418 compassionis
2490 2310 2743 2401 alleget
2765 2330 2975 2402 quam
2999 2309 3070 2381 in
3086 2311 3404 2405 'profugis

589 2436 740 2508 aliis
801 2458 942 2510 non
1003 2444 1310 2507 exercet.
1371 2434 1645 2506 Etenim
1704 2435 1904 2527 cujus
1968 2443 2151 2506 esset
2202 2433 2656 2506 horribilioris
2706 2435 3008 2531 exempli
3067 2436 3407 2530 pernicies

590 2541 802 2657 quam
833 2563 1019 2634 alere
1052 2561 1311 2633 scilicet
1340 2582 1583 2652 regum
1616 2570 1687 2632 et
1726 2560 2113 2656 principum
2146 2560 2537 2633 occisores?
2567 2559 2814 2633 Videat
2845 2561 3054 2654 igitur
3080 2572 3150 2633 et
3181 2571 3408 2634 atten-

592 2685 716 2759 dat
759 2686 1097 2759 industria
1142 2695 1372 2758 vestra
1412 2685 1470 2758 si
1508 2695 1671 2756 sunt
1709 2685 1841 2757 hec
1883 2707 2075 2756 arma
2108 2684 2511 2780 pontificum
2533 2738 2552 2775 ,
2598 2685 2656 2756 si
2702 2707 2937 2757 secum
2972 2686 3064 2758 ad
3114 2686 3410 2759 invicem

593 2813 724 2887 ista
778 2811 1205 2886 conveniunt
1254 2819 1333 2883 ut
1379 2809 1499 2905 qui
1545 2811 1961 2904 sanguinum
2014 2819 2319 2883 renuunt
2366 2810 2699 2883 interesse
2740 2801 3028 2902 judiciis
3077 2819 3148 2884 et
3186 2812 3412 2905 justas

592 2961 870 3012 reorum
906 2938 1167 3011 dictare
1195 2937 1599 3028 sententias,
1642 2936 2020 3011 discordias
2047 2936 2393 3009 seminant
2429 2945 2500 3007 et
2539 2936 2853 3008 nutriunt
2888 2938 3286 3029 seminatas,
3320 2959 3415 3011 ex

593 3063 846 3159 quibus
873 3062 1245 3136 homicidia
1273 3062 1803 3154 sanguinolenta
1831 3059 2277 3157 proveniunt,
2316 3081 2689 3154 regnorum
2718 3061 3076 3157 subversio
3104 3061 3417 3158 sequitur

597 3200 669 3261 et
701 3187 1077 3261 destructio
1118 3188 1563 3283 populorum.
1604 3185 1848 3257 Videte
1889 3196 2207 3281 preterea
2249 3184 2306 3258 si
2351 3184 2551 3258 nobis
2600 3182 3037 3278 aliquatenus
3075 3186 3280 3259 liceat
3324 3186 3414 3260 de

597 3314 717 3386 tali
763 3323 960 3411 patre
1009 3311 1387 3403 confidere,
1437 3310 1551 3383 cui
1598 3307 1817 3381 filium
1862 3331 2233 3405 perperam
2285 3309 2717 3381 exheredare
2773 3333 2914 3383 non
2969 3312 3222 3384 sufficit
3241 3365 3260 3403 ,
3290 3311 3418 3384 sed

597 3447 820 3511 morte
871 3447 1157 3510 cruenta
1191 3436 1530 3532 perimere
1564 3434 1807 3505 nititur
1849 3432 2299 3505 exheredem.
2338 3433 2659 3505 Procedit
2702 3444 2934 3506 tamen
2985 3435 3059 3506 in
3110 3436 3416 3507 medium

599 3563 803 3636 amici
847 3546 1066 3635 nostri
1106 3560 1340 3634 dilecti
1381 3560 1664 3632 illustris
1700 3558 1883 3651 regis
1920 3558 2208 3629 Francie
2251 3556 2625 3628 auctoritas
2667 3558 2787 3652 qui
2844 3579 2974 3630 nos
3017 3557 3417 3651 hujusmodi

597 3690 779 3786 patri
856 3686 1284 3762 reconciliari
1370 3685 1756 3776 desiderat,
1836 3685 2231 3779 solempnes
2288 3682 2571 3757 nuntios
2634 3694 3002 3778 propterea
3079 3693 3417 3779 expetens

598 3814 928 3888 mandato
983 3786 1451 3885 munificentie
1512 3821 1748 3882 nostre
1806 3809 2111 3881 munitos
2175 3806 2267 3880 ad
2330 3802 2627 3880 omnem‘
2672 3807 3039 3881 concordie
3106 3808 3292 3881 viam
3348 3817 3419 3880 et

600 3923 835 4013 nostre
877 3938 1191 4012 conscios
1231 3935 1630 4009 voluntatis,
1678 3935 1869 4020 Quos
1905 3933 2147 4029 utique
2189 3932 2613 4006 misissemus
2654 3933 3017 4024 instanter,
3057 3933 3191 4005 nisi
3228 3933 3419 4026 quod

601 4064 823 4157 longis
863 4074 934 4137 et
973 4063 1391 4138 continuatis
1435 4061 1638 4134 dietis
1669 4059 1742 4132 in
1774 4059 2214 4132 Germaniam
2247 4054 2699 4155 properantes
2747 4060 2821 4132 in
2870 4060 3048 4133 festo
3089 4059 3419 4134 Iohannis

672 4408 744 4483 (t)
769 4409 847 4466 De
871 4407 974 4466 isto
1001 4405 1147 4481 apud
1171 4406 1461 4481 scriptores
1483 4411 1768 4462 coaetanos
1785 4402 1930 4460 nulla
1951 4402 2218 4476 reperitur
2244 4401 2468 4459 mentio.
2492 4400 2623 4459 Post
2648 4416 2847 4460 vanam
2864 4401 3146 4461 cardinalis
3172 4405 3421 4480 Raynerii

605 4512 662 4566 et
686 4506 873 4564 Jacobi
899 4505 968 4563 de
989 4506 1166 4563 Morta
1188 4503 1599 4578 expeditionem,
1622 4502 1760 4558 haec
1777 4507 2036 4559 renovata
2062 4500 2225 4558 l'uissa
2245 4500 2478 4571 videtur,
2498 4501 2676 4558 denuo
2708 4506 2885 4557 tamen
2914 4508 2978 4557 ut
3005 4501 3170 4559 altera
3196 4501 3416 4559 inutilis.

604 4606 794 4678 Agitur
818 4610 1001 4662 autem
1026 4603 1095 4660 de
1119 4602 1387 4675 stipendio
1410 4600 1556 4675 quod
1582 4614 1723 4676 papa
1747 4599 1803 4656 in
1828 4615 1927 4657 sua
1948 4599 2020 4659 ad
2045 4599 2314 4673 praelatos
2348 4606 2406 4657 et
2436 4606 2710 4674 magnates
2736 4599 2947 4658 Siciliae
2979 4601 3203 4675 epistola
3229 4616 3423 4675 repro-

604 4701 845 4762 miserat.
873 4700 952 4759 Ct'.
983 4715 1178 4774 supra,
1206 4715 1264 4772 p.
1299 4698 1422 4756 ⁴⁴3.
1861 4727 1866 4731 -
2145 4728 2148 4731 ι
