4364 5738
535 580 739 639 Iunior.
781 576 866 652 1.]
1447 571 1844 633 HISTORIA
1895 570 2488 633 mPLOMA'rIcA.
3293 574 3375 635 69

537 708 1018 795 considerant,
1061 704 1188 779 sed
1225 706 1417 799 quod
1468 708 1741 779 volunt.
1790 707 2103 802 Speciale
2141 707 2585 779 commodum
2622 709 2933 799 generali
2975 722 3375 804 proponunt

537 845 608 906 et
649 834 879 904 minus
921 830 1156 902 debite
1205 829 1578 901 utilitatem
1624 832 1984 925 preferunt
2036 831 2409 904 honestati.
2458 833 2821 916 Quomodo
2873 832 3085 925 igitur
3128 846 3373 927 regent

536 960 710 1031 alios
749 957 870 1050 qui
921 955 1186 1050 seipsos
1225 976 1471 1046 regere
1514 976 1657 1027 non
1704 966 2092 1046 noverunt,
2139 956 2262 1048 qui
2309 956 2605 1027 inimicis
2655 967 2944 1051 prosunt
2991 967 3063 1028 et
3112 959 3372 1030 amicos

535 1083 785 1155 ledunt
841 1090 912 1152 et
949 1079 1080 1151 sibi
1124 1077 1298 1149 nihil
1352 1088 1698 1172 peragunt
1742 1077 1836 1151 ad
1875 1079 2313 1174 profectum?
2355 1080 2828 1152 Consueverat
2874 1081 3159 1176 quidem
3203 1083 3370 1155 olim

534 1210 846 1279 Romana
887 1203 1077 1276 curia
1114 1202 1479 1275 honestate
1521 1203 1825 1294 fulgere,
1869 1203 2196 1294 scientia,
2240 1203 2549 1275 moribus
2600 1213 2672 1276 et
2707 1205 3001 1295 virtute,
3047 1227 3181 1277 nec
3226 1208 3368 1279 for-

537 1340 704 1402 tune
750 1327 956 1400 minis
1020 1327 1459 1422 aliquatenus
1502 1326 1892 1421 expergisci
1936 1353 1954 1396 :
2003 1326 2167 1419 quia
2227 1326 2358 1397 sibi
2406 1326 2670 1399 firmius
2711 1328 2784 1398 in
2844 1328 3101 1400 virtute
3158 1351 3366 1422 quam

537 1456 608 1526 in
657 1474 826 1525 casu
861 1450 1243 1546 presidium
1285 1450 1676 1522 collocavit.
1724 1451 1926 1522 Nunc
1961 1471 2130 1523 vero
2178 1471 2300 1522 eos
2338 1450 2548 1557 ell'era
2585 1459 2959 1522 conterunt
2989 1473 3164 1545 quos
3203 1474 3369 1548 pro-

537 1597 743 1674 spera
784 1575 1227 1663 extulerunt;
1266 1583 1338 1646 et
1368 1572 1505 1645 dici
1538 1583 1769 1668 potest
1802 1594 1946 1645 non
1989 1574 2180 1645 curia
2213 1574 2339 1645 sed
2380 1595 2583 1664 cura,
2620 1596 2924 1647 marcam
2964 1576 3369 1650 desiderans

536 1702 696 1798 plus
747 1720 962 1792 quam
1010 1697 1320 1770 Marcum
1340 1749 1360 1787 ,
1419 1696 1588 1769 dum
1646 1699 2043 1770 Salmonem
2095 1699 2337 1790 legens
2394 1698 2686 1793 despicit
2733 1699 3200 1771 Salomonem.
3254 1701 3365 1773 An

537 1824 802 1897 Cesaris
855 1821 1295 1916 tyrannidem
1350 1821 1893 1916 pertimescunt?
1935 1821 2072 1894 Sed
2114 1820 2470 1894 hominem
2518 1823 2760 1894 timere
2806 1844 2947 1894 non
2994 1824 3207 1895 debet
3252 1825 3367 1896 cui

535 1947 871 2019 Dominus
926 1955 1032 2017 est
1083 1944 1388 2037 adjutor.
1455 1946 1631 2016 Sunt
1662 1945 1873 2016 ¹enim
1919 1944 2032 2041 (Ρ)
2078 1942 2179 2041 (a)
2230 1946 2515 2038 quidam
2564 1946 2911 2042 principes
2951 1950 3366 2042 temporales

536 2071 789 2164 quibus
828 2068 1020 2164 quod
1058 2069 1226 2141 libet
1268 2068 1467 2157 licet,
1503 2068 1696 2160 quod
1733 2069 1893 2140 licet
1921 2078 2247 2163 possunt,
2291 2069 2482 2162 quod
2518 2081 2807 2163 possunt
2846 2071 3142 2162 audent,
3175 2072 3366 2164 quod

537 2193 799 2265 audent
833 2193 1096 2265 faciunt
1135 2222 1152 2264 ι
1187 2192 1491 2264 alumnis
1527 2192 1899 2263 molestum
1932 2192 2156 2263 videri
2192 2213 2334 2263 non
2371 2192 2614 2283 dehet,
2659 2193 2716 2263 si
2757 2192 3178 2267 fortitudinis
3212 2198 3361 2291 cly-

538 2338 746 2411 peum
781 2338 922 2389 non
966 2326 1453 2407 contemnunt;
1492 2325 1599 2386 est
1639 2314 1824 2387 enim
1864 2315 2198 2389 fortitudo
2231 2316 2668 2388 considerata
2705 2317 3169 2410 periculorum
3207 2341 3361 2391 sus-

538 2440 764 2535 ceptio
824 2440 1319 2535 perpessioque
1360 2439 1702 2511 laborum.
1753 2439 1837 2509 Et
1897 2437 2061 2531 quia
2109 2448 2215 2509 est
2260 2438 2350 2509 de
2392 2438 2799 2510 fortitudine
2848 2439 3014 2512 satis
3059 2441 3355 2531 dictum,

536 2586 725 2637 nunc
776 2563 869 2637 de¹
919 2564 1290 2659 prudentia
1336 2563 1824 2655 subjungatur,
1874 2582 2012 2654 que
2053 2562 2233 2634 adeo
2288 2561 2511 2652 utilis,
2563 2562 2776 2635 immo
2822 2565 3207 2635 necessaria
3259 2576 3365 2637 est

536 2688 820 2783 prelatis
852 2688 1044 2781 quod
1080 2687 1228 2760 sine
1261 2687 1379 2758 illa
1417 2707 1542 2757 sue
1577 2685 1931 2778 dignitatis
1960 2685 2252 2776 gloriam
2282 2706 2424 2757 non
2458 2696 2836 2758 merentur.
2871 2689 3357 2760 Verumtamen

537 2812 871 2906 preterire
913 2832 1055 2883 non
1093 2811 1263 2884 libet
1288 2810 1479 2904 quod
1516 2808 1884 2906 prudentia
1927 2819 2033 2880 est
2070 2806 2164 2881 ad
2200 2810 2495 2900 malum,
2536 2811 2821 2904 quando
2854 2811 2977 2905 qui
3021 2811 3359 2885 honorem

537 2934 934 3008 desiderant
965 2957 1143 3007 onus
1184 2935 1445 3023 vitant,
1496 2954 1777 3028 preesse
1818 2932 2253 3024 desiderant,
2291 2934 2677 3027 profectum
2719 2936 3080 3027 negligunt
3118 2938 3357 3009 subdi-

541 3067 794 3150 torum,
819 3059 1356 3132 sollicitudinem
1392 3057 1667 3149 fugiunt
1698 3066 1769 3128 et
1802 3056 2138 3144 laborem,
2178 3056 2554 3128 intendunt
2588 3079 2831 3131 somno
2864 3069 2936 3130 et
2967 3060 3258 3148 libidini,
3287 3070 3360 3132 et

541 3182 723 3253 ludis
763 3193 830 3255 et
862 3184 1085 3278 epulis
1118 3183 1579 3254 delectantur.
1614 3181 1815 3252 Tales
1855 3180 2094 3272 utique
2135 3189 2484 3275 pastores,
2525 3204 2666 3254 non
2703 3193 3014 3278 pastores
3047 3185 3173 3256 sed
3211 3185 3357 3280 lupi

540 3304 923 3401 impiissimi
966 3307 1100 3380 dici
1140 3314 1461 3401 possunt,
1503 3326 1800 3398 quorum
1839 3303 2127 3401 perfidia
2173 3316 2414 3376 sancta
2456 3308 2676 3379 Mater
2718 3308 3023 3379 Ecclesia
3071 3311 3355 3381 concul-

544 3439 763 3520 catur,
804 3428 977 3502 fldes
1015 3430 1423 3519 conteritur,
1456 3451 1614 3523 spes
1655 3427 2082 3499 subtrahitur
2121 3437 2193 3499 et
2237 3428 2538 3500 charitas
2570 3430 2895 3503 radicitus
2939 3434 3350 3528 extirpatur.

541 3551 678 3623 Vos
724 3552 935 3645 igitur
976 3553 1099 3645 qui
1137 3554 1458 3625 columne
1516 3551 1938 3623 remansistis
1987 3551 2451 3623 ecclesiastice
2499 3552 2875 3645 firmitatis,
2916 3556 3355 3628 animadver-

538 3675 729 3748 sione
771 3678 1089 3772 respicite
1131 3677 1480 3769 diligenti,
1518 3677 1576 3748 si
1619 3676 1912 3767 alicujus
1955 3676 2178 3767 gratia
2199 3729 2218 3766 ,
2256 3677 2418 3749 odio
2445 3679 2560 3749 vel
2596 3678 2840 3750 timore
2879 3678 3358 3774 postponenda

542 3799 762 3872 facitis
801 3803 914 3874 vel
955 3801 1366 3897 postponitis
1400 3801 1756 3889 facienda,
1792 3821 1925 3870 nec
1964 3820 2091 3894 pro
2127 3801 2386 3872 tuenda
2424 3801 2888 3874 ecclesiastica
2920 3802 3236 3873 libertate
3268 3802 3356 3873 de

541 3924 957 3996 Francorum
993 3924 1301 3997 subsidio
1341 3924 1705 4014 dubitetis,
1739 3923 1904 4017 quia
1935 3944 2269 4015 regnum,
2303 3947 2634 4019 personas
2670 3936 2741 3996 et
2767 3925 3097 4020 pecunias
3128 3935 3357 3997 vestre

544 4049 1029 4122 committimus
1075 4051 1425 4146 potestati.
1464 4050 1616 4122 Non
1659 4049 1842 4121 enim
1891 4048 2213 4120 timemus
2248 4049 2541 4141 alicujus
2578 4049 2906 4142 principis
2941 4048 3089 4120 sive
3118 4049 3357 4122 odium

544 4171 678 4244 dici
713 4184 1030 4268 oporteat
1066 4175 1213 4247 sive
1254 4174 1601 4264 fraudem,
1632 4194 1843 4267 quem
1874 4172 2222 4244 nescimus
2249 4194 2391 4266 quo
2425 4172 2707 4244 nomine
2736 4173 3167 4268 appellemus
3198 4194 3358 4245 cum

547 4316 673 4367 rex
703 4319 854 4369 esse
892 4299 1197 4393 postulet
1236 4309 1306 4370 et
1341 4297 1666 4370 sacerdos
1697 4295 1829 4393 (l).
1875 4298 2193 4369 Ceterum
2226 4316 2386 4367 cum
2427 4297 2546 4387 jus
2586 4315 2878 4388 regnum
2920 4296 2991 4368 in
3041 4297 3357 4369 eamdem

632 4457 711 4537 (a)
753 4462 825 4521 In
856 4460 1007 4522 libro
1037 4478 1097 4520 n.

1942 4608 2347 4618 ———-----..-——·0

618 4697 690 4766 (⁴)
727 4697 1034 4760 Notandum
1065 4715 1078 4753 ε
1108 4712 1302 4770 nempe
1331 4696 1401 4753 ad
1427 4695 1759 4754 Fridericum
1784 4695 2149 4755 verisimiliter
2169 4694 2444 4751 alluditur.
