4364 5738
687 2910 965 3020 ιιιὲἓῖξῗιιᾶ

1076 560 1198 621 456
2076 564 2500 627 nmmum
2550 565 2896 628 sncumm
3511 568 3679 649 [Ans.
3714 569 3890 632 1246.

1077 695 1381 790 priorem
1442 694 1755 787 ejusdem
1807 698 2054 770 casalis
2096 710 2169 770 et
2213 698 2531 772 homines
2579 701 2793 796 ipsius
2841 701 3053 773 facias
3096 702 3412 797 paciffica
3464 706 3895 801 Mons

1074 817 1383 910 gaudere
1424 839 1555 890 nec
1590 819 1960 913 permictas
1997 822 2184 918 ipsos
2221 823 2523 917 priorem
2569 835 2641 897 et
2677 823 2991 897 homines
3021 825 3115 898 ab
3162 827 3412 900 eodem
3445 828 3779 902 Adinulfo
3820 830 3890 901 in

1075 941 1229 1013 aliis
1268 941 1576 1013 indebite
1609 943 1986 1016 molestari.

1169 1066 1418 1136 Datum
1448 1065 1652 1157 Sore,
1688 1067 1932 1140 ultimo
1963 1069 2267 1161 augusti,
2306 1069 2546 1163 quinte
2578 1069 2974 1143 indictionis
2999 1069 3059 1167 (⁴
3076 1069 3131 1166 ).

1170 1188 1373 1274 Quod
1400 1190 1789 1282 predictum
1829 1175 2101 1263 sacrum
2134 1193 2493 1289 imperiale
2531 1193 2939 1288 rescriptum
2975 1215 3109 1286 ego
3138 1195 3259 1289 qui
3298 1218 3507 1292 supra
3545 1197 3889 1273 lohannes

1071 1312 1392 1407 puplicus
1424 1311 1791 1385 Melfiensis
1825 1316 2135 1386 notarius
2171 1316 2570 1411 transcripsi
2597 1317 2687 1390 de
2731 1317 2950 1389 verbo
2989 1317 3082 1390 ad
3121 1318 3447 1408 verbum,
3482 1322 3646 1414 quia
3679 1324 3885 1416 origi-

1071 1435 1231 1505 nale
1253 1434 1398 1506 vidi
1432 1444 1503 1506 et
1528 1436 1666 1527 legi
1695 1458 1838 1508 una
1865 1459 2025 1509 cum
2058 1437 2372 1532 predicto
2391 1438 2630 1531 judice
2658 1448 2729 1510 et
2748 1440 3038 1511 testibus
3064 1440 3475 1532 subnotatis,
3514 1453 3584 1516 et
3609 1466 3887 1541 presens

1072 1558 1428 1653 publicum
1476 1559 1972 1631 documentum
2020 1573 2258 1634 nostro
2308 1573 2640 1635 consueto
2689 1563 2889 1654 signo
2933 1563 3238 1660 signavi,
3274 1567 3885 1664 subscriptionibus

1070 1681 1362 1777 predicti
1389 1683 1644 1774 judicis
1679 1695 1749 1754 et
1779 1684 2325 1781 subscriptorum
2361 1686 2637 1759 testium
2670 1687 3094 1761 roboratum.

1164 1806 1217 1896 ·1·
1267 1805 1496 1878 Melfia
1519 1807 1777 1879 Pascali
1811 1808 2071 1900 gaudet
2112 1809 2244 1881 sub
2272 1809 2511 1902 judice
2551 1810 2694 1881 tali.

1161 1930 1214 2020 -1·
1263 1930 1492 2002 Iudex
1521 1932 1821 2003 loannes
1846 1930 1936 2004 de
1967 1930 2196 2004 Melfia
2222 1932 2527 2004 interfui.

1163 2055 1216 2145 ·1·
1264 2055 1413 2147 Ego
1439 2054 1745 2126 Barchus
1777 2054 1866 2126 de
1896 2056 2212 2127 Ateclino
2245 2077 2357 2128 me
2396 2055 2796 2150 subscripsi.

1162 2176 1215 2266 ἦ·
1263 2178 1412 2270 Ego
1443 2178 1758 2251 Clemens
1785 2178 1876 2251 de
1903 2178 2243 2251 Ammatis
2272 2180 2649 2275 prescripta
2685 2177 3046 2253 confirmo.

1161 2299 1214 2389 ἦ·
1264 2302 1411 2394 Ego
1439 2302 1750 2394 Angelus
1781 2302 1948 2374 olim
1981 2300 2164 2373 filius
2193 2301 2525 2375 lobannis
2565 2302 2655 2374 de
2686 2303 2958 2396 Ligorio
2992 2306 3185 2379 testis
3216 2328 3396 2378 sum.

1168 2904 1591 2987 Fridericus
1606 2966 1630 3010 ,
1679 2905 2198 2987 Romanorum
2234 2909 2673 3013 imperator,
2716 2903 2978 2986 scribit
3028 2903 3463 2987 Sarraoenis
3516 2900 3866 3007 [Siciliae]

1007 3150 1012 3155 A
1062 3035 1552 3118 rebellionem
1589 3061 1857 3118 eorum
1894 3037 2293 3146 increpans
2328 3047 2404 3119 et
2439 3062 2520 3119 se
2557 3036 2653 3118 ad
2694 3035 3059 3120 ultionem
3096 3045 3450 3145 paratum
3485 3033 3868 3137 nuntianS,

1062 3167 1211 3248 nisi
1249 3167 1578 3275 praefixo
1613 3181 1951 3276 tempore
1987 3195 2030 3251 e
2079 3168 2472 3252 montibus
2508 3168 2607 3250 ad
2640 3167 3033 3276 planitiem
3067 3168 3553 3250 descendant.

1223 3380 1487 3459 (Edider.
1516 3383 1811 3441 Munus
1840 3390 1899 3442 et
1926 3384 2225 3457 Donum,
2255 3377 2524 3461 Ampliss.
2558 3377 2801 3456 collect„
2830 3388 2875 3442 t.
2910 3381 2994 3451 11,
3023 3379 3140 3441 col.
3175 3389 3538 3459 1154-1155,
3574 3388 3643 3439 11⁰
3667 3377 3866 3451 xxm

1297 3488 1433 3548 coll.
1464 3505 1599 3547 cum
1627 3488 1757 3548 cod.
1780 3488 1934 3549 Bibl.
1962 3490 2157 3550 cesar.
2181 3488 2397 3565 Paris„
2408 3484 2593 3565 fonds
2615 3482 3361 3563 Sciat-Germain-Harlay,
3381 3500 3519 3563 pars
3547 3484 3632 3562 11,
3654 3493 3719 3543 n⁰
3746 3479 3869 3559 54.)

1156 3674 1543 3747 Fridericus
1564 3727 1583 3763 ,
1630 3684 1799 3766 etc.,
1849 3673 2282 3764 Sarracenis,
2326 3683 2461 3745 etc.
2509 3673 2580 3744 Si
2622 3671 2863 3744 essetis
2917 3671 3236 3744 homines
3279 3681 3351 3743 et
3395 3669 3873 3743 discretionem

1058 3798 1363 3891 aliquam
1398 3797 1775 3889 haberetis,
1807 3796 2178 3868 studeretis
2214 3797 2454 3889 utique
2490 3805 2721 3867 vestre
2753 3795 3286 3890 presumptionis
3322 3812 3687 3889 processus
3724 3811 3872 3862 cas-

1059 3923 1390 4014 tigatione
1423 3921 1701 4018 propria
1733 3920 2094 4015 prevenire
2137 3941 2268 3992 nec
2305 3928 2675 4014 expectare
2709 3919 2841 3991 sub
2882 3919 3125 3990 insana
3161 3916 3418 3990 fiducia
3454 3926 3528 3988 et
3562 3914 3712 4010 spei
3747 3913 3874 3984 fal·

1130 4199 1202 4273 (4)
1239 4201 1412 4274 Hujus
1437 4198 1742 4256 indictionis
1767 4198 1970 4258 notatio
2010 4212 2119 4254 non
2157 4196 2367 4254 admitti
2405 4202 2584 4269 potest
2599 4238 2615 4268 ,
2659 4211 2826 4268 quum
2866 4196 3052 4269 quinta
3092 4195 3310 4253 indictio
3342 4209 3531 4252 mense
3554 4197 3781 4267 augusto
3817 4191 3873 4248 in

1058 4311 1263 4352 annum
1295 4296 1434 4353 ⁴2⁴7
1468 4296 1667 4353 incidat
1700 4301 1759 4353 ct
1782 4303 1912 4353 tunc
1933 4294 2192 4369 temporis
2220 4293 2520 4351 Fridericus
2552 4294 2608 4350 in
2635 4293 2915 4352 obsidione
2945 4295 3169 4352 Parmae
3198 4299 3261 4351 ut
3285 4293 3423 4350 infra
3457 4299 3632 4366 patet,
3663 4290 3869 4349 detine·

1058 4396 1227 4449 retur.
1262 4390 1416 4448 Unde
1449 4390 1773 4447 credendum
1811 4390 1926 4448 sive
1965 4390 2202 4448 scribam
2239 4388 2572 4463 imperialem
2616 4388 2672 4445 in
2715 4388 2954 4462 originali
2995 4389 3111 4447 sive
3147 4388 3414 4446 notarium
3454 4384 3784 4445 Melflenssm
3819 4384 3873 4440 in

1058 4493 1397 4559 transumpto
1437 4501 1659 4543 erronee
1703 4487 1931 4544 verbum
1965 4489 2151 4561 quinte
2187 4501 2286 4560 pro
2325 4492 2516 4560 quarte
2552 4484 2860 4559 scripsisse;
2904 4485 3006 4541 nisi
3048 4486 3123 4543 sit
3147 4484 3550 4554 arbitrandum,
3587 4481 3732 4557 quod
3761 4481 3872 4554 jam

1056 4583 1311 4657 suspicati
1348 4596 1561 4652 sumus,
1591 4581 1935 4640 indictionem
1965 4598 2214 4656 mecsm
2241 4581 2315 4639 ab
2350 4582 2539 4640 ultimo
2580 4582 2669 4641 die
2698 4584 2913 4656 augusti
2951 4582 3160 4640 initium
3197 4582 3482 4655 aliquando
3516 4581 3748 4654 cepisse.
3787 4575 3865 4634 Cf.

1058 4679 1380 4748 Introduct„
1408 4684 1557 4754 part.
1587 4678 1996 4754 diplom-atiquo,
2024 4696 2081 4754 p.
2110 4680 2298 4738 XLIII.
