4364 5738
1017 584 1142 648 Q
2011 591 2440 655 tammum
2487 589 2829 652 ssscuxm
3449 589 3613 673 [An.
3649 588 3823 651 1245.

1018 721 1211 814 quod
1254 721 1311 792 si
1347 733 1548 817 pacta
1597 724 1925 823 deinceps
1965 749 2110 801 non
2165 736 2511 815 servaret,
2562 724 2867 797 Ecclesie
2918 723 3077 797 totis
3118 723 3384 797 viribus
3434 724 3832 796 assisterent

1018 853 1260 916 contra
1293 846 1768 943 impudentem
1804 852 2248 925 ecclesiastici
2284 850 2539 924 federis
2569 858 3143 942 transgressorem
3168 845 3303 945 (l).
3337 848 3475 921 Sed
3505 849 3668 942 quia
3697 847 3827 921 hec

1017 986 1211 1039 cassa
1253 981 1622 1043 censentur
1653 982 1723 1045 et
1758 996 1982 1066 vana,
2031 975 2266 1048 videte
2306 995 2397 1045 ne
2434 994 2477 1045 a
2511 972 2784 1045 Rubino
2829 981 2899 1044 et
2941 969 3195 1043 Albino
3236 968 3338 1067 (2)
3384 971 3651 1043 seducti
3700 992 3820 1043 seu

1014 1089 1215 1161 vanis
1255 1091 1479 1165 delusi
1528 1092 1871 1187 figmentis
1905 1098 2166 1171 linceos
2217 1097 2524 1170 Ecclesie
2579 1094 2990 1168 obnubilent
3042 1073 3281 1167 oculos
3321 1094 3674 1167 blanditiis
3707 1094 3817 1166 vel

1017 1221 1303 1287 terrore.
1376 1216 1741 1301 Quomodo
1791 1221 2058 1293 absolvi
2111 1231 2342 1317 potest
2391 1220 2507 1291 ille
2572 1218 2994 1292 carcerarius
3047 1219 3168 1312 qui
3226 1217 3457 1290 adhuc
3513 1215 3822 1309 geminos

1011 1335 1566 1433 archiepiscopos
1610 1342 2080 1415 Ravennatem
2124 1354 2196 1416 et
2237 1343 2686 1417 Tarentinum
2720 1340 2826 1437 (3)
2863 1351 2935 1414 et
2976 1342 3210 1437 plures
3254 1340 3614 1436 episcopos
3660 1361 3818 1412 cum

1012 1462 1402 1533 numerosis
1434 1464 1701 1536 clericis
1738 1475 1807 1536 et
1836 1467 2029 1539 laicis
2059 1466 2383 1540 fidelihus
2412 1466 2720 1539 Ecclesie
2757 1465 2827 1536 in
2858 1465 3056 1557 regni
3089 1464 3353 1536 detinet
3378 1461 3802 1559 labyrintho?

1010 1582 1374 1666 Quomodo
1410 1587 1833 1659 reconciliari
1867 1589 2111 1680 debet,
2147 1613 2308 1662 cum
2340 1590 2646 1662 Ecclesie
2685 1588 3056 1661 concilium
3093 1587 3463 1682 impediat,
3507 1587 3814 1660 destruat

1010 1704 1499 1799 patrimonium
1546 1731 1798 1803 sponse
1847 1712 2138 1784 Christi?
2182 1764 2684 1785 .......
2735 1710 3090 1783 Attendite
3139 1710 3373 1804 itaque
3422 1708 3811 1801 diligentius

1008 1846 1097 1897 ne
1129 1827 1435 1900 reddatis
1467 1826 1646 1929 [vos]
1681 1834 1899 1926 magis
1933 1835 2486 1929 contemptibiles
2530 1834 2854 1907 omnibus
2892 1834 3215 1925 gentibus
3257 1833 3356 1904 sic
3396 1832 3707 1920 delusos,
3744 1842 3811 1903 et

1006 1948 1065 2020 si
1097 1952 1418 2042 evaserit,
1458 1956 1787 2027 recedant
1820 1958 1910 2029 ab
1945 1960 2255 2030 Ecclesia
2285 1979 2526 2029 omnes
2552 1958 2672 2052 qui
2705 1958 2767 2028 ei
2804 1957 3123 2029 assistere
3153 1978 3341 2029 nunc
3369 1954 3808 2046 videbantur,

1005 2093 1088 2145 ac
1118 2096 1247 2170 per
1276 2076 1407 2148 ista
1435 2078 1671 2150 incitet
1706 2090 2036 2175 tyrannos
2069 2083 2242 2154 alios
2267 2083 2358 2155 ad
2387 2081 2927 2154 conculcandam
2958 2081 3334 2152 Ecclesiam
3360 2078 3666 2173 undique
3694 2099 3814 2173 per

1005 2200 1434 2294 exemplum,
1473 2223 1556 2273 eo
1588 2204 1780 2296 quod
1803 2205 2024 2300 predo
2051 2206 2365 2298 gentium
2392 2227 2533 2278 non
2566 2204 2861 2276 intendit
2886 2204 3118 2297 aliqua
3141 2203 3424 2275 mobilia
3455 2203 3815 2273 restituere

1003 2343 1135 2393 nec
1170 2323 1547 2397 immobilia
1580 2327 1637 2397 si
1669 2329 1948 2422 poterit,
1992 2328 2081 2400 de
2113 2330 2367 2422 quihus
2398 2328 2656 2401 ditatus
2697 2326 2986 2397 nimium
3029 2326 3408 2399 Ecclesiam
3447 2326 3810 2421 impugna·

999 2444 1138 2534 vit,
1192 2447 1519 2519 estimans
1577 2451 1853 2520 tractari
1899 2451 2132 2522 mitius
2176 2453 2543 2544 minusque
2589 2451 2818 2546 puniri
2861 2451 3222 2522 occasione
3276 2449 3561 2521 subsidii
3607 2450 3810 2522 Terre

998 2569 1280 2659 Sancte,
1314 2591 1474 2641 cum
1506 2571 1652 2664 ipse
1686 2573 1889 2644 inane
1918 2574 2271 2668 piaculum
2308 2574 2552 2645 offerat
2584 2583 2866 2668 propter
2896 2573 3031 2645 hoc
3062 2573 3484 2667 inexpiabile
3518 2572 3708 2666 quod
3737 2573 3805 2643 in

1000 2690 1269 2762 ruinam
1309 2694 1517 2765 Terre
1554 2695 1800 2767 Sancte
1833 2696 2265 2768 committere
2298 2717 2441 2767 non
2474 2696 2793 2791 expavit,
2834 2705 2904 2767 et
2934 2695 3110 2768 adeo
3141 2695 3517 2786 flagitiosus
3547 2694 3808 2765 censeri

999 2814 1278 2907 debeat,
1315 2817 1503 2911 quod
1532 2818 1754 2890 omnis
1783 2841 1962 2914 pena
1991 2840 2129 2912 qua
2166 2819 2483 2891 mulctari
2515 2829 2749 2915 posset
2777 2819 3064 2893 deberet
3095 2819 3376 2891 inferior
3398 2818 3693 2911 judicari
3728 2837 3808 2891 ac

999 2939 1699 3034 improportionabilis
1748 2953 1988 3015 contra
2037 2944 2263 3037 ipsum
2307 2943 2398 3015 ad
2437 2943 2816 3015 vindictam
2869 2942 3103 3015 debite
3155 2942 3459 3015 ultionis.
3510 2941 3805 3035 Ideoque

999 3060 1147 3156 ipse
1176 3062 1390 3134 libere
1425 3065 1672 3157 spoliat
1704 3066 2030 3136 ecclesias
2069 3078 2138 3136 et
2170 3067 2243 3136 in
2276 3068 2426 3158 ejus
2460 3076 2814 3159 grassatur
2844 3064 3058 3156 filios,
3099 3065 3524 3160 impunitatis
3559 3064 3805 3138 fiducia

1000 3204 1095 3255 ex
1129 3194 1320 3256 tanto
1359 3185 1617 3277 flagitio
1646 3189 1793 3280 jam
1827 3201 2248 3283 presumpta.
2297 3192 2440 3261 Hec
2466 3202 2702 3262 autem
2731 3211 2953 3285 pauca
2982 3190 3071 3262 de
3103 3189 3371 3279 multiS,
3412 3210 3804 3282 quanquam

1000 3306 1337 3401 prolixius
1373 3320 1680 3398 exarata,
1719 3310 1930 3382 immo
1966 3321 2125 3381 sunt
2158 3323 2518 3406 compacta
2553 3333 2669 3402 ne,
2708 3334 2868 3385 cum
2897 3313 3282 3405 ignorantia
3308 3313 3467 3384 facti
3499 3313 3803 3408 plerum-

996 3451 1134 3524 que
1160 3430 1347 3503 fallat
1375 3432 1744 3525 plurimoS,
1776 3433 1993 3506 hostis
2019 3435 2229 3506 astuti
2261 3435 2604 3508 simulatio
2632 3436 3072 3508 frandulenta
3100 3436 3399 3531 decipiat
3425 3436 3806 3509 nescientes

999 3561 1189 3623 tante
1224 3553 1593 3648 impietatis
1628 3576 1839 3649 opera
1873 3578 2009 3648 que
2040 3556 2220 3647 gerit
2260 3568 2330 3629 et
2364 3559 2577 3649 gessit
2623 3570 2862 3631 contra
2898 3561 3116 3631 Deum
3157 3570 3228 3632 et
3275 3559 3651 3632 Ecclesiam
3692 3558 3803 3631 hic

995 3684 1343 3747 versutus.
1382 3677 1557 3748 Nam
1588 3699 1745 3749 cum
1782 3679 2203 3750 fraudulenti
2231 3702 2397 3753 vasa
2429 3682 2566 3753 sint
2603 3682 2935 3778 pessima,
2972 3683 3190 3755 multa
3221 3683 3393 3754 falsa
3417 3692 3801 3754 commenta

994 3799 1366 3871 concinnat
1399 3800 1491 3871 ad
1518 3801 1911 3895 perdendos
1939 3803 2138 3874 mites
2169 3804 2243 3874 in
2266 3826 2582 3878 sermone
2613 3807 2982 3898 mendacii,
3012 3829 3102 3879 ne
3131 3809 3456 3901 loquatur
3485 3807 3800 3879 dominus

1063 4074 1135 4146 (⁴)
1171 4074 1318 4132 Haec
1344 4074 1526 4132 omnia
1554 4074 1710 4132 valde
1736 4075 1991 4147 notanda,
2022 4093 2190 4150 quum
2217 4093 2318 4135 nos
2345 4078 2570 4137 doceant
2595 4095 2736 4153 quae
2761 4081 2960 4138 suerint
2985 4080 3209 4139 ultimae
3238 4081 3573 4140 conditiones
3597 4081 3742 4156 pacis
3765 4095 3797 4138 a

992 4168 1263 4228 Friderico
1292 4171 1420 4229 Sedi
1445 4172 1784 4245 Apostolicae
1810 4173 2024 4232 oblatae
2049 4181 2174 4232 ante
2201 4175 2556 4248 Lugdunense
2584 4179 2884 4236 concilium.

1068 4265 1144 4336 (2)
1177 4266 1391 4325 Scilicet
1417 4284 1607 4326 aurum
1633 4273 1690 4326 et
1714 4277 2024 4343 argentum3
2055 4272 2199 4330 unde
2226 4272 2443 4346 satyrici
2473 4289 2662 4332 versus
2694 4292 2709 4331 z

1381 4391 1635 4466 Martyris
1662 4392 1842 4450 Albini
1865 4410 2071 4454 necnon
2099 4402 2155 4453 et
2179 4396 2423 4455 membra
2449 4396 2625 4454 Rufini

1451 4485 1507 4542 Si
1535 4489 1657 4559 quis
1682 4490 1873 4560 habet,
1898 4491 2100 4549 Romae
2123 4508 2370 4566 quaeque
2395 4493 2541 4551 valet
2561 4492 2761 4550 tacere.

1065 4602 1138 4676 (3)
1177 4603 1501 4662 Tarentinus
1526 4613 1705 4665 tamen
1732 4611 2163 4688 archiepiscopus
2195 4631 2302 4673 non
2328 4615 2385 4672 in
2419 4630 2664 4687 carcere,
2693 4615 2792 4674 sed
2822 4615 2959 4674 liber
2986 4615 3044 4674 in
3069 4616 3409 4691 imperatoris
3440 4616 3589 4675 curia
3615 4630 3798 4674 mense

992 4700 1185 4760 martio
1209 4699 1544 4760 morabatur.
1569 4704 1650 4764 Cr.
1681 4722 1875 4782 supra,
1906 4725 1964 4782 p.
1991 4713 2117 4769 263.
