4364 5738
1540 287 1560 340 ί

579 553 779 612 lamet.
816 551 944 627 15.]
1465 541 1858 604 HISTORIA
1908 537 2500 600 DIPLOMATICA.
3359 546 3393 601 7

577 687 808 761 omnia
845 686 1029 756 bona
1058 703 1181 754 sua
1215 682 1346 753 sub
1390 688 1625 750 nostra
1669 688 1739 749 et
1777 677 2047 771 imperii
2089 673 2545 769 protectione,
2591 673 2829 743 favore
2877 680 2946 744 et
2990 672 3395 747 defensione

579 810 972 905 accepimus
999 805 1313 901 speciali3
1351 803 1689 899 presentis
1718 800 1956 895 scripti
1986 798 2393 870 auctoritate
2431 796 2841 867 mandantes
2872 809 3214 888 quatenus
3241 800 3399 871 nul-

581 938 689 1007 lus
716 935 805 1006 sit
836 932 957 1026 qui
984 929 1333 1026 predictos
1364 926 1784 998 comitissam
1814 933 1884 995 et
1917 922 2094 994 filios
2122 922 2273 1012 ejus
2307 921 2376 990 in
2411 920 2723 1014 personis
2754 921 2932 1010 suiS,
2959 923 3233 1013 castriS,
3271 922 3397 995 ho-

583 1058 910 1145 minibuS,
944 1052 1218 1125 familiis
1251 1050 1552 1123 ethonis
1598 1070 1838 1121 eorum
1884 1047 2251 1118 molestare
2294 1053 2680 1139 presumat,
2716 1044 2841 1116 sed
2890 1056 3218 1138 tanquam
3267 1050 3397 1120 sub

580 1193 814 1255 nostre
838 1177 1281 1276 protectionis
1311 1185 1520 1268 atque
1549 1172 1968 1245 defensionis
1999 1170 2220 1264 gratia
2258 1169 2665 1240 constitutos
2693 1170 2785 1240 ob
2813 1169 3143 1241 honorem
3183 1173 3401 1243 nostri

582 1306 903 1379 culminis
942 1302 1304 1375 indemnes
1346 1298 1693 1370 custodiat
1727 1307 1797 1368 et
1830 1296 2083 1366 illesoS.
2121 1294 2371 1367 Contra
2405 1315 2580 1385 quos
2609 1293 2663 1363 si
2691 1294 2847 1384 quis
2878 1297 3393 1390 presumpserit,

583 1428 1127 1521 indignationem
1154 1433 1387 1495 nostre
1421 1420 1847 1492 celsitudinis
1880 1439 1953 1488 se
1987 1417 2260 1489 noverit
2292 1417 2750 1487 incursurum.
2788 1417 2898 1488 Ad
2931 1417 3137 1509 hujus
3167 1430 3399 1490 autem

571 1562 815 1625 nostre
844 1547 1290 1646 protectionis
1316 1543 1720 1616 memoriam
1746 1563 2033 1638 presens
2059 1541 2392 1634 scriptum
2426 1539 2575 1610 fieri
2618 1541 3131 1633 maJestatisque
3167 1554 3400 1616 nostre

580 1676 805 1769 sigillo
829 1673 1163 1765 jussimus
1188 1668 1526 1761 insigniri.

678 1802 931 1873 Datum
968 1797 1410 1888 Fogie‚anno
1437 1792 1780 1864 dominice
1802 1788 2296 1862 incarnationis
2330 1788 2691 1859 millesimo
2721 1788 3194 1860 ducentesimo
3232 1812 3403 1883 qua·

584 1923 977 2016 dragesimo
1012 1920 1271 2015 primo,
1302 1938 1539 1989 mense
1577 1913 1911 2002 octobriS‚
1952 1911 2463 2005 quintedecime
2498 1911 2916 1984 indictionis,

693 2485 1111 2569 Pandulfus
1147 2485 1243 2567 de
1278 2482 1672 2566 Fasanella
1708 2481 2122 2591 imperialis
2158 2482 2236 2561 in
2277 2481 2548 2563 Tuscia
2583 2480 3018 2588 capitaneus
3055 2492 3131 2562 et
3174 2505 3404 2562 com·
3563 2504 3716 2554 senis.

3482 2558 3510 2599 2
3532 2556 3798 2599 novembris.

591 2644 819 2701 mune
899 2618 1229 2701 Senense
1308 2616 1794 2700 concordiam
1875 2615 2141 2697 ineunt
2218 2639 2443 2721 super
2508 2613 2943 2723 juramento
3024 2612 3407 2696 fidelitatis

503 2769 506 2773 ’
592 2750 687 2832 ab
745 2751 1186 2835 hominibus
1235 2753 1331 2833 de
1381 2749 1747 2835 Monterio
1801 2748 2288 2857 praestando,
2337 2748 2732 2830 reservatis
2767 2747 3189 2831 rationibus
3226 2747 3406 2832 dicti

591 2884 1017 2968 communis
1061 2897 1135 2969 et
1190 2884 1401 2968 salvo
1445 2885 1655 2994 quod
1692 2886 1788 2967 de
1823 2893 2037 2992 parte
2074 2880 2706 2964 Vulterranorum
2744 2881 2989 2964 eidem
3016 2884 3409 2967 communi

595 3016 932 3100 satisfiat.

754 3230 999 3310 (Inedit.
1033 3249 1129 3309 ap.
1167 3230 1332 3291 arch.
1369 3248 1586 3292 comm.
1624 3231 1895 3303 Senem„
1927 3229 2150 3292 Caleffo
2186 3229 2320 3289 dell’
2354 3234 2625 3302 assunta,
2668 3231 2911 3290 materia
2947 3233 3165 3306 prima,
3208 3241 3274 3292 n⁰
3313 3242 3411 3304 17,

817 3354 962 3414 par.
1000 3336 1118 3416 11.)

692 3527 768 3595 In
796 3524 1078 3596 nomine
1114 3522 1415 3614 Domini,
1448 3543 1682 3593 amen.
1719 3522 1861 3594 Hec
1890 3531 1995 3593 est
2024 3521 2392 3594 concordia
2429 3521 2608 3593 facta
2642 3521 2824 3593 inter
2853 3522 3213 3594 dominum
3235 3525 3411 3595 Pan-

595 3644 863 3717 dulfum
909 3646 998 3719 de
1041 3646 1463 3718 Fascianella
1508 3645 1937 3739 imperialem
1979 3646 2050 3717 in
2096 3645 2340 3717 Tuscia
2385 3646 2825 3739 capitaneum
2871 3648 3265 3739 generalem
3324 3669 3415 3718 ex

596 3779 790 3864 parte
816 3792 958 3843 una
982 3782 1052 3842 et
1081 3771 1439 3844 dominum
1456 3769 1958 3842 Bernardinum
1981 3769 2081 3841 Pii
2098 3772 2476 3841 Senensem
2495 3779 2909 3866 potestatem
2933 3780 3005 3843 et
3029 3770 3412 3842 Iohannem

595 3891 993 3985 Passignani
1040 3893 1383 3966 sindicum
1420 3893 1735 3965 comunis
1769 3893 2092 3965 Senensis
2128 3914 2256 3988 pro
2286 3893 2564 3964 comuni
2592 3894 2882 3964 Senensi
2909 3902 2979 3964 et
3005 3892 3273 3964 civibus
3302 3894 3417 3964 Se·

599 4036 844 4087 narum
866 4018 984 4110 qui
1010 4017 1272 4089 habent
1288 4016 1497 4089 affare
1515 4017 1586 4086 in
1607 4016 1944 4089 Monterio
1962 4038 2056 4088 ex
2080 4018 2326 4105 altera,
2360 4017 2549 4109 quod
2576 4016 2933 4110 promittat
2959 4037 3255 4089 comune
3283 4019 3408 4090 Se·

598 4160 813 4212 nense
855 4141 1042 4213 dicto
1087 4141 1450 4234 capitaneo
1491 4138 1641 4211 fieri
1686 4139 2054 4213 fidelitates
2097 4163 2225 4236 pro
2274 4140 2557 4213 domino
2600 4150 2837 4211 nostro
2873 4140 3289 4236 imperatore
3325 4144 3418 4216 ad

599 4284 884 4358 presens
907 4263 998 4336 ab
1034 4264 1168 4335 illis
1202 4262 1660 4367 de‘Monterio
1676 4316 1697 4355 ,
1723 4265 1919 4337 salvo
1946 4275 2017 4336 et
2043 4274 2340 4359 excepto
2372 4264 2443 4334 in
2463 4265 2862 4355 juramento
2889 4263 3237 4338 fidelitatis
3260 4268 3418 4357 jure

602 4386 788 4480 quod
815 4408 1111 4459 comune
1134 4389 1439 4460 Senense
1459 4396 1530 4459 et
1545 4388 1732 4460 cives
1762 4388 2103 4460 Senenses
2133 4388 2375 4460 dicunt
2402 4409 2476 4460 se
2504 4389 2599 4459 ibi
2627 4389 2911 4483 habere,
2943 4400 3014 4461 et
3043 4391 3174 4463 hoc
3206 4403 3410 4487 pacto

605 4508 790 4600 quod
830 4510 1108 4582 interim
1145 4531 1290 4585 non
1325 4510 1544 4606 possit
1578 4508 1728 4583 fieri
1761 4511 1861 4582 eis
1890 4510 2173 4604 aliquod
2204 4510 2609 4583 mandatum
2641 4513 2710 4583 in
2744 4514 3204 4608 prejudicium
3243 4516 3406 4587 dicti

598 4630 771 4720 juris
797 4633 988 4725 quod
1016 4655 1310 4705 comune
1339 4633 1507 4705 dicit
1531 4656 1606 4705 se
1640 4634 1897 4706 habere
1934 4656 2062 4706 nec
2098 4635 2170 4705 in
2206 4634 2662 4730 prejudicium
2695 4637 3157 4731 perceptionis
3181 4638 3410 4709 reddi-
