4364 5738
545 521 748 584 hm.
779 519 873 597 4.]
1441 515 1839 582 HISTORIA
1884 515 2481 581 ulrtonA‘rmA.
3250 518 3369 586 m

544 639 871 749 rogamus
923 665 996 726 et
1046 651 1410 726 hortamur
1460 661 1723 725 attente
1774 652 2189 727 mandantes
2245 652 2319 722 in
2370 650 2843 724 remissionem
2894 653 3374 749 peccaminum

547 775 977 870 injungendo
1016 785 1363 869 quatenus
1404 775 1495 846 de
1537 774 1762 867 gratia
1798 773 2094 869 Spiritus
2131 773 2366 844 Sancti
2410 771 2653 845 confisi
2696 775 3022 847 eumdem
3067 776 3372 870 lantgra-

546 899 740 973 vium
784 899 859 970 in
904 899 1377 971 Romanorum
1421 920 1659 990 regem
1707 907 1779 969 et
1818 898 1892 969 in
1932 896 2422 998 imperatorem
2468 898 2913 991 postmodum
2952 919 3371 994 promoven·

549 1021 756 1113 dum,
790 1043 950 1094 cum
995 1023 1341 1118 prefatum
1380 1019 1750 1116 imperium
1790 1019 1885 1093 ad
1927 1042 2219 1117 presens
2265 1007 2518 1091 vacare
2562 1030 2914 1111 noscatur,
2955 1021 3378 1094 unanimiter

548 1144 813 1241 absque
845 1144 1198 1219 dilationis
1236 1144 1604 1239 dispendio
1635 1143 1942 1236 eligatis,
1970 1141 2419 1216 intendentes
2451 1141 2587 1215 sibi
2614 1141 2916 1215 fideliter
2951 1154 3023 1215 et
3051 1154 3378 1217 constan·

550 1277 657 1340 ter
701 1290 785 1340 ac
824 1268 1119 1341 viriliter
1174 1268 1575 1339 assistentes
1622 1266 1717 1339 ad
1765 1267 2048 1339 laudem
2098 1275 2169 1339 et
2217 1265 2508 1359 gloriam
2549 1266 2824 1339 Domini
2876 1267 3042 1339 Jesu
3082 1267 3373 1361 Christi,

548 1389 888 1466 catholice
930 1389 1097 1464 fidei
1153 1401 1224 1462 et
1276 1390 1738 1464 ecclesiastice
1777 1390 2122 1464 libertatis
2182 1399 2637 1483 augmentum
2692 1399 2765 1462 et
2811 1390 3380 1485 tranquillitatem

548 1515 761 1590 totius
804 1516 1045 1611 populi
1086 1515 1467 1587 christiani.
1505 1516 1651 1589 Nos
1683 1516 1870 1587 enim
1906 1513 2223 1609 ejusdem
2258 1513 2532 1610 imperii
2573 1535 2658 1587 ac
2693 1527 2929 1588 vestra
2968 1525 3041 1588 et
3084 1515 3381 1589 aliorum

551 1639 944 1735 principum
964 1640 1356 1712 Theutouie
1387 1640 1672 1732 negotia
1703 1640 2136 1733 curabimus,
2166 1649 2454 1713 auctore
2478 1637 2815 1731 Domino,
2852 1638 3205 1714 indefessa
3236 1639 3381 1714 sol·

554 1761 913 1835 licitudine
953 1785 1393 1859 promovere.

646 1886 903 1958 Datum
934 1886 1294 1979 Lugduni,
1330 1886 1430 1958 xl
1456 1883 1797 1958 kalendas
1817 1886 2025 1977 maii,
2058 1905 2250 1958 anuo
2275 1885 2393 1958 m.

1918 2166 2014 2238 11.

649 2377 1128 2471 innocentius,
1193 2388 1364 2469 etc.,
1409 2378 1558 2472 regi
1600 2377 1889 2451 Boemie
1912 2431 1932 2467 ‚
1989 2389 2127 2450 etc.
2188 2375 2364 2464 Quia
2414 2376 2598 2449 inter
2649 2385 2920 2449 ceteros
2962 2375 3153 2449 orbis
3192 2377 3387 2473 prin-

556 2504 782 2599 cipes,
830 2512 1001 2595 etc.,
1044 2513 1119 2573 ut
1157 2504 1373 2594 supra
1409 2503 1487 2572 in
1512 2502 1943 2595 praecedente
1986 2499 2271 2594 epistola
2315 2523 2524 2595 usque
2575 2500 2923 2574 credimus
2969 2501 3381 2597 pariturum„

556 2628 731 2700 Hinc
764 2625 1085 2722 estquod
1113 2627 1562 2699 serenitatem
1593 2636 1788 2699 tuam
1816 2646 2216 2715 monemus,
2251 2647 2579 2719 rogamus
2606 2634 2679 2697 et
2702 2624 3066 2698 hortamur
3088 2635 3384 2715 attente,

558 2750 630 2821 in
662 2749 1138 2822 remissionem
1171 2749 1296 2821 tibi
1328 2749 1815 2844 peccaminum
1842 2749 2286 2841 injungentes
2314 2757 2661 2842 quatenus
2691 2748 2805 2848 pie
2837 2769 3140 2843 pensans
3176 2768 3389 2841 quam

556 2874 732 2947 dura
775 2875 1260 2970 persecutione
1304 2874 1432 2945 Dei
1479 2874 1860 2947 Ecclesiam
1900 2872 2296 2946 Fridericus
2341 2873 2698 2968 quondam
2737 2873 3212 2945 Romanorum
3253 2873 3388 2945 im-

557 3008 837 3094 perator
876 2998 1041 3069 olim
1074 2997 1401 3069 afflixerit
1442 3008 1516 3069 et
1554 2998 1785 3070 adhuc
1822 3007 2161 3093 concepte
2189 2997 2450 3069 malitie
2478 3007 2886 3092 prosecutor
2914 2996 3220 3090 affligere
3242 3017 3389 3070 uon

556 3122 881 3210 desistat,
936 3131 1009 3192 et
1047 3130 1309 3213 quanta
1357 3122 1822 3192 commotione
1859 3143 2267 3212 guerrarum
2314 3122 2510 3193 velut
2550 3122 2830 3193 fervens
2877 3121 3068 3217 pacis
3116 3121 3390 3193 emulus

557 3244 1007 3339 quamplures
1028 3243 1420 3337 provincias
1442 3243 1973 3318 christianorum
2001 3245 2437 3338 quassaverit
2455 3256 2527 3317 et
2552 3245 2903 3319 concutiat
2921 3245 3383 3338 incessantem

558 3366 1004 3439 considerans
1028 3367 1238 3438 etiam
1265 3366 1458 3459 quod
1482 3367 1541 3438 si
1566 3367 1837 3461 prefato
1859 3368 2155 3464 imperio
2179 3368 2392 3439 fuerit
2409 3366 2644 3440 divina
2665 3379 2999 3464 operante
3022 3370 3404 3442 clementia

557 3491 648 3564 de
676 3490 1019 3563 catholico
1052 3498 1124 3562 et
1175 3490 1431 3562 devoto
1477 3490 1894 3585 imperatore
1933 3491 2327 3585 provisum,
2387 3500 2460 3562 et
2497 3491 2714 3585 ipsius
2748 3492 3051 3564 Ecclesia
3091 3492 3390 3565 cessabit

561 3614 911 3686 tribulatio
951 3625 1024 3685 et
1073 3614 1261 3709 pacis
1310 3614 1768 3709 tranquillitas
1815 3614 2150 3686 reddetur
2181 3613 2458 3710 populis
2502 3612 2923 3704 christianis,
2975 3616 3185 3689 totius
3230 3615 3385 3687 dili-

556 3737 789 3828 gentie
821 3736 1130 3808 studium
1170 3735 1503 3808 adhibere
1534 3756 1947 3834 procurares
1982 3744 2063 3806 ut
2091 3736 2339 3811 electio
2372 3736 2461 3809 de
2498 3737 2810 3811 Romano
2848 3758 3010 3833 rege
3055 3737 3128 3808 in
3164 3737 3386 3833 impe·

558 3869 854 3932 ratorem
887 3859 1331 3955 postmodum
1371 3858 1846 3955 promovendo
1877 3858 2300 3931 unanimiter
2329 3859 2592 3954 absque
2637 3859 2986 3932 dilationis
3024 3857 3388 3955 dispendio

559 3981 974 4073 celebretur,
992 3983 1092 4054 ita
1126 3983 1317 4076 quod
1344 4005 1437 4054 ex
1460 3982 1600 4053 hoc
1630 3980 1895 4074 grande
1923 4003 1967 4054 a
1988 3984 2144 4055 Deo
2172 3984 2518 4079 premium
2551 3993 2623 4055 et
2644 3983 3044 4055 uberiorem
3071 3982 3165 4055 ab
3194 3982 3383 4080 Apo·

563 4105 800 4178 stolica
827 4105 1007 4178 Sede
1041 4108 1349 4178 favorem
1386 4106 1717 4199 consequi
1751 4106 2108 4179 merearis.

657 4229 913 4300 Datum
943 4229 1291 4322 Lugduni,
1322 4231 1417 4301 XI
1442 4229 1778 4301 kalendas
1811 4230 2004 4326 maii,
2042 4249 2229 4301 anno
2263 4231 2377 4301 111.

659 4349 737 4419 In
783 4351 1107 4422 eumdem
1136 4352 1428 4426 modum
1461 4351 1786 4447 episcopo
1818 4350 2302 4447 Herbipolensi
2315 4404 2341 4447 ,
2390 4349 2554 4426 duci
2591 4350 2949 4425 Bawariae
2965 4403 2987 4443 ,
3030 4350 3193 4425 duci
3218 4354 3385 4427 Bra-

561 4470 870 4565 banstae,
910 4473 1080 4547 duci
1116 4475 1505 4566 saxoniae,
1538 4474 1708 4568 ,duci
1744 4472 1841 4548 de
1878 4472 2327 4569 answick,
2365 4473 2754 4552 marchioni
2791 4473 3157 4568 Misnensi,
3198 4500 3384 4552 mar·

560 4592 927 4666 chionibus
952 4596 1713 4692 Brandeburgensibus.
1824 4640 1842 4653 υ

724 4716 832 4779 VI.
1470 4749 1474 4753 <
2990 4730 3061 4782 ει
