4364 5738
556 599 758 659 huet.
788 595 883 680 4.]
1460 593 1861 659 mvrena
1906 593 2514 661 mrtouArch.
3268 596 3390 668 ω

654 730 1097 826 [Fi-idericus,
1131 726 1304 827 ota]
1332 728 1608 805 Utinam
1652 725 1959 822 aliquem
1992 750 2091 806 ex
2124 729 2321 807 orbis
2357 739 2540 808 terre
2584 729 2916 809 tamn-ibus
2951 752 3096 809 non
3144 733 3389 813 lateret

556 857 774 929 fastus
817 856 1200 927 immensus
1247 875 1458 947 quem
1516 874 1831 925 summus
1889 854 2210 948 pontifex
2251 854 2589 927 adversus
2637 855 3026 950 potenciam
3075 866 3383 936 nostum

556 988 868 1068 exercet,
900 978 1094 1072 quod
1137 988 1322 1051 totus
1364 976 1670 1049 mundus
1715 987 2126 1068 agnosceret
2173 977 2432 1071 liquide
2471 979 2807 1071 justitiam
2853 989 3091 1051 nostre
3142 1001 3376 1054 cause.

551 1103 794 1199 Nuper
814 1102 998 1174 enim
1023 1122 1154 1173 nos
1184 1099 1306 1194 qui
1336 1120 1582 1194 pacem
1613 1120 1891 1194 semper
1915 1100 2235 1195 cupimus
2261 1110 2334 1173 et
2358 1089 2777 1196 cupivimus,
2797 1102 3000 1174 novit
3022 1104 3237 1194 Deus,
3258 1125 3383 1200 per

554 1227 950 1325 solempnes
978 1224 1274 1300 nuncios
1312 1231 1583 1299 nostros
1621 1224 1945 1300 eumdem
1989 1224 2252 1322 requiri
2293 1225 2583 1302 fecimus
2611 1236 2692 1302 ut
2720 1247 2850 1298 nos
2884 1226 3380 1304 monitionibus

550 1349 858 1426 Ecclesia
921 1369 1170 1445 parere
1222 1356 1501 1446 paratos
1558 1346 1633 1420 in
1687 1347 1995 1422 Ecclesia
2056 1348 2289 1422 sinum
2343 1348 2717 1448 reciperet,
2758 1349 2950 1443 quod
3009 1361 3253 1424 exorta
3301 1352 3377 1428 in

548 1472 816 1548 mundo
842 1481 1219 1571 propterea
1252 1471 1502 1547 seditio
1529 1470 1928 1567 sedaretur;
1967 1471 2089 1570 qui
2130 1480 2235 1546 tot
2272 1472 2610 1569 angustiis
2650 1472 2903 1569 quibus
2945 1473 3212 1548 dudum
3247 1497 3378 1556 nos

549 1606 623 1672 et
652 1594 996 1671 muudum
1022 1594 1255 1670 affecit
1281 1595 1597 1671 nondum
1630 1603 2026 1685 contentae,
2064 1595 2193 1670 sed
2230 1595 2639 1673 anhelanter
2662 1596 2971 1673 intentus
2998 1598 3178 1672 circa
3210 1621 3376 1699 nos-7

548 1729 734 1794 trum
763 1718 1251 1796 exterminium
1271 1719 1800 1816 sempiternum,
1832 1719 2097 1794 nedum
2121 1720 2485 1816 exaudire,
2516 1721 2642 1793 sed
2667 1721 2911 1798 audire
2938 1724 3376 1803 solummodo

547 1851 857 1918 nostram
884 1841 1293 1941 petitionem
1322 1843 1547 1918 noluit
1573 1864 1709 1919 nec
1740 1843 2026 1940 aliquod
2054 1844 2351 1918 verbum
2385 1846 2603 1944 pacis,
2648 1843 3199 1925 Animadvertite
3239 1848 3371 1946 igi-

548 1976 661 2040 tur
685 1966 750 2041 si
775 1975 1016 2041 servat
1041 1966 1140 2041 sie
1162 1966 1475 2042 Ecclesia
1511 1966 1784 2042 debitos
1813 1987 2046 2042 mores
2071 1988 2242 2042 suos
2257 2020 2282 2061 ,
2312 1989 2450 2063 que
2473 1976 2636 2066 post
2659 1970 2875 2064 patris
2894 1971 3107 2046 verba
3132 1973 3372 2050 matris

543 2091 762 2165 ubera
786 2090 1025 2186 largiri
1053 2089 1463 2166 christicolis
1493 2090 1878 2167 cousuevit.
1914 2089 2466 2167 Animadvertite
2496 2090 2555 2165 si
2588 2092 2791 2169 decet
2816 2113 3162 2169 summum
3191 2115 3368 2197 pon-

546 2217 799 2293 tificem
849 2218 1234 2292 secundum
1284 2219 1440 2314 ejus
1486 2218 1794 2293 officium
1843 2219 2031 2293 nolle
2080 2238 2352 2318 pacem.
2389 2216 2942 2294 Animadvertite
2985 2223 3220 2320 potius
3268 2224 3361 2316 si,

542 2343 734 2438 quod
756 2343 973 2433 absit,
1004 2363 1299 2441 pravum
1332 2343 1485 2438 ejus
1517 2342 1937 2416 desiderium
1961 2343 2276 2419 votivum
2308 2341 2398 2416 de
2424 2343 2626 2417 nobis
2652 2343 2997 2422 obtineret
3016 2346 3360 2444 effectum,

541 2468 712 2563 quid
731 2468 898 2544 inde
925 2468 1127 2542 vobis
1154 2476 1227 2542 et
1260 2467 1413 2542 aliis
1432 2467 1870 2568 principibus
1896 2477 2332 2563 sequeretur,
2367 2488 2544 2565 quos
2579 2468 2735 2545 leve
2765 2479 3043 2568 reputat
3072 2472 3219 2548 suis
3250 2472 3370 2550 de-

539 2589 1109 2667 bacchationibus
1132 2592 1581 2681 conculcarc3
1618 2599 1691 2665 et
1717 2591 1816 2667 sic
1846 2591 2358 2666 communicato
2389 2612 2548 2667 cum
2579 2591 2733 2665 aliis
2764 2592 3052 2670 consilio
3088 2605 3160 2671 et
3190 2595 3364 2674 deli-

537 2714 816 2806 berato,
857 2715 1234 2791 intentioni
1285 2736 1410 2789 sue
1468 2714 1701 2790 taliter
1749 2714 2046 2789 obvietis
2089 2714 2283 2811 quod
2334 2714 2821 2790 exhereditare
2865 2725 2987 2790 aut
3023 2739 3152 2813 pro
3197 2730 3364 2796 voto

539 2837 773 2915 delere
822 2840 1075 2915 summi
1120 2837 1484 2940 pontifices
1526 2847 1915 2933 nequeant,
1947 2846 2027 2913 ut
2072 2837 2474 2914 desiderant
2484 2892 2506 2934 ,
2535 2838 2849 2937 gentium
2889 2842 3205 2921 nationes
3248 2844 3358 2922 vel

537 2972 941 3058 potestates,
978 2965 1105 3039 sed
1134 2966 1289 3040 sota
1320 2964 1783 3062 spiritualium
1816 2963 2170 3059 prelatura
2206 2983 2450 3039 eorum
2484 2964 2771 3039 avidum
2809 2964 3058 3042 limitet
3087 2968 3361 3065 appeti·

538 3097 711 3161 tum.
744 3088 891 3162 Nec
918 3086 1256 3182 credatis,
1288 3109 1709 3184 quesumus,
1750 3096 1832 3162 ut
1860 3087 2079 3163 verba
2113 3087 2275 3163 talia
2313 3109 2769 3180 suggeramus
2801 3088 2992 3185 quod
3035 3092 3175 3164 ulla
3216 3093 3359 3169 for-

536 3211 728 3286 mido
757 3209 1110 3284 concutiat
1130 3211 1351 3284 animi
1378 3211 1602 3283 nostri
1628 3210 1874 3286 sedem
1912 3233 2006 3283 ex
2036 3210 2312 3286 fervore
2337 3210 2699 3286 iracundie
2731 3233 2855 3286 sue
2887 3214 3001 3290 vel
3032 3213 3360 3295 intentio-

537 3333 646 3403 nis
692 3333 843 3424 ejus
890 3329 1226 3425 nepharie
1277 3332 1653 3426 pravitate,
1702 3332 1824 3424 qui
1862 3333 1988 3403 Dei
2032 3331 2326 3404 dextera
2369 3333 2624 3405 nostris
2670 3335 2934 3406 viribus
2975 3347 3045 3408 et
3083 3339 3357 3429 juribus

532 3456 898 3529 assistente
935 3455 1176 3549 procul
1212 3454 1427 3526 dubio
1458 3454 1626 3527 dum
1665 3454 2046 3527 vixerimus
2073 3456 2165 3528 ab
2195 3456 2346 3548 ejus
2373 3477 2501 3528 nos
2523 3457 2796 3548 injustis
2826 3459 3357 3557 impugnationi-

531 3580 664 3652 bus
718 3578 1215 3669 defendemus,
1282 3577 1406 3650 sed
1480 3578 1643 3671 quia
1704 3580 2044 3651 vellemus
2103 3578 2402 3651 libenter
2453 3588 2534 3650 ut
2591 3580 2842 3651 nostris
2903 3583 3397 3678 omniumque-

535 3702 924 3801 punnipnm
948 3702 1249 3800 posteris
1277 3711 1469 3778 certa
1497 3722 1707 3801 super
1728 3701 1870 3778 hiis
1900 3712 1973 3779 et
1998 3701 2472 3779 indubitabilis
2497 3703 2836 3781 secmritas
2861 3715 3250 3806 pararetur,

633 4403 999 4489 Hemicus
1070 4405 1542 4515 lantgravius
1597 4403 2062 4513 Thuringiae
2079 4463 2106 4504 ,
2166 4404 2403 4512 vulgo
2453 4404 2744 4513 Respo,
2810 4405 3340 4496 Mediolanen-
3459 4423 3685 4531 ,33ξᾶ

528 4535 741 4620 sibus
800 4537 1176 4651 significat
1235 4537 1623 4651 quomodo
1677 4534 1907 4618 tertia
1976 4535 2169 4618 feria
2219 4547 2410 4663 post⁸
2463 4537 2978 4621 ascensionem
3035 4538 3340 4623 Domini

525 4668 726 4752 circa
761 4669 1230 4779 Herbipolim
1278 4670 1360 4751 in
1396 4694 1656 4780 regem
1692 4668 2218 4751 Romanorum
2268 4667 2552 4753 electus
2606 4667 2872 4780 fumat,
2915 4697 3342 4784 eorumque
