4364 5738
589 606 788 665 livmcr.
829 605 956 680 15]
1477 602 1871 663 HISTORIA
1916 601 2510 663 DIPLOMATICA.
3205 674 3218 679 ,
3326 603 3407 662 43

452 746 457 750 ’
591 740 844 813 torium
884 736 1295 834 prefiximus
1336 739 1429 810 ad
1470 760 1709 809 earum
1750 740 2206 810 intentionem
2241 738 2693 809 fundandam.
2745 738 2927 809 Infra
2968 760 3177 831 quem
3211 749 3403 810 utra-

589 885 728 956 que
779 884 940 957 pars
992 870 1204 933 testes
1260 862 1594 956 produxit
1645 854 2025 933 ad'earum
2076 861 2530 932 intentionem
2589 862 3041 933 fundandam.
3099 862 3405 934 Tandem

587 1009 746 1058 cum
787 1008 917 1059 nos
954 985 1395 1079 supradictus
1438 986 1890 1080 compalatius
1921 986 2244 1079 Neapolis
2286 987 2546 1056 curiam
2583 1007 2980 1075 regeramus
3012 987 3085 1056 in
3117 988 3407 1060 ecclesia

589 1112 822 1184 Sancti
873 1111 1065 1182 Pauli
1115 1110 1397 1202 majoris
1455 1110 1545 1181 de
1603 1110 1931 1204 Neapoli,
1981 1109 2445 1180 assidentibus
2496 1110 2699 1182 nobis
2753 1111 3049 1182 dominis
3100 1112 3407 1185 Mattheo

585 1236 1134 1330 Buccaplanula,
1170 1234 1657 1305 Bartholomeo
1701 1234 2095 1321 Caraczulo‚
2139 1233 2622 1305 Bartholomeo
2654 1235 3406 1327 Macidoni0,'Rogerio

587 1361 963 1450 Marogano
1018 1369 1088 1428 et
1143 1357 1447 1428 Mattheo
1518 1358 1849 1429 Runcella
1918 1357 2273 1447 judicibus
2328 1358 2624 1429 civitatis
2690 1359 3000 1452 predicte
3026 1413 3045 1448 ,
3115 1360 3405 1455 predicti

587 1492 1072 1578 procuratores
1109 1482 1447 1552 instanter
1482 1502 1522 1551 a
1553 1481 1756 1552 nobis
1786 1482 2068 1575 procedi
2099 1483 2542 1575 postularunt
2566 1481 2634 1551 in
2669 1483 3030 1574 questione
3064 1485 3399 1578 predicta.

588 1607 727 1677 Nos
766 1626 937 1677 vero
981 1605 1349 1699 petitiones
1398 1604 1707 1697 ipsorum
1756 1614 2000 1698 utpote
2042 1606 2267 1695 justas
2320 1604 2765 1676 admittentes
2807 1615 3014 1676 testes
3049 1608 3405 1700 utriusque

590 1729 804 1822 partis
829 1729 901 1799 in
925 1729 1189 1820 judicio
1226 1728 1514 1799 fecimus
1541 1727 1902 1822 publicari.
1935 1727 2202 1812 Quibus
2235 1728 2302 1799 in
2331 1728 2594 1819 judicio
2622 1729 2987 1823 publicatis
3013 1739 3085 1801 et
3118 1730 3407 1803 rubricis

590 1853 936 1944 assumtiS,
974 1874 1133 1923 cum
1163 1862 1347 1923 esset
1378 1852 1467 1921 in‘
1481 1851 1796 1945 predicta
1822 1852 2186 1944 questione
2221 1853 2481 1924 diutius
2508 1853 2962 1948 disputatum,
2996 1854 3087 1925 ab
3113 1865 3405 1950 utraque

592 1991 786 2074 parte
832 1978 1444 2072 abrenunptiatum
1483 1985 1554 2046 et
1596 1975 1668 2046 in
1716 1997 1927 2047 causa
1975 1978 2416 2067 conclusum;
2454 1978 2616 2070 quia
2667 1978 3019 2073 predictus
3056 1977 3408 2051 lohannes

590 2104 871 2175 Rucella
915 2114 1321 2196 procurator
1352 2099 1828 2194 predictorum
1867 2101 2102 2173 Jacobi
2141 2111 2214 2171 et
2258 2102 2467 2172 Pasce
2502 2102 2744 2173 uxoris
2776 2123 2899 2172 sue
2939 2102 3111 2172 nihil
3154 2103 3241 2174 de
3281 2125 3407 2174 sua

590 2226 970 2297 intentione
1003 2224 1359 2319 probavit,
1398 2222 1638 2295 habito
1671 2223 1958 2295 consilio
2004 2223 2374 2315 diligenter
2405 2234 2476 2294 et
2507 2245 2666 2294 cum
2709 2225 3032 2318 predictis
3056 2226 3408 2317 judicibus

588 2349 785 2420 nobis
831 2347 1293 2419 assidentibus
1329 2346 1400 2417 in
1434 2347 1722 2418 ecclesia
1764 2347 2161 2441 supradicta
2200 2348 2701 2437 deliberatione
2749 2370 3120 2443 perpensa,
3144 2350 3407 2421 dictum

586 2471 972 2543 lohannem
1020 2471 1570 2542 Buccaconcium
1619 2480 2140 2565 procuratorem
2205 2472 2677 2567 predictarum
2718 2473 2927 2543 Pasce
2978 2482 3048 2544 et
3084 2474 3408 2545 Delitiose

591 2607 659 2667 et
696 2596 883 2690 ipsas
927 2596 1209 2666 Pascam
1253 2606 1322 2666 et
1360 2595 1763 2666 Delitiosam
1803 2615 1846 2665 a
1890 2596 2201 2691 predicta
2247 2595 2674 2691 impetitione
2727 2596 3020 2692 predicti
3077 2597 3409 2669 lobannis

589 2720 907 2791 Ruccelle
949 2719 1416 2813 procuratoris
1462 2719 1937 2813 predictorum
1976 2719 2216 2791 Jacobi
2262 2732 2332 2791 et
2379 2721 2616 2792 uxoris
2656 2742 2778 2792 sue
2822 2732 2893 2793 et
2931 2722 3146 2817 ipsius
3172 2722 3410 2794 Jacobi

591 2853 660 2916 et
702 2845 911 2916 Pasce
960 2843 1201 2915 uxoris
1244 2865 1365 2915 sue
1412 2843 1742 2915 duximus
1785 2845 2291 2916 sententialiter
2335 2845 2831 2935 absolvendos,
2883 2846 3145 2918 eisdem
3200 2869 3410 2943 super

591 2969 951 3061 questione
987 2968 1301 3063 predicta
1342 2978 1757 3064 perpetuum
1809 2969 2159 3040 silentium
2206 2970 2664 3064 imponentes
2713 2971 2801 3041 Ut
2843 2980 3078 3041 autem
3119 2970 3206 3042 de
3245 2967 3420 3066 pre?

592 3095 769 3165 senti
814 3094 1071 3189 scripto
1113 3093 1417 3168 dubitari
1470 3114 1612 3164 non
1667 3094 1913 3188 possit,
1953 3095 2179 3189 ipsum
2228 3116 2353 3189 per
2406 3117 2653 3165 manus
2684 3095 3148 3167 Bartholomei
3194 3097 3403 3169 Auri-

592 3214 740 3288 ficis
798 3216 1054 3311 publici
1118 3216 1368 3287 notarii
1427 3217 1755 3310 Neapolis
1800 3215 1951 3287 fieri
1997 3217 2328 3308 jussimus
2376 3218 2601 3309 sigillo
2654 3228 2890 3290 nostro
2942 3219 3286 3291 munitum
3337 3231 3408 3292 et

595 3340 1211 3434 subscriptionibus
1255 3340 1725 3435 predictorum
1771 3342 2091 3434 judicum
2143 3352 2212 3412 et
2266 3342 2463 3433 signo
2514 3344 2826 3434 ejusdem
2875 3344 3127 3416 notarii
3180 3347 3404 3418 subsi-

592 3473 903 3556 gnatum.
930 3464 1135 3551 Quod
1161 3464 1403 3558 scripsi
1436 3486 1565 3556 ego
1598 3465 1952 3559 predictus
1984 3464 2509 3538 Bartholomeus
2537 3465 2829 3539 Aurifex
2858 3468 3175 3563 publicus
3205 3481 3404 3543 nota-

596 3589 735 3660 rius
767 3589 1096 3682 Neapolis
1128 3589 1248 3680 qui
1279 3589 1610 3682 predictis
1649 3589 1932 3660 interfui
1969 3598 2039 3659 et
2067 3610 2226 3661 meo
2261 3590 2458 3682 signo
2504 3590 2798 3682 signavi.

690 3712 948 3807 (Locus
979 3711 1157 3804 signi
1195 3710 1505 3810 notarii.)

691 3832 948 3930 (Locus
976 3835 1179 3928 sigilli
1211 3836 1607 3931 compalatii
1634 3837 2081 3908 membranae
2113 3838 2279 3909 olim
2310 3836 2588 3934 adfixi.)

688 3961 739 4050 ’ὶ-
788 3960 936 4051 Ego
966 3959 1084 4052 qui
1122 3981 1333 4053 supra
1364 3959 1710 4031 Mattheus
1741 3961 2251 4056 Buccaplanula
2276 3963 2504 4054 judex
2542 3963 2867 4056 Neapolis
2906 3961 3304 4056 subscripsi.

688 4082 740 4174 ἦ·
788 4084 935 4175 Ego
965 4083 1087 4177 qui
1119 4104 1330 4179 supra
1356 4083 1881 4156 Bartholomeus
1907 4086 2273 4157 Carazulus
2292 4083 2519 4179 judex
2543 4085 2866 4180 Neapolis
2897 4084 3293 4182 subscripsi.

693 4203 745 4293 τὶ·
794 4206 942 4299 Ego
983 4205 1106 4299 qui
1150 4227 1361 4303 supra
1396 4206 1919 4280 Bartholomeus
1952 4208 2357 4279 Macidonus
2392 4206 2618 4299 judex
2649 4208 2972 4301 Neapolis
3005 4208 3401 4305 subscripsi.

689 4329 741 4419 -1-
788 4329 935 4422 Ego
962 4329 1085 4423 qui
1115 4351 1328 4425 supra
1357 4331 1693 4423 Rogerius
1728 4332 2140 4425 Maroganus
2163 4331 2393 4425 judex
2421 4330 2744 4423 Neapolis
2779 4332 3177 4429 subscripsi.

694 4450 746 4542 ⁶1·
787 4451 936 4545 Ego
968 4453 1285 4539 Matheus
1318 4453 1650 4526 Runcella
1669 4455 1896 4546 judex
1929 4453 2255 4551 Neapolis
2286 4452 2685 4548 subscripsi.
