4364 5738
963 559 1002 616 2
1958 561 2387 621 Fnlnssmcl
2437 560 2783 621 SECUNDI
3388 561 3552 639 [Amr.
3593 561 3767 624 1241.

1058 694 1478 783 Fridericus‚
1518 706 1685 782 etc.,
1727 688 2072 767 Ludovico
2108 695 2251 786 regi
2290 696 2706 766 Francorum
2745 694 3203 766 illustrissimo
3237 696 3527 767 salutem
3563 706 3634 768 et
3668 698 3775 768 in·

962 828 1151 910 tegre
1188 817 1574 889 dilectionis
1608 818 1957 891 affectum.
1995 819 2207 911 Regie
2254 818 2643 889 serenitatis
2683 817 2918 889 literas
2968 815 3076 911 (l)
3115 817 3489 912 imperialis
3542 822 3775 891 excel·

959 941 1169 1012 lentia
1205 941 1581 1030 intellexit,
1614 964 1749 1034 que
1791 944 1848 1014 si
1887 965 2027 1014 non
2070 942 2408 1013 haberent
2440 942 2510 1011 in
2565 941 2797 1012 medio
2842 940 3408 1013 contradictionis
3444 943 3768 1014 obstacu-

959 1066 1136 1156 lum,
1176 1065 1465 1135 fuissent
1499 1066 1805 1137 fortassis
1839 1067 2027 1161 apud
2062 1088 2189 1138 nos
2221 1066 2645 1161 propositum
2685 1075 3091 1153 consecute3
3130 1066 3255 1137 sed
3293 1066 3456 1157 quia
3497 1067 3770 1139 modico

956 1187 1295 1260 fermento
1351 1200 1491 1259 tota
1546 1212 1767 1261 massa
1826 1190 2321 1284 corrumpitur,
2377 1199 2446 1260 et
2493 1188 2885 1260 universale
2937 1199 3420 1281 argumentum
3478 1190 3772 1261 destruit

952 1311 1158 1381 unius
1190 1313 1449 1384 falsitas
1486 1314 1888 1406 singulariS,
1925 1323 2196 1386 constat
2229 1314 2345 1384 illa
2379 1313 2565 1407 regia
2594 1312 2846 1406 scripta
2880 1313 3026 1383 sine
3069 1312 3324 1384 virtute
3358 1314 3566 1384 medii
3599 1335 3765 1385 con·

952 1435 1277 1506 clusisse:
1317 1437 1506 1528 quod
1544 1438 1903 1510 evidenter
1938 1459 2031 1509 ex
2062 1438 2259 1509 factis
2289 1437 2423 1508 illis
2452 1436 2514 1508 ei
2543 1436 3006 1524 ostendimus,
3033 1458 3214 1529 quae
3251 1447 3413 1508 sunt
3445 1438 3765 1509 omnibus

951 1558 1337 1630 manifesta.
1369 1560 1729 1632 Notorium
1764 1572 1868 1632 est
1905 1561 2084 1632 enim
2107 1615 2126 1652 ,
2159 1570 2231 1632 et
2266 1560 2568 1631 mundus
2596 1560 2822 1631 celare
2852 1581 2992 1631 non
3025 1569 3287 1654 potest,
3321 1560 3617 1652 qualiter
3644 1561 3769 1632 du·

949 1680 1117 1753 dum
1152 1683 1267 1752 ille
1299 1693 1496 1777 pater
1522 1670 1942 1780 apostolicus
1973 1684 2438 1757 innocentiam
2474 1692 2777 1755 nostram
2811 1694 3106 1776 utroque
3135 1684 3366 1775 gladio
3400 1684 3762 1778 impugna·

948 1804 1083 1892 vit,
1122 1806 1290 1877 dum
1335 1809 1535 1879 nobis
1579 1809 1671 1881 ad
1718 1809 2120 1880 mandatum
2164 1831 2368 1879 suum
2424 1807 3060 1896 transfretantibuS,
3100 1807 3281 1879 idem
3329 1808 3764 1879 adversarius

949 1939 1183 2000 noster
1229 1941 1299 2001 et
1339 1931 1557 2003 hostis
1588 1933 1815 2005 Sicilie
1849 1955 2139 2024 regnum
2174 1931 2461 2023 invasit,
2501 1941 2571 2002 et
2602 1932 2825 2025 ipsum
2875 1952 3014 2001 non
3050 1931 3120 2000 in
3155 1942 3384 2025 parte,
3422 1933 3547 2004 sed
3578 1934 3759 2002 mul-

949 2052 1206 2125 timode
1236 2054 1586 2127 laceravit.
1621 2057 2066 2129 Postmodum
2099 2078 2304 2148 vero,
2336 2064 2492 2151 post
2523 2055 2821 2126 reditum
2862 2063 3169 2125 nostrum
3206 2055 3274 2125 in
3307 2078 3597 2146 regnum
3618 2109 3637 2146 ,
3673 2056 3763 2127 ad

943 2177 1423 2250 multimodam
1446 2178 1550 2275 (a)
1583 2181 1975 2252 instantiam
2006 2190 2077 2252 ct
2101 2180 2693 2275 interpositionem
2724 2189 3116 2250 nostrorum
3139 2178 3546 2249 Alamannie
3569 2180 3759 2273 prin-

943 2300 1173 2396 cipum
1222 2325 1391 2396 pace
1442 2326 1599 2375 cum
1641 2305 1946 2377 Ecclesia
1992 2306 2401 2393 reformata,
2450 2303 2821 2374 devotione
2871 2313 3261 2396 resumpta,
3309 2302 3436 2372 etsi
3483 2303 3759 2376 servitia

942 2434 1177 2495 nostra
1213 2427 1707 2519 precesserint,
1743 2428 1971 2499 dictus
2013 2438 2246 2498 tamen
2287 2426 2708 2520 apostolicus
2745 2446 2992 2495 manus
3024 2447 3184 2497 suas
3230 2425 3472 2496 fortius
3512 2448 3759 2519 aggra-

941 2546 1168 2638 vavit,
1218 2557 1287 2618 et
1336 2548 1667 2640 quicquid
1710 2551 2106 2641 excogitare
2158 2550 2418 2645 potuit,
2457 2549 2549 2620 ad
2586 2548 3017 2643 precipitium
3066 2559 3379 2620 nostrum
3412 2551 3762 2642 excogita·

939 2668 1075 2760 vit,
1138 2678 1331 2740 motu
1397 2672 1677 2766 proprio
1737 2673 1885 2744 sine
1949 2694 2157 2744 causa
2227 2672 2296 2742 in
2358 2693 2484 2743 nos
2546 2672 3279 2744 excommunicationis
3347 2658 3757 2745 sententiam

940 2794 1483 2888 promulgandO,
1548 2790 1761 2868 literis
1814 2808 1883 2869 et
1934 2797 2206 2868 nunciis
2265 2805 2499 2868 nostre
2554 2795 3041 2868 diffamationis
3096 2797 3330 2868 titulos
3392 2798 3757 2892 predicans

939 2917 1308 2991 universis.
1350 2920 1736 2992 Novissime
1779 2932 2012 2994 autem
2061 2922 2153 2993 ad
2210 2921 2840 3016 supplantationem
2890 2931 3196 2993 nostram
3245 2921 3635 3016 adspirans,
3678 2932 3756 2993 ut

938 3040 1276 3114 adversus
1305 3042 1544 3113 turrim
1579 3044 1837 3135 David,
1875 3045 2113 3115 turrim
2146 3053 2579 3116 construeret
2624 3044 3030 3139 Babylonis,
3063 3045 3366 3138 prelatos
3408 3067 3753 3137 quoscun-

938 3185 1076 3258 que
1117 3164 1344 3258 potuit
1379 3164 1471 3236 ad
1516 3167 1927 3259 particulare
1972 3167 2338 3239 concilium
2383 3168 2735 3259 evocavit,
2800 3167 3138 3238 orientem
3192 3188 3579 3261 preponere
3629 3189 3752 3238 cu·

939 3287 1139 3380 piens
1181 3288 1512 3380 aquiloni.
1549 3291 1805 3361 Verum
1854 3292 2187 3363 mirabilis
2224 3291 2348 3362 Dei
2391 3291 2861 3385 providentia,
2898 3312 3027 3385 per
3076 3311 3287 3383 quem
3332 3290 3634 3362 vivimus
3684 3298 3754 3362 et

940 3431 1338 3503 regnamus,
1360 3413 1757 3506 hujusmodi
1790 3416 2146 3509 pravitatis
2177 3415 2393 3509 ipsius
2424 3414 2913 3509 conspiciendo
2940 3415 3398 3508 propositum,
3425 3435 3509 3485 ac
3535 3414 3751 3508 ipsius

940 3535 1391 3627 cogitationes
1425 3546 1704 3609 vertens
1731 3539 1801 3609 in
1835 3539 2161 3631 nihilum,
2197 3539 2582 3610 cardinales
2619 3548 2691 3609 et
2721 3540 3023 3632 prelatos
3057 3549 3195 3609 tam
3234 3538 3428 3629 regni
3468 3537 3751 3609 Francie

939 3679 1149 3752 quam
1200 3659 1489 3731 aliarum
1535 3662 2049 3756 provinciarum
2095 3663 2167 3733 in
2214 3663 2534 3735 manibus
2582 3663 2921 3734 conclusit
2964 3662 3249 3754 nostris,
3284 3683 3459 3755 quos
3508 3683 3750 3733 omnes

937 3791 1267 3877 tanquam
1295 3794 1567 3857 nostros
1594 3786 1829 3858 hostes
1854 3787 2387 3860 et‘adversarios
2417 3786 2834 3859 detinemus.
2859 3786 3036 3857 Nam
3060 3785 3182 3857 ubi
3214 3807 3356 3857 non
3384 3783 3749 3857 deficiebat

1016 3983 1102 4064 (a)
1146 3987 1217 4046 In
1244 3987 1376 4048 cod.
1410 3987 1621 4061 Paris„
1648 3986 1731 4049 ad
1752 3996 2023 4051 vestram.

1004 4273 1078 4346 (4)
1117 4293 1144 4327 α
1175 4273 1449 4333 piissimus
1471 4293 1565 4334 nex
1593 4279 1930 4351 compatiens
1955 4277 2214 4353 praelatis
2240 4278 2387 4350 regni
2416 4279 2499 4335 sui
2528 4276 2756 4336 diversis
2782 4278 3048 4336 Frederici
3076 4277 3412 4351 imperatoris
3434 4277 3750 4335 carceribus

931 4371 1260 4444 mancipatis,
1300 4373 1554 4432 abbatem
1592 4376 1849 4435 Corbeine
1889 4383 1946 4435 et
1974 4376 2254 4434 dominum
2295 4376 2615 4432 Gervasium
2654 4377 2724 4433 de
2766 4376 3020 4434 Escriniis
3052 4376 3197 4433 misit
3230 4374 3299 4431 ad
3336 4374 3742 4448 imperatorem,

932 4471 1195 4528 mandans
1221 4472 1268 4526 ei
1297 4480 1563 4542 quatenus
1588 4476 1857 4548 praelatos
1879 4477 2027 4548 regni
2061 4476 2145 4533 sui
2181 4493 2400 4533 suarum
2441 4491 2658 4546 precum
2684 4476 2987 4533 interventu
3012 4475 3287 4532 liberaret.
3313 4474 3420 4531 Sed
3451 4474 3746 4546 imperator

931 4584 1119 4641 preces
1154 4569 1294 4641 regis
1327 4587 1431 4626 non
1473 4573 1778 4644 exaudiens,
1812 4581 1920 4631 etc.
1964 4595 1991 4627 n
2031 4573 2233 4631 Gom..
2279 4589 2351 4629 nn
2390 4573 2625 4642 Nmets,
2674 4573 2838 4630 Gesta
2876 4573 2940 4630 S.
2978 4571 3210 4642 Ludov.,
3254 4587 3343 4645 ap.
3394 4572 3514 4627 Rer.
3560 4570 3740 4645 franc.

927 4667 1249 4739 Scriptores,
1280 4675 1317 4722 t.
1345 4668 1469 4739 XX,
1498 4686 1553 4742 p.
1586 4673 1707 4726 332.
