4364 5738
1016 621 1135 684 196
2011 617 2447 679 anEmel
2496 615 2844 678 SECUNDI
3448 614 3610 699 [An.
3646 616 3822 679 1244.

1016 766 1329 829 tenorem
1364 764 1606 827 notum
1643 752 1791 826 fieri
1822 754 2144 825 volumus
2176 752 2518 824 universis
2557 750 2828 846 imperii
2858 749 3179 823 fidelibus
3211 760 3351 822 tam
3390 750 3828 845 presentibus

1013 900 1223 972 quam
1255 877 1502 950 futuris
1528 877 1718 972 quod
1751 897 2118 950 commune
2151 875 2449 948 civitatis
2484 875 2667 947 Luce
2700 873 2943 946 fideles
2974 874 3189 946 nostri
3221 875 3562 967 majestati
3592 883 3827 948 nostre

1013 1002 1364 1075 humiliter
1400 1001 1879 1097 supplicarunt
1917 1010 1997 1071 ut
2035 1010 2342 1072 castrum
2374 998 2707 1072 Moti-onis
2741 998 3368 1092 Montisfegatensis
3410 1008 3481 1070 et
3526 1008 3826 1070 castrum

1013 1126 1277 1198 Luliani
1308 1147 1446 1219 que
1484 1134 1647 1197 sunt
1687 1126 1776 1197 de
1807 1123 2213 1195 Carsaniana
2262 1144 2421 1194 cum
2459 1122 2783 1195 omnibus
2824 1143 3064 1194 eorum
3107 1131 3178 1193 et
3214 1123 3551 1214 cujusque
3585 1142 3823 1194 eorum

1010 1247 1418 1338 rationibuS,
1451 1247 1908 1343 pertinentiis,
1935 1245 2533 1340 jurisdictionibus
2556 1256 2628 1318 et
2653 1246 2998 1336 districtu,
3024 1245 3122 1317 eis
3149 1244 3535 1317 concedere
3561 1245 3634 1315 in
3662 1266 3820 1341 per-

1009 1382 1334 1467 petuum,
1375 1373 1543 1444 dare
1578 1371 1927 1442 licentiam
1960 1370 2187 1441 eidem
2230 1369 2578 1441 communi
2608 1369 2985 1464 recipiendi
3028 1380 3099 1441 et
3134 1369 3476 1442 retinendi
3512 1369 3827 1441 homines

1008 1505 1081 1567 et
1111 1517 1444 1590 personas
1478 1493 2256 1589 quaslibetcarsaniane
2290 1492 2533 1564 fideles
2561 1503 2832 1565 nostros
2863 1494 2935 1565 in
2972 1494 3297 1566 concives
3323 1515 3563 1586 eorum
3595 1493 3714 1586 qui
3756 1504 3825 1565 et

1010 1641 1147 1714 que
1197 1619 1373 1691 effici
1408 1620 1759 1691 voluerint
1794 1617 2218 1691 habitatores
2253 1618 2366 1689 vel
2409 1619 2616 1690 etiam
2649 1618 2874 1691 incole
2917 1619 3029 1690 vel
3075 1619 3247 1690 alias
3294 1619 3616 1690 concives
3651 1618 3821 1690 civi-

1008 1744 1166 1815 tatis
1216 1741 1527 1835 ejusdem
1554 1795 1574 1832 ,
1626 1753 1698 1813 et
1750 1742 2009 1814 eisdem
2052 1741 2449 1814 hominibus
2505 1753 2575 1813 et
2626 1743 2938 1838 personis
2988 1742 3317 1815 veniendi
3358 1742 3450 1815 ad
3506 1743 3822 1815 eamdem

1007 1866 1358 1940 civitatem
1396 1865 1489 1938 ad
1551 1866 2004 1937 habitandum
2054 1866 2112 1937 si
2153 1864 2504 1937 voluerint
2541 1866 2655 1937 vel
2698 1864 2870 1939 alias
2920 1866 3108 1938 cives
3152 1865 3486 1958 faciendi,
3531 1877 3603 1938 et
3635 1866 3822 1960 quod

1005 1991 1212 2062 liceat
1255 1989 1737 2063 communibus
1778 1996 1848 2060 et
1884 1989 2037 2060 aliis
2080 1987 2546 2080 singularibus
2589 1988 2902 2083 personis
2934 1988 3023 2060 de
3067 1989 3474 2062 Carfaniana
3515 1989 3822 2084 recipere

1007 2122 1381 2208 potestates
1426 2122 1497 2184 et
1547 2107 1852 2185 rectores
1895 2111 2193 2185 civitatis
2224 2111 2563 2208 predicte,
2600 2111 2690 2183 de
2732 2112 2955 2204 gratia
2986 2113 3202 2184 nostri
3231 2113 3550 2185 culminis
3578 2111 3821 2206 digna·

1004 2258 1263 2309 remur.
1300 2237 1442 2308 Nos
1467 2257 1637 2307 vero
1671 2235 1981 2328 ejusdem
2016 2234 2403 2307 communis
2433 2243 2830 2306 nostrorum
2867 2232 3176 2306 fidelium
3209 2235 3822 2331 supplicationibus

1002 2360 1370 2452 benignius
1406 2358 1753 2449 inclinati,
1789 2357 2229 2429 attendentes
2259 2357 2467 2429 etiam
2504 2370 2700 2450 grata
2742 2357 2908 2429 satis
2948 2370 3018 2431 et
3057 2368 3342 2455 accepta
3374 2359 3654 2431 servitia
3684 2379 3820 2452 que

1004 2483 1190 2555 idem
1227 2503 1596 2555 commune
1630 2481 1975 2574 majestati
2012 2491 2247 2553 nostre
2292 2480 2610 2554 exhibuit
2654 2480 3029 2571 hactenus,
3066 2482 3352 2554 exhibet
3398 2482 3471 2553 in
3518 2481 3821 2577 presenti

1004 2615 1240 2700 etque
1286 2605 1569 2678 exibere
1606 2605 1863 2700 poterit
1906 2605 1976 2675 in
2011 2605 2348 2694 futurum,
2384 2604 2612 2676 eidem
2650 2607 3002 2678 communi
3039 2616 3261 2678 castra
3299 2606 3389 2678 de
3418 2606 3819 2678 Carsaniana

1003 2729 1320 2824 superins
1380 2729 1710 2802 denotata
1758 2750 1919 2800 curn
1972 2729 2296 2800 omnibus
2344 2749 2585 2800 eorum
2630 2738 2703 2800 et
2745 2731 3082 2823 cujusque
3119 2751 3360 2802 eorum
3402 2729 3816 2819 rationibus„

1002 2851 1460 2951 pertinentiis,
1492 2851 2089 2946 jurisdictionibus
2116 2862 2187 2924 et
2213 2850 2528 2925 districtu
2558 2860 2897 2948 perpetuo
2941 2853 3416 2943 concedimuS,
3451 2852 3697 2925 dantes
3720 2849 3820 2948 (a)

1000 2980 1168 3074 ipsis
1194 2977 1542 3051 licentiam
1578 2976 1955 3071 recipiendi
1989 2986 2061 3048 et
2085 2976 2428 3049 retinendi
2461 2976 2780 3049 homines
2812 2986 2883 3049 et
2909 2977 3259 3070 quaslibet
3292 2998 3624 3073 personas
3654 2978 3816 3050 Car-

1001 3103 1275 3174 faniane
1321 3110 1392 3173 et
1424 3099 1668 3172 fideles
1706 3109 1976 3171 nostros
2021 3101 2092 3170 in
2137 3100 2460 3172 concives
2497 3121 2738 3171 eorum
2772 3100 2894 3194 qui
2919 3101 3033 3172 vel
3075 3122 3213 3193 que
3260 3100 3437 3172 effici
3471 3101 3820 3174 voluerint

1000 3224 1425 3296 habitatores
1467 3234 1538 3294 et
1575 3222 1800 3295 incole
1840 3223 1954 3294 vel
2002 3223 2172 3294 alias
2209 3223 2533 3296 concives
2571 3223 2867 3296 civitatis
2917 3223 3267 3317 ejusdem,
3309 3222 3707 3295 hominibus
3750 3234 3820 3295 et

1001 3347 1315 3442 personis
1362 3346 1690 3418 veniendi
1736 3346 1826 3417 ad
1879 3346 2097 3441 ipsam
2144 3347 2495 3418 civitatem
2546 3346 2638 3419 ad
2695 3347 3151 3419 habitandum
3191 3347 3248 3418 si
3280 3346 3660 3438 voluerint,
3705 3347 3818 3418 vel

1002 3470 1172 3541 alias
1203 3469 1523 3542 concives
1566 3468 1903 3558 faciendi,
1944 3479 2015 3541 et
2045 3471 2529 3542 communibus
2565 3477 2637 3541 et
2675 3470 2827 3542 aliis
2870 3470 3334 3563 singularibus
3375 3470 3687 3566 personis
3729 3469 3816 3541 de

1000 3592 1403 3666 Carfaniana
1440 3590 1819 3687 recipiendi
1863 3600 2243 3686 potestates
2293 3603 2363 3665 et
2396 3603 2699 3666 rectores
2738 3594 3035 3666 civitatis
3086 3594 3432 3689 predicte,
3476 3593 3565 3666 de
3596 3594 3816 3686 gratia

1001 3713 1379 3810 maJestatis
1433 3726 1667 3787 nostre
1715 3727 1785 3786 et
1825 3714 2256 3811 plenitudine
2309 3716 2705 3813 potestatis,
2750 3717 2942 3789 salva
2994 3718 3067 3788 in
3115 3718 3435 3789 omnibus
3478 3714 3815 3810 imperiali

990 3841 1280 3936 justitia.
1326 3839 1705 3912 Statuimus
1754 3848 2073 3932 preterea
2119 3848 2191 3910 et
2239 3840 2586 3913 sancimus
2636 3850 2717 3913 ut
2756 3841 2949 3912 nulla
2994 3862 3294 3936 persona
3346 3841 3486 3912 alta
3528 3839 3643 3910 vel
3688 3838 3814 3909 hu·

996 3964 1204 4056 milis,
1235 3961 1698 4036 ecclesiastica
1719 3961 1834 4033 vel
1858 3961 2214 4051 secularis,
2250 3972 2489 4034 contra
2522 3963 2861 4059 presentis
2889 3964 3230 4059 privilegii
3257 3962 3471 4035 nostri
3505 3970 3812 4035 tenorem

995 4087 1237 4160 venire
1282 4108 1406 4158 seu
1452 4086 1680 4180 ipsum
1724 4093 1945 4155 totum
2003 4085 2117 4155 vel
2161 4083 2236 4156 in
2281 4094 2551 4180 partem
2598 4086 2973 4179 infringere
3018 4097 3399 4182 presumat.
3461 4084 3664 4171 Quod
3696 4084 3814 4179 qui

1001 4208 1528 4305 presumpserit,
1572 4216 1809 4302 preter
1846 4206 2393 4298 indignationem
2439 4218 2747 4281 nostram
2784 4219 3063 4281 centum
3106 4210 3316 4281 libras
3354 4207 3505 4279 auri
3549 4207 3705 4303 puri
3740 4226 3812 4277 se

998 4333 1538 4427 compositurum
1571 4339 1928 4422 agnoscat,
1971 4331 2345 4404 medietate
2392 4332 2655 4404 scilicet
2689 4332 2878 4405 curie
2917 4343 3151 4405 nostre
3184 4343 3256 4405 et
3284 4333 3419 4404 alia
3445 4331 3814 4404 medietate

997 4453 1217 4550 passis
1242 4452 1563 4546 injuriam
1590 4453 2078 4546 persolvenda.
2111 4451 2226 4525 Ad
2255 4453 2467 4547 hujus
2494 4464 2730 4527 autem
2757 4456 3222 4529 concessionis
3249 4466 3321 4528 et
3350 4457 3511 4528 date
3539 4452 3811 4527 licentie

1080 4701 1162 4782 (a)
1207 4703 1280 4764 In
1307 4702 1477 4778 copia
1499 4696 1695 4777 donoc,
1722 4701 1900 4760 male.
