4364 5738
615 588 815 646 Iunior.
851 581 978 665 15.]
1338 634 1342 639 .
1507 582 1899 643 msTomA
1947 580 2540 644 DIPLOMATICA.
3359 578 3434 637 41

1031 869 2560 883 ——n-——n——n———m—--m-
2570 868 3033 881 0--q—-Q———0-0·

718 1147 1097 1230 lohannes
1166 1145 1645 1253 MurinelluS‚
1713 1145 2213 1255 compalatius
2284 1144 2635 1254 Neapolis
2654 1205 2678 1252 ,
2758 1146 3019 1256 vigore
3092 1148 3433 1229 mandati

611 1280 1024 1389 imperialis
1058 1279 1278 1388 cujus
1315 1289 1531 1362 tenor
1556 1279 1941 1386 inseritur,
1972 1279 2187 1362 litem
2224 1278 2530 1360 instruit
2562 1279 2659 1360 de
2688 1278 3117 1363 venditione
3152 1278 3428 1388 cujus-

612 1415 791 1496 dam
830 1415 1106 1498 domus
1142 1412 1220 1493 in
1274 1439 1430 1522 qua
1477 1412 1799 1496 lacobus
1832 1412 2266 1497 Malabacca
2314 1422 2389 1494 et
2421 1412 2658 1494 Pasca
2711 1437 2904 1497 uxor
2948 1410 3113 1520 ejus
3160 1439 3240 1495 se
3275 1413 3428 1495 de-
3521 1518 3526 1521 ,

622 1546 1009 1630 fraudatos
1063 1546 1539 1652 asserebant3
1606 1546 1888 1656 quibus
1945 1571 2077 1654 per
2133 1545 2584 1628 sententiam
2647 1546 2744 1628 de
2796 1544 2941 1627 hac
2995 1545 3434 1655 quaestione

615 1690 1064 1791 perpetuum
1102 1680 1489 1763 silentium
1523 1681 1873 1790 imponit.

778 1907 1009 1986 (Edidit
1032 1906 1096 1968 C.
1128 1908 1423 1986 Paccnu,
1453 1907 1615 1968 Scor.
1644 1905 1882 1987 politica
1907 1926 1937 1969 e
1963 1907 2065 1969 civ.
2099 1903 2196 1967 del
2216 1923 2381 1988 reqn.
2413 1905 2476 1966 di
2500 1902 2742 1986 Napoli,
2772 1907 2880 1970 lib.
2910 1908 3001 1983 ΙΙ,
3037 1925 3096 1985 p.
3141 1915 3430 1983 227-229‚

851 2029 928 2073 ex
954 2015 1165 2093 origin.
1195 2015 1307 2091 ipsi
1328 2016 1763 2075 communicato
1789 2013 1866 2074 ab
1893 2014 2260 2093 Archangelo
2289 2011 2527 2091 Greco.)

712 2214 790 2284 ln
840 2213 1117 2286 nomine
1149 2214 1429 2287 Domini
1472 2215 1603 2287 Dei
1639 2215 1862 2286 eterni
1901 2224 1973 2286 et
2015 2213 2393 2286 Salvatoris
2445 2213 2662 2286 nostri
2711 2214 2872 2285 Iesu
2916 2212 3193 2305 Christi,
3248 2237 3434 2290 anno

614 2337 706 2408 ab
747 2336 1220 2411 incarnatione
1272 2337 1587 2432 ejusdem
1637 2339 2006 2411 millesimo
2057 2337 2533 2410 ducentesimo
2573 2336 3104 2430 quadragesimo
3145 2350 3428 2431 quarto,

618 2461 1001 2555 imperante
1038 2462 1320 2534 domino
1354 2472 1592 2536 nostro
1631 2461 2032 2553 Frederico‚
2076 2461 2204 2533 Dei
2233 2460 2455 2553 gratia
2489 2459 2938 2533 invictissimo
2968 2462 3433 2534 Romanorum

612 2584 1029 2680 imperatore
1065 2607 1340 2681 semper
1376 2597 1699 2680 augusto,
1734 2586 2115 2658 Ierusalem
2150 2595 2224 2657 et
2260 2584 2489 2657 Sicilie
2529 2584 2898 2677 magnifico
2929 2607 3119 2678 rege,
3164 2587 3436 2682 imperii

615 2711 766 2801 ejus
827 2731 1014 2782 anno
1057 2711 1385 2784 vicesimo
1431 2720 1719 2805 quarto,
1777 2711 1973 2802 regni
2029 2710 2410 2782 Jerusalem
2462 2709 2959 2800 nonodecimo,
3014 2711 3212 2804 regni
3264 2733 3435 2785 vero

614 2832 841 2907 Sicilie
903 2834 1434 2929 quadragesimo
1488 2844 1691 2908 sexto
1711 2888 1732 2927 ‚
1791 2834 1906 2907 die
1966 2834 2243 2906 veneris
2298 2832 2632 2906 vicesimo
2695 2854 2883 2906 nono
2936 2834 3190 2907 mensis
3234 2835 3428 2928 julii,

616 2959 920 3031 secunde
954 2959 1373 3051 indictioniS,
1413 2959 1730 3032 feliciter.
1775 2959 2025 3032 Amen.
2059 2960 2202 3032 Nos
2241 2957 2593 3031 Iohannes
2642 2957 3049 3031 Mutinellus
3084 2961 3435 3054 compala-

620 3081 755 3153 tius
810 3066 1137 3177 Neapolis
1194 3083 1499 3178 presenti
1556 3084 1815 3178 scripto
1863 3082 2195 3155 duximus
2251 3081 2750 3153 declarandum
2812 3082 3003 3176 quod
3057 3104 3100 3154 a
3152 3081 3436 3156 domino

617 3216 858 3278 nostro
892 3208 1328 3281 serenissimo
1359 3209 1777 3304 imperatore
1806 3228 2037 3280 sacras
2066 3206 2455 3301 recepimus
2494 3205 2760 3277 litteras
2795 3205 2867 3276 in
2899 3205 3029 3278 hac
3060 3207 3279 3279 forma
3315 3233 3333 3278 ε

714 3331 1141 3422 Fredericus,
1182 3333 1308 3404 Dei
1342 3332 1564 3424 gratia
1600 3334 2072 3404 Romanorum
2103 3325 2505 3424 imperator,
2539 3350 2815 3424 semper
2847 3341 3205 3423 augustus,
3237 3333 3437 3405 Jeru-

620 3454 833 3526 salem
859 3465 930 3526 et
946 3455 1175 3527 Sicilie
1195 3476 1349 3548 re1‚
1365 3455 1781 3550 compalatio
1807 3453 2132 3549 Neapolis
2157 3452 2349 3526 fideli
2374 3475 2500 3526 suo
2527 3455 2822 3546 gratiam
2855 3477 3052 3528 suam
3080 3466 3152 3528 et
3179 3458 3435 3532 bonam

616 3578 1070 3650 voluntatem.
1108 3579 1479 3664 Querelam
1511 3577 1748 3650 Jacobi
1786 3578 2181 3651 Malabacce
2224 3587 2295 3648 et
2332 3579 2540 3649 Pasce
2582 3578 2823 3650 uxoris
2872 3601 2997 3651 sue
3042 3590 3435 3654 nostrorum

613 3697 922 3773 fidelium
958 3701 1349 3796 recepimus
1387 3701 1858 3774 continentem
1891 3700 2080 3793 quod
2126 3699 2393 3773 dudum
2433 3701 2845 3774 necessitate
2881 3705 3220 3799 compulsi
3257 3725 3432 3777 ven-

615 3811 945 3896 diderunt
976 3826 1330 3919 quondam
1373 3827 1585 3898 Paulo
1619 3825 1708 3897 de
1740 3826 1993 3896 Sancta
2023 3823 2296 3916 Agatha
2329 3824 2681 3917 quandam
2720 3826 3004 3899 domum
3041 3829 3228 3899 intus
3261 3827 3432 3900 civi-

617 3957 829 4021 tatem
869 3949 1197 4044 Neapolis
1246 3950 1319 4021 in
1350 3951 1504 4023 loco
1539 3949 1824 4041 Fistule,
1877 3949 1952 4020 in
1997 3970 2137 4042 qua
2181 3948 2586 4022 venditione
2631 3951 2813 4020 ultra
2863 3949 3221 4021 dimidiam
3264 3953 3433 4043 justi

615 4072 819 4166 pretii
849 4085 1168 4147 asserunt
1199 4096 1274 4146 se
1307 4076 1454 4147 fore
1487 4073 1846 4168 deceptos,
1885 4082 1957 4145 et
1993 4072 2217 4167 ipsam
2248 4074 2534 4146 domum
2575 4074 2647 4144 in
2679 4074 2988 4168 ipsorum
3019 4096 3232 4168 grave
3268 4100 3428 4172 pre-

607 4194 948 4285 judicium
991 4197 1287 4272 heredes
1321 4197 1488 4269 dicti
1525 4197 1717 4269 Pauli
1757 4197 2074 4269 detinent
2108 4197 2288 4270 sicut
2320 4198 2586 4270 dicunt.
2624 4197 2884 4269 Vemm
2920 4198 3083 4290 quia
3122 4199 3433 4297 deceptis

617 4326 687 4388 et
719 4340 862 4391 non
900 4319 1386 4415 deceptoribus
1415 4322 1576 4412 jura
1614 4320 2074 4411 subveniunt,
2118 4320 2433 4393 fidelitati
2470 4331 2586 4391 tue
2629 4320 3042 4395 mandamus
3086 4322 3429 4419 quatenus

617 4442 927 4533 partibus
957 4443 1355 4517 convocatis
1386 4442 1629 4515 audias
1655 4465 1933 4515 causam
1964 4454 2036 4516 et
2069 4443 2453 4516 secundum
2471 4443 2811 4537 justitiam
2846 4447 3275 4521 terminetur.

711 4563 964 4636 Datum
992 4566 1310 4662 Neapoli,
1347 4566 1552 4638 tertio
1583 4567 1823 4658 madii,
1858 4566 2370 4658 quintedecime
2395 4566 2816 4640 indictionis·

711 4684 978 4770 Quibus
1034 4689 1246 4761 sacris
1299 4690 1544 4762 litteris
1611 4710 1770 4761 cum
1825 4690 2014 4761 omni
2076 4691 2466 4764 reverentia
2525 4700 2599 4763 et
2655 4689 3023 4765 devotione
3083 4696 3379 4788 receptis
3399 4750 3418 4785 ‚

773 4809 879 4872 vl.
3075 4824 3112 4877 6
