4364 5738
1015 564 1136 626 348
2008 560 2433 622 ramulum
2484 561 2829 623 saeuum
3445 562 3607 646 [Am.
3643 562 3814 623 1245.

1013 696 1250 778 latam
1304 705 1391 777 ut
1450 695 1794 804 iniquam
1865 701 1942 774 et
2005 690 2204 801 juris
2274 691 2563 774 nullius
2619 692 3052 803 redarguit,
3115 701 3550 803 ceterosque
3609 719 3818 802 reges

1016 828 1463 910 adhortatur
1516 835 1602 909 ut
1653 849 1910 907 secum
1978 824 2382 934 insurgant
2435 825 2533 906 ad
2573 850 2887 908 causam
2946 849 3166 906 suam
3224 850 3420 934 quae
3481 825 3818 908 omnium

1016 958 1444 1066 principum
1485 966 1601 1039 est
1633 954 2218 1037 defendendam.

1177 1170 1365 1247 (Edit.
1392 1186 1491 1246 ap.
1521 1167 1680 1229 Patr.
1716 1166 1786 1228 de
1824 1169 1954 1228 Vin.
1987 1163 2236 1247 epistol„
2267 1167 2372 1227 lib.
2407 1168 2469 1242 1,
2509 1184 2640 1246 cap.
2666 1170 2790 1245 111,
2825 1176 2885 1229 et
2924 1170 2986 1228 in
3018 1167 3222 1247 Pipae
3245 1165 3522 1243 chronic„
3558 1184 3655 1245 ap.
3686 1168 3818 1228 Mu·

1253 1291 1602 1346 lutosum,
1633 1273 1852 1352 δαίμ.
1883 1290 2003 1333 rer.
2032 1268 2190 1343 ital..
2226 1279 2373 1333 tom.
2408 1272 2527 1348 IX,
2557 1290 2615 1350 p.
2657 1281 2796 1334 653.
2833 1273 2981 1334 Cum
3007 1290 3150 1333 vero
3185 1290 3393 1350 parum
3420 1273 3657 1333 differat
3692 1275 3822 1349 epl-

1250 1380 1401 1439 stola
1430 1378 1508 1438 ab
1533 1381 1648 1438 ista
1668 1378 1963 1439 nobilibus
1992 1378 2241 1456 Angllae
2267 1379 2486 1454 scripta
2516 1376 2672 1456 (vid.
2703 1393 2904 1455 supra,
2945 1394 3005 1455 p.
3041 1376 3210 1455 33²),
3239 1378 3335 1437 hic
3360 1384 3598 1438 tantum
3622 1377 3823 1437 diacre·

1249 1491 1457 1560 pantes
1482 1484 1642 1543 locos
1678 1482 2048 1560 exhibemus,
2079 1482 2354 1544 lectorem
2378 1483 2457 1543 ad
2485 1483 2754 1572 eamdem
2780 1484 2945 1543 velut
2976 1483 3055 1543 ad
3079 1485 3492 1543 correctiorem
3523 1483 3820 1543 lectionem

1253 1586 1656 1666 remittendo.)

1111 1773 1522 1863 FridericuS,
1561 1783 1695 1845 etc.
1732 1773 1900 1865 Regi
1927 1773 2240 1845 Francie.
2283 1774 2430 1845 Etsi
2457 1794 2664 1844 cause
2698 1783 2932 1846 nostre
2956 1774 3295 1865 justitiam
3321 1773 3628 1865 vulgaris
3652 1773 3822 1844 same

1016 1897 1449 1992 preloquium
1471 1949 1491 1987 ‚
1534 1907 1667 1969 etc.
1710 1894 1821 1991 (ut
1855 1920 2066 1990 supra
2073 1896 2117 1981 ,⁸
2146 1898 2363 1969 verbis
2401 1908 2830 1990 competenter
2862 1899 3172 1988 mutatiS,
3216 1920 3417 1990 usque
3449 1895 3579 1993 ad)
3627 1918 3824 1969 cause

1017 2019 1387 2111 denotant,
1429 2021 1618 2114 quod
1654 2042 1812 2092 cum
1854 2019 2010 2117 (sic)
2043 2022 2386 2093 sententia
2421 2020 2965 2116 comprehendat
3005 2021 3374 2116 multiplex
3407 2020 3781 2116 perjurium
3802 2073 3821 2111 ,

1015 2144 1339 2216 videlicet
1384 2144 1473 2214 de
1512 2153 1940 2216 sacramento
1977 2146 2164 2238 pacis
2200 2144 2489 2239 prestito
2524 2166 2650 2239 per
2693 2166 2818 2216 nos
2850 2145 3028 2215 sicut
3060 2144 3304 2214 asserit
3339 2165 3479 2215 non
3513 2153 3822 2233 servato,

1014 2278 1329 2361 preterea
1377 2267 1464 2339 de
1508 2268 1825 2359 Agnania
1876 2264 2004 2364 (a),
2045 2290 2173 2364 per
2215 2268 2574 2363 privilegia
2623 2267 2943 2339 divorum
2989 2276 3440 2359 augustorum
3488 2277 3558 2338 et
3600 2278 3827 2339 nostra

1014 2389 1318 2462 Ecclesie
1341 2393 1647 2462 Romane
1676 2414 2029 2478 concessa,
2052 2392 2394 2463 violenter
2415 2413 2458 2463 a
2482 2391 2685 2463 nobis
2714 2391 3152 2485 postmodum
3184 2399 3520 2486 occupata
3547 2400 3627 2461 ut
3656 2411 3826 2461 asse-

1014 2512 1131 2603 rit,
1168 2514 1256 2584 de
1288 2515 1756 2585 cardinalibus
1790 2526 1859 2585 et
1892 2516 2176 2610 prelatis
2209 2514 2426 2609 captis
2457 2513 2549 2585 ad
2582 2514 2949 2585 concilium
2981 2514 3401 2603 convocatiS,
3436 2513 3525 2584 de
3554 2514 3827 2606 quibus-

1016 2635 1177 2707 dam
1206 2637 1514 2707 ecclesiis
1546 2647 1617 2707 et
1642 2638 2084 2708 ecclesiarum
2114 2638 2421 2731 prelatis,
2449 2638 2655 2709 rebus
2679 2649 2749 2709 et
2775 2638 3051 2709 clericis
3070 2639 3264 2729 regni
3298 2637 3511 2708 nostri
3540 2658 3667 2731 per
3690 2636 3827 2708 offi-

1016 2758 1225 2830 ciales
1251 2760 1338 2831 de
1364 2781 1578 2852 regno
1594 2760 1792 2831 nobis
1810 2761 2212 2833 absentibus
2237 2761 2537 2833 violatiS.
2574 2760 2636 2833 A
2663 2762 2917 2855 quibus
2939 2761 3287 2852 omnibus,
3321 2770 3455 2832 etc.
3495 2758 3600 2855 (ut
3623 2783 3824 2852 supra

1015 2906 1221 2975 usque
1248 2885 1364 2975 ad)
1386 2906 1512 2978 per
1542 2883 1846 2954 triduum
1875 2885 1963 2956 ad
1998 2885 2373 2956 multorum
2401 2885 2737 2956 nobilium
2767 2894 2837 2956 et
2862 2885 3376 2979 quamplurium
3410 2885 3822 2980 prelatorum

1017 3005 1413 3076 instantiam
1456 3028 1765 3076 summus
1807 3008 2121 3099 pontifex
2158 3008 2382 3078 noluit
2429 3009 2815 3102 prestolari.
2864 3008 3009 3078 Nec
3061 3007 3251 3100 quod
3307 3007 3396 3077 de
3448 3008 3823 3078 cessatione

1015 3149 1266 3198 census
1293 3127 1616 3218 adjicitur
1632 3149 1759 3222 pro
1789 3150 2002 3220 regno
2026 3129 2281 3222 Sicilie,
2307 3152 2435 3200 nos
2468 3126 2772 3228 [justius]
2800 3131 2890 3201 ab
2920 3131 3138 3225 ipsius
3163 3131 3358 3222 regni
3385 3130 3691 3202 dominio
3717 3130 3820 3200 vel

1006 3250 1165 3340 jure
1195 3250 1526 3340 secludit,
1566 3272 1723 3320 cum
1763 3272 2046 3320 censum
2093 3263 2259 3322 ante
2290 3252 2702 3324 discordiam
2740 3254 2918 3323 inter
2954 3275 3083 3324 nos
3115 3264 3186 3324 et
3216 3252 3595 3325 Ecclesiam
3624 3273 3822 3324 exor-

1014 3381 1158 3442 tam
1204 3371 1526 3443 absentes
1570 3395 1612 3443 a
1657 3393 1872 3465 regno
1913 3396 2038 3468 per
2077 3374 2405 3446 officiales
2432 3385 2705 3449 nostros
2751 3376 2926 3448 solvi
2974 3375 3534 3448 mandaverimus
3558 3429 3580 3467 ‚
3626 3385 3825 3470 prout

1012 3494 1209 3565 litere
1239 3505 1470 3566 nostre
1499 3495 1679 3566 inter
1700 3496 2003 3567 rationes
2030 3497 2467 3570 rationalium
2496 3509 2886 3571 nostrorum
2915 3498 3197 3571 invente
3223 3500 3581 3571 manifeste
3608 3499 3822 3570 decla·

1013 3628 1194 3709 rant,
1219 3628 1289 3689 et
1324 3640 1532 3711 quem
1564 3641 1692 3713 pro
1729 3629 2036 3715 tempore
2064 3621 2486 3716 supradicto,
2518 3623 2816 3694 Domino
2848 3632 3047 3713 teste,
3079 3645 3302 3714 usque
3331 3624 3401 3692 in
3436 3631 3822 3717 presentem

1011 3743 1196 3815 diem
1242 3742 1586 3815 credimus
1630 3764 1779 3814 esse
1826 3744 2163 3835 solutum,
2207 3746 2566 3839 presertim
2606 3769 2766 3818 cum
2798 3767 2841 3817 a
2880 3746 3082 3817 nobis
3130 3767 3487 3839 nunquam
3526 3744 3823 3817 extiterit

1009 3867 1403 3958 requisitus.
1443 3867 1600 3936 Post
1645 3866 2061 3939 discordiam
2111 3890 2321 3959 ver0,
2362 3891 2647 3941 censum
2697 3870 3018 3941 eumdem
3066 3869 3549 3962 consignatum
3596 3869 3816 3964 prela-

1012 3999 1238 4062 torum
1269 3999 1340 4060 et
1369 3990 1804 4084 publicarum
1835 4011 2286 4084 personarum
2317 3993 2557 4082 sigillis
2585 3993 2771 4087 apud
2802 4013 3033 4064 sacras
3068 3992 3236 4063 edes
3268 3992 3523 4087 deponi
3551 3991 3820 4063 manda·

1006 4112 1234 4183 vimus
1262 4122 1333 4182 et
1365 4111 1569 4184 hodie
1604 4111 1960 4207 depositus
1987 4123 2463 4185 conservatur.
2500 4114 2810 4209 Apparet
2841 4115 3051 4205 igitur
3081 4115 3392 4187 animosa
3421 4113 3652 4205 nimis,
3686 4123 3811 4185 etc.

1010 4232 1112 4329 (ut
1140 4256 1350 4326 supra
1377 4257 1584 4326 usque
1617 4235 1737 4330 ad)
1774 4256 1815 4306 a
1848 4236 2047 4306 nobis
2085 4236 2444 4330 incipitur;
2477 4236 2602 4309 sed
2634 4238 2959 4309 noveritis
2990 4238 3181 4330 quod
3218 4236 3495 4309 finietur
3524 4238 3597 4308 in
3629 4234 3818 4309 vobis

1095 4427 1177 4506 (a)
1219 4430 1446 4504 Inepte.
1483 4430 1552 4489 In
1602 4431 1850 4494 codiclb.
1889 4431 2047 4493 Bibl.
2082 4432 2281 4493 Cesar.
2309 4432 2525 4508 Paris„
2548 4431 2732 4513 fonds
2766 4429 3523 4511 Saint-Goemin-Harlay,
3564 4441 3631 4491 n·
3669 4438 3813 4505 455,

1007 4543 1067 4596 et
1093 4532 1276 4614 fonds
1304 4534 1726 4613 Nom-Dama,
1756 4547 1822 4598 n⁰
1869 4547 2007 4613 202,
2047 4541 2237 4599 multo
2272 4537 2485 4600 melius
2520 4541 2735 4618 legitur
2772 4539 3101 4617 Βιηιαηίαῑ
3124 4540 3284 4618 quod
3314 4541 3491 4600 etiam
3519 4538 3818 4614 corrigen-

1005 4641 1152 4703 dum
1187 4636 1257 4699 de
1290 4635 1604 4716 demmin,
1624 4648 1738 4702 etc.
1774 4641 1868 4702 cf.
1898 4660 2099 4723 supra,
2128 4660 2191 4721 p.
2226 4652 2363 4705 884.
