4364 5738
570 582 769 640 Iunior.
805 576 934 652 l5.]
1466 566 1864 628 HISTORIA
1915 564 2504 628 mPLOMA'rch.
3312 556 3388 614 27

573 725 644 787 et
668 711 943 804 cognati
974 705 1332 800 sanguinis
1365 704 1437 774 in
1465 703 1727 775 eisdem
1755 701 2125 796 nepotibus
2156 701 2400 771 vestris
2425 722 2600 793 quos
2625 709 2917 790 augusta
2945 717 3141 767 soror
3165 701 3392 766 vestra

574 836 845 933 peperit
873 833 1076 905 nobis
1108 831 1180 901 in
1211 827 1417 919 filios,
1452 850 1495 900 a
1526 827 1727 899 nobis
1762 828 1852 898 ad
1884 847 2011 897 vos
2039 823 2606 896 indissolubiliter
2640 823 3058 895 conservari.

673 964 924 1034 Datum
955 958 1292 1030 Coronate
1324 951 1463 1050 (l),
1501 953 1696 1024 XXX
1733 952 1847 1024 die
1872 949 2208 1043 januarii,
2252 959 2386 1020 etc.
2425 945 2608 1043 (sic).

1026 1217 2098 1233 fflOE--O-——Q—-u—u—-Q
2113 1218 2300 1225 --ψ-

687 1476 1151 1582 FridericuS,
1190 1473 1712 1557 Romanorum
1762 1471 2202 1581 imperator,
2244 1470 2559 1552 mandat
2601 1469 2891 1553 Marino
2927 1470 3023 1552 de
3071 1469 3320 1554 Ebulo
3358 1498 3403 1554 a
3500 1468 3767 1522 ‘mmm
3863 1476 3876 1488 ’

583 1612 815 1723 Papia
855 1610 1200 1721 superius
1244 1607 1525 1693 vicario
1582 1606 1916 1718 generali
1952 1616 2037 1689 ut
2083 1605 2180 1688 ab
2225 1605 2599 1688 universis
2629 1604 3176 1715 jurisdictionis
3223 1630 3406 1690 suae

584 1744 939 1853 praelatis
974 1767 1116 1853 pro
1150 1739 1611 1823 instantibus
1647 1739 1970 1848 negotiis
2007 1737 2435 1821 subsidium
2470 1738 2749 1846 exigat.

756 1957 1023 2036 (Edider.
1060 1957 1357 2017 Mna-mx
1400 1962 1463 2016 et
1500 1954 1798 2032 Duum»,
1826 1951 2100 2033 Ampliat.
2127 1951 2280 2025 coll..
2318 1961 2366 2015 t.
2398 1955 2488 2032 ΙΙ,
2519 1955 2635 2014 col.
2674 1963 2856 2028 11⁴5,
2897 1964 2964 2014 η’
2990 1954 3100 2015 ΧΙ.
3138 1986 3216 2000 -
3255 1953 3407 2016 Coll.

831 2081 970 2124 cum
999 2062 1132 2124 cod.
1163 2060 1318 2123 Bibl.
1350 2062 1550 2123 Cesar.
1578 2060 1796 2138 Paris„
1810 2058 1995 2139 fonds
2018 2057 2790 2139 Sciat-Germain-Harlay,
2820 2070 2889 2120 n⁰
2915 2069 3055 2134 ⁴55,
3084 2074 3224 2139 pars
3251 2061 3330 2135 1.)

694 2248 1137 2341 Fredericus,
1165 2257 1350 2337 etc.,
1371 2245 1637 2320 Marino
1671 2245 1760 2318 de
1789 2246 2017 2318 Ebulo
2049 2246 2228 2317 sacri
2256 2246 2529 2341 imperii
2558 2267 2601 2317 a
2635 2246 2846 2340 Papia
2876 2246 3194 2341 superius
3222 2248 3414 2319 vica-

598 2377 700 2447 rio
727 2372 1033 2467 generali
1048 2426 1068 2463 ,
1097 2382 1232 2443 etc.
1265 2370 1434 2443 Cum
1458 2370 1550 2443 ad
1572 2368 1702 2442 hec
1730 2370 1999 2442 laboret
2020 2371 2397 2465 imperialis
2419 2370 2709 2442 intentio
2732 2379 2812 2442 ut
2836 2370 3104 2443 clericis
3132 2379 3204 2442 et
3229 2371 3421 2444 laicis

598 2508 832 2595 optata
860 2495 1321 2590 tranquillitas
1352 2494 1763 2566 informetur
1804 2505 1877 2566 et
1915 2505 2053 2566 tam
2098 2494 2545 2566 ecclesiarum
2580 2502 2799 2565 status
2843 2493 2915 2565 in
2960 2495 3423 2567 ecclesiastica

598 2624 916 2694 libertate
958 2639 1170 2713 quam
1210 2618 1543 2690 laicorum
1584 2617 2002 2709 generalitas
2042 2618 2114 2687 in
2159 2639 2285 2689 sua
2326 2617 2719 2711 integritate
2764 2619 3095 2708 salvetur,
3133 2618 3423 2712 dignum

601 2746 922 2818 videmus
959 2755 1028 2815 et
1064 2742 1233 2814 utile
1265 2763 1350 2814 ac
1381 2741 1748 2812 imminens
1782 2741 2159 2812 necessitas
2196 2743 2569 2835 persuadet
2599 2750 2679 2812 ut
2708 2763 2751 2813 a
2782 2743 3063 2835 prelatis
3103 2743 3427 2814 omnibus

604 2892 687 2943 ac
725 2867 1102 2942 universali
1144 2867 1330 2939 clero
1363 2864 1861 2957 jurisdictionis
1908 2874 2025 2937 tue
2069 2888 2196 2961 pro
2240 2865 2657 2938 instantibus
2706 2867 2998 2958 negotiis
3041 2866 3427 2939 subsidium

608 2996 952 3087 exigatur.
990 2991 1218 3075 Quare
1260 2990 1674 3062 mandamus
1704 3001 1873 3080 etc.,
1912 2999 2259 3083 quatenus
2295 3013 2343 3063 -a
2382 2991 2667 3085 prelatis
2710 2986 3068 3081 omnibus,
3106 2991 3432 3064 videlicet

610 3116 1177 3212 archiepiscopis,
1215 3115 1579 3210 episcopis,
1621 3115 2021 3206 abbatibus,
2058 3115 2431 3210 prioribuS,
2466 3114 2856 3209 prepositiS,
2893 3114 3427 3209 archidiaconis,

615 3241 893 3314 decanis
924 3263 1007 3313 ac
1043 3240 1419 3313 universali
1460 3242 1647 3312 clero
1681 3241 1753 3310 in
1794 3250 1913 3312 tua
1940 3240 2420 3332 jurisdictione
2460 3237 2909 3330 degentibus,
2945 3262 3074 3336 pro
3101 3241 3434 3333 qualitate

612 3386 1062 3461 personarum
1110 3372 1182 3434 et
1220 3385 1491 3453 rerum,
1523 3363 1616 3435 ad
1651 3362 1990 3436 honorem
2035 3372 2352 3435 nostrum
2390 3371 2463 3434 et
2504 3363 2772 3457 imperii
2813 3362 3153 3434 auxilium
3196 3363 3438 3456 exigas

612 3499 1066 3583 oportunum,
1106 3509 1234 3582 per
1271 3496 1337 3558 te
1375 3496 1447 3557 et
1477 3487 1811 3581 speciales
1854 3487 2134 3558 nuntios
2165 3508 2343 3582 quos
2379 3485 2833 3576 transmitteS,
2871 3486 3235 3559 sollicitam
3267 3509 3437 3583 ope·

614 3633 764 3684 ram
793 3613 1231 3706 impensurus
1262 3619 1342 3682 ut
1368 3611 1645 3682 solvant
1671 3610 1921 3704 singuli
1954 3610 2144 3703 quod
2177 3611 2462 3683 cuilibet
2492 3611 2691 3704 equis
2721 3610 3189 3683 taxationibus
3213 3612 3439 3706 impo-

617 3745 849 3808 netur.
887 3736 1028 3807 Nos
1064 3734 1250 3806 enim
1281 3735 1531 3807 damus
1571 3734 1894 3807 omnibus
1934 3743 2007 3805 et
2044 3735 2334 3828 singulis
2373 3736 2503 3808 sub
2547 3757 2727 3831 pena
2763 3737 3074 3808 omnium
3108 3735 3444 3827 regalium

619 3879 757 3951 que
803 3878 846 3929 a
878 3856 1079 3928 nohis
1110 3865 1182 3928 et
1211 3877 1254 3927 a
1285 3856 1477 3928 curia
1522 3866 1758 3929 nostra
1798 3866 2041 3929 tenent
2085 3868 2157 3929 et
2195 3839 2493 3929 aliorum
2533 3859 2878 3931 bonorum
2913 3880 3050 3950 que
3092 3857 3450 3953 possident

622 3978 914 4052 firmiter
943 3980 1017 4050 in
1044 3979 1388 4052 mandatis
1419 3991 1501 4052 ut
1531 3981 1624 4054 ad
1656 3981 2173 4075 requisitionem
2205 3991 2277 4054 et
2306 3981 2814 4055 ordinationem
2846 3989 3035 4051 tuam
3070 3981 3297 4052 taliter
3322 3981 3449 4054 tibi

624 4111 694 4173 et
719 4101 1056 4174 ordinatis
1089 4102 1224 4173 tuis
1255 4102 1675 4198 respondere
1704 4111 1775 4175 et
1799 4104 2195 4176 satisfacere
2228 4104 2556 4176 studeant
2583 4113 2654 4175 et
2683 4111 3148 4194 conentur,ut
3166 4104 3450 4178 devotio

624 4244 861 4296 eorum
894 4244 1147 4319 penam
1174 4224 1566 4320 impositam
1598 4247 1741 4298 non
1768 4226 2108 4318 incurrat,
2147 4227 2273 4299 sed
2307 4227 2583 4299 laudem
2621 4226 2927 4297 debitam
2959 4247 3001 4297 a
3031 4238 3269 4300 nostra
3301 4207 3466 4299 me?

624 4358 857 4419 reatur
895 4349 1310 4421 excellentia
1345 4360 1728 4444 reportare.

711 4594 785 4668 (⁴)
822 4597 995 4655 Locus
1019 4597 1224 4656 scilicet
1258 4597 1528 4657 venationi
1560 4605 1750 4673 aptus,
1791 4598 1883 4671 qui
1921 4598 2118 4656 dicitur
2156 4600 2510 4662 Imm-onata.
2556 4599 2769 4658 duobus
2811 4600 3027 4660 circiter
3059 4602 3229 4661 leucis
3264 4603 3457 4676 Foggia

643 4690 867 4751 dietam
3309 4713 3312 4714 ’
