4364 5738
551 591 750 650 lxmcr.
792 584 910 669 15.]
1456 582 1846 643 nlsTomA
1896 581 2485 642 DIPLOMATICA.
3286 580 3360 641 61

549 722 911 815 equitatis,
959 729 1039 790 ut
1096 741 1138 790 a
1182 717 1384 790 vobis
1429 739 1608 811 quos
1655 717 1726 786 in
1787 737 1998 810 opere
2047 716 2323 810 previos
2375 726 2447 787 et
2488 715 2559 784 in
2614 714 2876 786 meritis
2927 735 3368 809 precursores

547 844 807 917 habere
848 844 1059 915 debet
1104 841 1403 938 populus
1434 838 1876 929 christianus,
1927 837 2124 933 (cum
2167 839 2573 910 adsumatur
2612 858 2654 909 a
2706 836 3004 908 subditis
3033 836 3366 909 audacius

550 971 621 1040 in
673 968 1111 1061 exemplum,
1175 964 1367 1057 quod
1425 962 1791 1034 committit
1850 962 2344 1034 irreverentius
2412 961 2812 1056 improvisio
2876 960 3362 1057 prelatorum),

549 1112 689 1165 non
725 1088 1288 1181 transgressionis
1319 1096 1555 1158 notam
1592 1084 1937 1180 accipiant
1975 1085 2233 1156 subditi
2273 1105 2450 1178 quos
2488 1084 2758 1177 regitis,
2793 1082 2920 1156 sed
2954 1084 3367 1179 provisionis

545 1213 895 1286 unanimis
927 1221 996 1283 et
1029 1210 1348 1283 firmioris
1384 1208 1549 1281 fidei
1577 1208 1870 1301 vestigia
1900 1218 2432 1304 prosequantur.

650 1788 903 1872 Mense
931 1788 1103 1897 julii
1148 1788 1558 1897 imperator
1591 1795 2049 1897 congregato
2084 1786 2415 1868 exercitu
2459 1786 2765 1894 copioso
2811 1810 3042 1893 super
3075 1783 3350 1867 Urbem
3411 1811 3773 1921 supffigtm,

545 1920 787 2024 vadit,
835 1928 911 2000 et
972 1919 1326 2002 hostilem
1375 1918 1658 2001 faciens
1702 1917 1777 1998 in
1828 1916 2325 2000 exterioribus
2381 1916 2808 2000 vastitatem
2827 1977 2851 2022 ,
2906 1941 3169 1999 mense
3204 1943 3354 1998 au-

546 2053 747 2163 gusti
795 2053 874 2133 in
922 2076 1249 2160 regnum
1303 2075 1648 2134 reversus
1701 2059 1815 2132 est
1861 2051 2009 2158 (1).
2080 2049 2422 2131 RlccAnm
2479 2076 2567 2128 ns
2619 2049 2698 2130 S.
2772 2049 3052 2155 Gsnu„
3111 2050 3358 2131 Chro-

545 2185 694 2267 nic.
738 2190 841 2265 ad
877 2213 1053 2266 ann.
1098 2212 1176 2293 p.
1218 2185 1452 2266 1050.

649 2698 1073 2783 Cardinalis
1111 2701 1427 2810 quidam
1462 2699 1831 2809 magistro
1866 2699 2087 2782 Petro
2123 2700 2221 2781 de
2257 2698 2489 2781 Vinea
2532 2696 2821 2803 scribit,
2863 2723 3040 2780 eum
3077 2697 3355 2780 adhor-
3478 2718 3695 2821 [2333

540 2836 710 2913 tans
742 2843 828 2914 ut
863 2834 1068 2942 apud
1100 2834 1518 2944 principem
1554 2832 1852 2916 insistat
1885 2832 1982 2915 de
2007 2831 2453 2916 liberatione
2487 2829 2991 2913 cardinalium
3027 2840 3102 2913 et
3136 2856 3353 2940 prae-

541 2962 873 3047 latorum
909 2966 1264 3049 aliorum.

705 3175 944 3254 (Inedlt.
976 3196 1052 3238 ex
1077 3177 1326 3239 codicib.
1358 3177 1506 3239 bibl.
1534 3176 1731 3239 Cesar.
1760 3176 2127 3255 Vindobou.,
2159 3177 2283 3237 Mss
2305 3176 2625 3254 philolog„
2651 3185 2720 3237 n⁶
2747 3185 2887 3255 805,
2915 3176 3023 3238 fol.
3051 3186 3121 3237 91
3156 3195 3344 3239 verso.

775 3291 834 3343 et
852 3293 919 3344 n⁰
942 3293 1042 3360 δι,
1071 3285 1176 3345 fol.
1211 3294 1307 3353 33,
1337 3301 1475 3345 cum
1497 3284 1673 3344 titulo
1704 3299 1719 3343 ε
1753 3283 1924 3362 Papa
1949 3283 2125 3344 Petro
2152 3281 2223 3342 de
2259 3282 2498 3360 Vincis.)

632 3470 958 3563 Magistro
990 3471 1066 3543 P.
1100 3471 1189 3543 de
1217 3470 1453 3542 Vincis
1488 3468 1667 3566 (sic).

634 3594 921 3668 Tociens
952 3597 1153 3668 vobis
1192 3597 1539 3669 incassum
1573 3615 1816 3691 preces
1849 3594 2217 3667 effudimus
2250 3617 2374 3690 pro
2406 3595 2778 3666 karissimis
2816 3595 3141 3668 fratribus
3180 3618 3345 3669 nos·

542 3717 660 3788 tris
691 3728 762 3791 et
786 3720 941 3792 aliis
966 3721 1087 3814 qui
1113 3720 1344 3792 adhuc
1379 3721 1451 3790 in
1483 3739 1763 3791 carcere
1798 3719 2129 3814 principis
2168 3719 2593 3808 detinentur,
2631 3719 2897 3789 utinam
2930 3742 3117 3792 nunc
3150 3720 3349 3791 nobis

540 3841 1011 3914 exaudicionis
1055 3853 1289 3938 optate
1329 3844 1545 3936 janua
1590 3841 2038 3936 panderetur.
2072 3841 2366 3934 Rogavit
2405 3841 2589 3912 enim
2636 3841 2896 3936 pluries
2938 3841 3349 3914 universitas

538 3966 989 4038 cardinalium
1021 3967 1212 4060 quod
1246 3967 1448 4038 matri
1485 3962 1588 4061 (a)
1622 3964 1745 4037 filii
1779 3965 2263 4038 redderentur.
2307 3966 2670 4057 Flagitavit
2701 3966 2906 4037 etiam
2940 3963 3131 4056 quod
3165 3973 3345 4038 trac-

617 4140 702 4221 (a)
746 4143 817 4202 In
845 4142 1093 4203 codicib.
1123 4144 1329 4202 nostri.

1614 4310 1857 4319 ———---0
1866 4311 1922 4319 -—
1932 4312 1970 4318 ᾳ-
1980 4311 2017 4318 --
2028 4310 2542 4319 --n—*w--0—m—
2551 4310 2660 4318 ..0—
2669 4310 2827 4318 ——u

608 4404 677 4476 (4)
719 4425 746 4460 α
773 4406 893 4479 lpso
921 4423 1108 4465 mense
1141 4407 1357 4480 augusti
1394 4408 1685 4482 imperator
1718 4414 1846 4466 ante
1886 4421 2161 4466 recessum
2201 4406 2272 4463 ab
2309 4405 2590 4464 obsidione
2615 4403 2805 4478 Urbis,
2847 4412 3079 4466 statuam
3114 4409 3343 4469 hominis

537 4514 744 4559 aeream
775 4509 833 4561 et
856 4519 1081 4562 vaccam
1109 4519 1322 4562 aeream
1349 4506 1597 4562 similiter
1621 4520 1764 4579 quae
1791 4505 1885 4570 diu
1910 4510 2168 4562 steterant
2191 4503 2336 4577 apud
2365 4502 2618 4561 Sanctam
2641 4503 2867 4562 Mariam
2889 4505 2957 4562 de
2981 4506 3179 4580 crypta
3205 4507 3343 4566 Fer-

536 4603 652 4656 rata
675 4605 732 4656 et
756 4616 955 4672 aquam
983 4618 1082 4674 per
1099 4618 1197 4659 sua
1220 4602 1486 4660 foramina
1514 4601 1803 4659 artificiose
1828 4600 2122 4658 fundebant
2138 4645 2154 4672 ,
2184 4601 2241 4657 in
2262 4615 2482 4673 regnum
2507 4601 2651 4674 apud
2671 4601 2947 4659 Luceriam
2966 4603 3190 4676 Apuliae
3207 4604 3339 4660 civi-

537 4702 699 4755 tatem
728 4698 817 4754 ubi
841 4698 1095 4757 Saraceni
1119 4698 1399 4772 degebant,
1429 4701 1627 4773 portari
1651 4699 1828 4772 jubet.
1849 4718 1874 4750 n
1895 4700 2039 4755 Βίου.
2060 4697 2122 4754 do
2138 4698 2198 4754 S.
2230 4698 2408 4754 Germ.
2427 4698 2702 4768 chronic„
2720 4699 2949 4756 Ibidem.
