4364 5738
985 579 1097 639 llo
1973 582 2397 645 FRIDERICI
2449 586 2795 645 SEchnl
3404 589 3567 666 [Axx.
3606 592 3778 653 1243.

979 712 1195 781 salem
1244 723 1315 784 et
1351 713 1578 784 Sicilie
1625 735 1775 785 rex.
1824 716 2172 787 Habentes
2214 740 2335 812 pre
2385 719 2603 789 oculis
2650 713 2844 809 Tgrata
2891 728 2960 787 et
3014 720 3265 790 devota
3321 723 3599 794 servitia
3649 747 3785 816 que

981 833 1332 906 Arnoldus
1363 835 1452 907 de
1489 836 1911 908 Gimmenich
1958 838 2290 910 scultetus
2324 840 2704 933 Aquensis,
2739 839 2962 912 fidelis
3002 850 3262 932 noster,
3309 843 3509 915 nobis
3549 855 3621 915 et
3656 846 3784 916 im·-

979 959 1174 1050 perio
1221 957 1575 1049 exhibuit,
1622 961 2112 1052 obligationem
2154 972 2617 1035 trecentarum
2661 985 3047 1035 marcarum
3084 986 3294 1056 quam
3326 966 3455 1038 sibi
3497 968 3791 1041 dilectus

984 1078 1163 1150 filius
1200 1092 1435 1153 noster
1473 1084 1828 1156 Conradus
1871 1086 1940 1155 in
1987 1088 2451 1159 Romanorum
2498 1109 2732 1180 regem
2773 1089 3034 1159 electus
3075 1089 3144 1159 in
3193 1090 3401 1162 domo
3442 1104 3675 1164 nostra
3716 1095 3783 1165 in

979 1225 1116 1295 qua
1151 1207 1359 1299 panni
1390 1208 1638 1298 integri
1676 1206 1783 1304 (⁴)
1813 1209 2215 1281 venduntur
2238 1210 2457 1303 Aquis
2484 1212 2767 1301 fecerat,
2800 1221 3021 1281 ratam
3053 1221 3125 1283 et
3153 1224 3508 1307 acceptam
3539 1215 3787 1287 habere

977 1330 1319 1421 volenteS,
1355 1331 1672 1403 eamdem
1705 1332 2176 1427 imperialibus
2209 1334 2452 1405 litteris
2483 1334 3005 1425 confirmamuS,
3043 1336 3137 1407 ita
3166 1337 3358 1428 quod
3407 1337 3496 1408 de
3548 1339 3787 1412 eadem

984 1452 1193 1524 domo
1246 1463 1480 1524 nostra
1531 1453 1706 1525 infra
1750 1464 1821 1526 et
1860 1478 2105 1550 supra,
2141 1468 2350 1552 prout
2381 1458 2639 1529 ibidem
2681 1459 2810 1529 sita
2843 1469 2979 1549 est,
3026 1481 3223 1531 suam
3263 1461 3627 1532 utilitatem
3665 1483 3788 1556 per

988 1575 1218 1645 omnia
1249 1575 1499 1646 debeat
1526 1585 1596 1646 et
1618 1578 1871 1671 poterit
1893 1580 2241 1670 ordinare,
2264 1582 2490 1654 donec
2513 1582 2577 1652 ei
2610 1591 2914 1654 trecente
2939 1603 3170 1654 marce
3197 1584 3504 1678 predicte
3527 1606 3572 1655 a
3593 1585 3787 1657 nobis

989 1709 1057 1769 et
1099 1700 1349 1770 nostris
1400 1702 1911 1773 successoribus
1946 1704 2203 1774 fuerint
2239 1705 2667 1797 integraliter
2696 1707 3071 1800 persolute.
3105 1707 3551 1779 Collationem
3585 1709 3786 1781 etiam

986 1843 1194 1914 quam
1232 1823 1362 1915 ipsi
1399 1832 1468 1893 et
1509 1824 1649 1894 suis
1698 1825 2073 1898 heredibus
2105 1828 2458 1921 predictus
2502 1826 2684 1899 filius
2735 1842 2972 1900 noster
3010 1829 3355 1901 feudalem
3406 1832 3665 1903 fecerat
3703 1832 3786 1904 de

988 1947 1197 2018 domo
1254 1956 1486 2018 nostra
1527 1947 1744 2041 Aquis
1785 1949 1915 2021 sita
1951 1973 2088 2043 que
2135 1952 2426 2024 Blandin
2469 1953 2746 2044 dicitur,
2794 1953 2882 2024 de
2933 1953 3267 2047 imperiali
3304 1955 3528 2047 gratia
3576 1967 3789 2027 ratam

986 2069 1345 2141 habemus,

1081 2197 1330 2268 Datum
1362 2197 1748 2291 Crepacacii
1781 2198 1914 2295 (2),
1946 2219 2131 2272 anno
2160 2203 2434 2273 Domini
2480 2204 2574 2274 M.
2599 2203 2720 2275 CC.
2744 2203 2982 2294 XLIII,
3032 2200 3295 2299 [mense
3326 2203 3676 2302 augusto}

2690 2499 3163 2508 *Μὴ
3176 2501 3385 2509 Q*—

628 2808 680 2849 ιιι
709 2806 880 2901 ςςωξῑ·
1098 2784 1550 2866 Thomasius
1596 2785 1692 2865 de
1737 2771 2028 2868 Molisio
2074 2786 2151 2864 in
2202 2785 2453 2868 Sicilia
2488 2787 2671 2868 citra
2711 2787 2996 2871 flumen
3041 2787 3346 2871 Salsum
3386 2786 3795 2896 imperialis

591 2872 914 3019 “ffffifflth‘j’
984 2919 1436 3029 justitiarius
1496 2919 1880 3027 magistris
1952 2918 2361 3001 forestariis
2409 2921 2598 3002 citra
2671 2920 2950 3003 flumen
3017 2920 3320 3003 Salsum
3374 2920 3796 3003 constitutis

992 3053 1306 3134 mandat
1360 3061 1444 3133 ut
1487 3051 1746 3158 vigore
1795 3052 2134 3133 mandati
2190 3052 2601 3160 imperialis
2658 3053 2878 3162 cujus
2928 3065 3142 3137 tenor
3204 3054 3590 3159 inseritur,
3647 3053 3799 3136 ho-

994 3185 1236 3265 mines
1285 3182 1639 3265 Panormi
1696 3185 1896 3290 apud
1956 3184 2436 3267 Goderanum
2490 3201 2564 3267 et
2616 3185 2692 3265 in
2751 3186 2919 3267 aliis
2969 3185 3156 3268 locis
3209 3187 3420 3295 ligna
3472 3186 3798 3268 incidere

997 3340 1287 3397 necnon
1339 3326 1413 3397 et
1469 3314 1696 3396 boves
1754 3341 1933 3398 suos
1997 3317 2323 3399 domitos
2382 3319 2460 3398 in
2525 3316 2733 3401 locos
2787 3316 2918 3401 uhi
2967 3319 3345 3433 spissurae
3405 3344 3555 3401 non
3623 3329 3799 3400 sunt

995 3448 1267 3530 ducere
1303 3447 1763 3555 permittant.

1157 3662 1348 3742 (Edit.
1381 3679 1478 3741 ap.
1508 3660 1584 3724 D.
1617 3661 1809 3723 Mum.
1841 3679 1920 3722 nn
1945 3662 2103 3742 Vm,s
2128 3659 2351 3724 Selecta
2377 3659 2602 3744 aliquot
2636 3660 2720 3725 ad
2749 3663 2996 3726 avitam
3038 3663 3321 3725 Panormi
3359 3661 3524 3724 dem
3548 3668 3605 3724 οε
3647 3679 3804 3722 com-

1232 3766 1463 3829 modum
1489 3769 1811 3848 spectantia
1826 3765 2153 3850 privileqia.
2188 3787 2248 3847 p.
2288 3780 2383 3831 ¹6.
2416 3771 2719 3850 Panormi,
2749 3780 2923 3846 1706,
2959 3773 3023 3831 in
3050 3772 3154 3833 fol.
3186 3769 3362 3849 min.)

1093 3956 1499 4030 Thomasius
1534 3954 1623 4027 de
1669 3954 1930 4027 Molisio
1966 3955 2340 4049 imperialis
2367 3955 2774 4048 justitiarius
2810 3956 2881 4028 in
2923 3955 3150 4041 Sicilia
3192 3956 3363 4027 citra
3406 3952 3504 4050 (a)
3544 3953 3802 4027 flumen

1084 4133 1165 4212 (a)
1210 4134 1340 4211 Sic;
1369 4136 1582 4194 rectius
1608 4141 1828 4204 tamen,
1858 4139 1928 4192 ut
1951 4132 2328 4210 arbitramur,
2364 4132 2673 4210 legendum
2700 4128 2882 4201 ultra,
2912 4138 2972 4192 et
3000 4133 3082 4191 Ita
3108 4133 3172 4191 in
3199 4130 3600 4208 sequentihus.

2758 4303 3023 4310 w-r--

1076 4393 1146 4465 (l)
1182 4392 1338 4461 Quod
1362 4394 1547 4466 gallice
1571 4395 1767 4451 dicitur
1792 4401 1942 4453 vento
1966 4411 2034 4451 en
2052 4410 2176 4467 aros
2192 4438 2206 4465 ,
2237 4399 2293 4451 et
2322 4394 2499 4466 ipsum
2526 4393 2830 4451 aedificium
2854 4393 3019 4451 Halia
3039 4408 3158 4455 aux
3176 4394 3375 4467 Draps-

1077 4491 1150 4562 (2)
1188 4489 1277 4545 Sic
1307 4490 1448 4560 apud
1475 4490 1844 4562 Wurdtwein;
1883 4492 2025 4564 apud
2055 4492 2191 4562 Quix
2218 4491 2522 4565 Cropaeaii.
2559 4491 2678 4547 Non
2712 4490 2934 4547 dubium
2967 4490 3227 4548 habemus
3252 4489 3383 4563 quin
3417 4488 3702 4561 legendum
3736 4487 3808 4543 sit

1006 4586 1334 4660 Crepacorii‚
1349 4586 1547 4643 scilicet
1565 4586 1716 4644 locus
1734 4589 2056 4661 crepacuoro
2074 4588 2249 4645 dictus
2267 4603 2372 4645 non
2401 4588 2629 4644 multum
2651 4587 2849 4646 Ariane
2862 4588 3090 4644 distans.
3111 4589 3265 4645 Unde
3283 4586 3440 4644 etiam
3464 4584 3636 4642 edocti
3663 4590 3807 4642 nota·

1004 4686 1202 4742 tionem
1232 4683 1434 4740 mensis
1467 4683 1791 4756 supplemus.
3262 4702 3265 4709 ·
