4364 5738
901 530 1026 593 544
1899 528 2331 593 tammum
2380 529 2728 593 ssscnnnl
3334 532 3501 613 [An.
3538 533 3717 597 1247.

903 668 1214 740 favorem
1257 673 1328 738 et
1361 666 1654 759 gratiam
1697 667 2209 762 impendamus.
2246 667 2421 740 Hinc
2454 676 2561 739 est
2594 667 2785 761 quod
2824 688 2953 739 nos
2989 666 3430 742 attendentes
3465 671 3722 745 damna

901 814 1043 865 non
1073 791 1369 884 modica,
1402 791 1774 864 immensas
1804 792 2158 886 angustias
2196 801 2267 863 et
2303 813 2659 886 pressuras
2688 813 2826 886 que
2864 814 2989 888 pro
3029 791 3360 865 fidelitate
3401 803 3473 865 et
3501 793 3717 868 devo-

905 918 1089 991 tione
1117 917 1354 988 matris
1375 926 1605 988 vestre
1632 918 1939 989 Romane
1967 917 2272 989 Ecclesie
2302 916 2483 1011 passi
2517 917 2707 1007 estis,
2732 927 2801 988 et
2830 938 2955 1011 per
2981 916 3116 989 boc
3141 918 3377 1010 gratiis
3395 920 3720 1013 prosequi

901 1062 1030 1114 vos
1075 1040 1467 1135 cupienteS,
1506 1040 1755 1112 vestris
1802 1041 2073 1113 devotis
2122 1040 2744 1135 supplicationibus
2798 1041 3144 1133 inclinati,
3183 1052 3440 1133 castra,
3477 1044 3712 1135 villas,

907 1177 1160 1257 terraS,
1197 1165 1668 1261 possessiones
1711 1175 1780 1237 et
1823 1166 1958 1237 alia
2000 1166 2185 1237 bona
2222 1186 2359 1258 que
2391 1187 2432 1236 a
2462 1165 2658 1237 XXX
2697 1165 2896 1237 annis
2940 1167 3110 1238 citra
3153 1176 3536 1239 noscuntur
3559 1166 3715 1265 (sic)

903 1291 1283 1387 possidere,
1312 1291 1490 1361 sicut
1517 1299 1587 1361 et
1618 1290 1848 1362 omnia
1877 1291 2062 1381 juste
2093 1298 2163 1360 et
2193 1288 2475 1384 pacifice
2509 1290 2963 1385 possidebatis
2997 1298 3308 1386 tempore
3348 1302 3535 1365 mote
3572 1291 3718 1364 dis-

903 1415 1136 1489 cordie
1168 1415 1349 1486 inter
1374 1414 1749 1487 Ecclesiam
1779 1423 1850 1485 et
1879 1414 2281 1486 Federicum
2314 1407 2667 1508 quon'dam
2701 1415 3216 1509 imperatorem,
3256 1416 3457 1488 vobis
3487 1427 3722 1490 aucto-

903 1542 1105 1613 ritate
1134 1541 1510 1636 apostolica
1534 1538 2026 1613 confirmamus
2054 1549 2124 1613 et
2153 1540 2494 1636 presentis
2515 1540 2748 1637 scripti
2772 1541 3155 1637 patrocinio
3180 1543 3714 1615 communimus.

902 1666 1088 1739 Nulli
1122 1686 1317 1759 ergo,
1355 1673 1488 1736 etc.

998 1793 1251 1865 Datum
1282 1791 1627 1885 Lugduni,
1659 1790 1890 1864 idibus
1907 1790 2113 1884 junii,
2141 1812 2328 1865 anno
2356 1788 2795 1886 pontificatus
2819 1791 2933 1864 IV.

1009 2343 1493 2428 Innocentius
1531 2368 1729 2452 papa
1779 2341 2158 2425 Ludovico
2209 2341 2587 2440 Franciae
2616 2343 2819 2453 regi,
2859 2342 3239 2427 Blanchae
3280 2347 3508 2428 matri
3552 2346 3720 2459 ejus

902 2491 977 2562 et
1018 2476 1383 2560 fratribus
1438 2489 1690 2586 grates
1746 2475 2198 2585 multiplices
2255 2477 2413 2584 agit
2469 2478 2676 2585 quod
2722 2477 2819 2559 ad
2868 2477 3293 2561 subsidium
3344 2479 3722 2564 Ecclesiae

905 2612 1253 2695 militiam
1301 2611 1797 2721 personaliter
1834 2611 2358 2693 adducendam
2409 2609 2858 2717 obtulerint3
2908 2622 3168 2694 monet
3209 2625 3460 2695 tamen
3508 2615 3717 2723 quod

903 2747 981 2826 in
1033 2744 1408 2855 praesenti
1462 2770 1718 2826 rerum
1763 2752 1960 2826 statu
2003 2769 2155 2826 non
2204 2770 2284 2825 se
2326 2744 2722 2852 accingant
2783 2745 2878 2826 ad
2933 2743 3102 2852 iter,
3142 2771 3540 2856 quousque
3584 2773 3720 2856 per

904 2881 1258 2963 nuntium
1295 2878 1411 2962 vel
1449 2878 1737 2961 litteras
1775 2878 1979 2986 ipsos
2018 2877 2444 2985 Apostolica
2483 2878 2713 2962 Sedes
2751 2879 3147 2963 vocaverit.

1065 3123 1255 3202 (Edit.
1285 3139 1380 3199 ap.
1413 3124 1766 3195 Rnnunnr,
1797 3116 2019 3181 Annal.
2051 3116 2242 3182 eccles.
2272 3119 2347 3180 ad
2375 3137 2518 3181 ann.
2556 3130 2731 3195 12⁴7,
2761 3122 2968 3200 sxln
2998 3129 3057 3185 et
3093 3140 3287 3203 seqq„
3315 3141 3389 3186 ex
3428 3125 3577 3186 libro
3604 3142 3715 3187 cu-

1138 3229 1267 3291 riali
1294 3231 1437 3290 anni
1460 3227 1570 3307 IV,
1598 3229 1833 3305 n⁹124,
1870 3236 2005 3306 125,
2037 3236 2148 3288 126
2172 3225 2428 3307 otu-1.)

2282 3455 2335 3527 Ι.

998 3663 1467 3755 Innocentius,
1505 3671 1676 3753 etc.,
1711 3661 1960 3733 illustri
1991 3660 2139 3754 regi
2169 3661 2615 3753 Francorum,
2655 3671 2791 3735 etc.
2823 3662 3150 3736 Letentur
3181 3664 3312 3737 celi
3345 3673 3416 3737 et
3449 3668 3719 3741 exultet

900 3802 1083 3865 terra
1108 3789 1300 3886 quod
1327 3789 1424 3861 sic
1454 3790 1641 3860 Deus
1669 3809 1876 3882 super
1897 3787 2273 3859 Ecclesiam
2306 3788 2378 3858 in
2406 3786 2529 3859 filii
2556 3787 2661 3859 sui
2691 3788 3028 3880 unigeniti
3056 3790 3391 3883 sanguine
3415 3791 3716 3888 pretioso

898 3917 1254 3989 fundatam
1289 3934 1487 3986 suam
1524 3913 1612 3985 de
1644 3934 1831 3984 novo
1873 3912 2244 3984 illustravit
2282 3913 2526 3984 faciem
2557 3922 2636 3984 ut
2667 3934 2806 4006 que
2851 3914 2983 3984 sub
3032 3914 3533 4008 insurgentium
3568 3925 3713 3988 tur-
3788 4005 3799 4013 ο

895 4043 1057 4114 bine
1091 4048 1576 4135 tempestatum
1615 4038 2030 4109 credebatur
2064 4046 2453 4108 extremum
2488 4037 2683 4128 quasi
2718 4059 3003 4132 passura
3034 4038 3442 4132 periculum,
3475 4039 3714 4111 videa·

899 4177 1012 4238 tur
1037 4166 1264 4237 subito
1293 4163 1624 4256 consequi
1653 4185 1810 4234 cum
1838 4161 2119 4233 honoris
2154 4161 2583 4256 plenitudine
2614 4184 2854 4232 secure
2884 4162 3221 4233 libertatis
3254 4163 3606 4253 effectum3
3650 4175 3716 4235 te

897 4290 1039 4363 filio
1076 4288 1514 4379 charissimo,
1557 4310 1680 4382 pre
1718 4297 1897 4359 terre
1936 4287 2360 4382 principibus
2392 4286 2462 4357 in
2496 4295 2871 4381 conspectu
2917 4287 3040 4358 Dei
3069 4298 3140 4359 et
3166 4286 3527 4360 hominum
3562 4290 3715 4379 glo-

894 4417 1104 4502 rioso,
1138 4414 1257 4507 qui
1285 4413 1544 4485 duxisti
1577 4412 1911 4504 originem
1941 4411 2030 4483 de
2062 4412 2276 4507 stirpe
2309 4411 2526 4502 regia,
2561 4411 2857 4482 fructum
2891 4409 3171 4483 honoris
3204 4420 3274 4483 et
3298 4413 3516 4505 gratie
3541 4434 3720 4484 sem-

895 4562 1021 4637 per
1060 4538 1365 4612 Ecclesie
1397 4537 1783 4632 producere
1816 4545 2172 4627 consuet0,
2215 4535 2363 4606 sine
2401 4534 2915 4629 interpositione
2955 4535 3193 4629 spatii,
3231 4536 3502 4607 fervore
3540 4556 3713 4607 con-

893 4674 1096 4759 cepto
1123 4660 1356 4735 Sancti
1389 4659 1681 4755 Spiritus
1703 4713 1722 4752 ,
1748 4682 1907 4733 cum
1942 4657 2342 4731 charissima
2369 4656 2441 4727 in
2472 4656 2737 4729 Christo
2769 4656 2908 4729 filia
2938 4668 3176 4730 nostra
3206 4657 3453 4730 illustri
3478 4657 3718 4751 regina
