4364 5738
624 2862 834 2917 Boggia,

645 2920 825 2961 octobri.

970 492 1012 553 6
1968 493 2394 555 FRIDERICI
2445 496 2797 557 snctmm
3401 504 3566 582 [Asu.
3606 506 3780 566 1241.

965 637 1198 699 nostre
1233 626 1592 716 legationis
1618 627 1709 697 ab
1738 628 2318 700 excellentissimo
2353 630 2599 702 Cesare
2627 641 2823 726 patre
2850 641 3086 705 nostro
3118 655 3246 728 per
3281 648 3493 709 totam
3521 641 3785 712 Italiam

968 750 1365 840 commisse,
1405 751 1536 821 sub
1571 752 1998 845 protectione
2034 774 2116 823 ac
2145 752 2549 825 defensione
2580 754 2851 849 imperii
2878 755 3249 850 recipimus
3279 761 3596 854 speciali;
3628 765 3787 835 uni·

966 875 1270 948 versitati
1299 884 1522 946 vestre
1544 874 1881 969 imperiali
1905 875 2106 948 nobis
2138 876 2544 947 auctoritate
2568 877 2930 949 commissa
2955 880 3367 953 mandantes
3397 893 3467 954 et
3500 881 3789 957 firmiter

968 999 1358 1070 inhibentes
1386 998 1710 1090 quatinus
1737 1001 1971 1071 nullus
2003 999 2091 1072 sit
2121 1001 2241 1093 qui
2275 1001 2655 1096 predictam
2681 1002 3077 1094 ecclesiam,
3110 1005 3410 1099 priorem
3440 1016 3510 1078 et
3537 1009 3786 1082 fratres

965 1122 1221 1193 ibidem
1251 1123 1542 1195 Domino
1572 1124 1987 1195 famulantes
2019 1132 2088 1194 et
2113 1124 2346 1195 omnia
2380 1124 2563 1196 bona
2603 1146 2843 1197 eorum
2869 1126 3128 1218 ubique
3155 1151 3283 1223 per
3301 1130 3779 1205 Romaniolam

966 1255 1038 1317 et
1059 1245 1426 1317 Mar-chiam
1454 1245 1959 1318 Anconitanam
1989 1256 2230 1319 contra
2258 1246 2463 1338 hujus
2484 1248 2928 1342 protectionis
2953 1250 3202 1322 seriem
3229 1262 3301 1325 et
3323 1264 3561 1326 contra
3595 1266 3784 1328 teno-

963 1390 1111 1440 rem
1146 1370 1661 1464 privilegiorum
1698 1391 1977 1441 suorum
2019 1392 2155 1463 que
2197 1371 2329 1466 ipsi
2368 1373 2784 1444 monasterio
2818 1394 2861 1445 a
2894 1373 3260 1465 magnifico
3296 1377 3541 1449 Cesare
3586 1388 3779 1473 patre

965 1503 1202 1566 nostro
1249 1503 1320 1565 et
1370 1495 1520 1585 ejus
1565 1494 2121 1588 progenitoribus
2160 1504 2324 1566 sunt
2353 1495 2467 1589 pia
2506 1495 3056 1599 consideratione
3088 1498 3385 1590 indulta,
3428 1502 3780 1576 offendere

968 1628 1226 1689 temere
1268 1638 1388 1688 seu
1428 1616 1733 1688 indebite
1767 1618 2132 1690 molestare
2168 1628 2556 1713 presumat;
2593 1619 2781 1712 quod
2815 1620 2934 1713 qui
2969 1626 3418 1715 presumserit
3458 1626 3778 1719 indigna-

969 1742 1223 1813 tionem
1254 1741 1691 1834 imperatorie
1714 1742 2092 1834 majestatis
2117 1763 2193 1813 se
2225 1742 2498 1814 noverit
2525 1742 2988 1815 incursurum.
3013 1744 3123 1817 Ad
3143 1746 3348 1840 hujus
3375 1748 3608 1844 itaque
3625 1772 3782 1846 pro-

969 1865 1283 1936 tectionis
1315 1864 1580 1959 imperii
1609 1865 2010 1937 memoriam
2039 1876 2107 1937 et
2134 1865 2348 1937 robur
2367 1867 2434 1936 in
2459 1875 2813 1961 posterum
2832 1868 3232 1962 valiturum,
3258 1894 3544 1967 presens
3569 1876 3781 1970 scrip-

966 1998 1112 2060 tum
1142 1988 1290 2061 fieri
1320 1998 1390 2059 et
1416 1988 1638 2080 sigillo
1664 1999 1897 2061 nostre
1928 1989 2420 2081 magnitudinis
2442 1989 2773 2080 jussimus
2804 1992 3240 2064 communiri.

1061 2114 1307 2183 Datum
1334 2113 1691 2203 Ravenne,
1721 2134 1905 2183 anno
1934 2111 2278 2185 dominice
2304 2110 2795 2185 incarnationis
2821 2114 3155 2208 MCCXLI,
3184 2138 3420 2190 mense
3447 2120 3773 2212 octobriS,

963 2237 1336 2309 indictione
1368 2235 1515 2308 XV.

1445 2540 1586 2548 ——-—
1597 2540 1851 2549 ,σ--ι-
1864 2540 2031 2548 -0--
2046 2541 2106 2549 0·-
2118 2541 2155 2549 ,φ
2172 2542 2191 2550 0
2203 2542 2214 2549 ·
2231 2542 2294 2550 ο.-
2307 2542 2676 2552 *α’-..ιφ-α--ω

1070 2835 1494 2919 Fridericus
1516 2895 1539 2940 ,
1598 2835 2115 2918 Romanorum
2170 2834 2605 2944 imperator,
2669 2834 3021 2918 Richzam
3094 2838 3399 2921 viduam
3452 2837 3776 2921 Heinrici

961 2970 1257 3052 comitis
1306 2971 1401 3052 de
1463 2967 1889 3078 Ortenberg
1941 2978 2016 3050 et
2077 2967 2276 3051 filios
2333 2967 2497 3079 ejus
2561 2968 2707 3050 sub
2766 2995 2905 3051 sua
2970 2971 3273 3078 speciali
3320 2972 3777 3079 protectione

960 3103 1247 3211 recipit.

1125 3317 1307 3395 (Edit.
1340 3334 1438 3392 ap.
1471 3318 1695 3388 Lumo,
1722 3314 2190 3396 Raida-Archiv,
2215 3317 2451 3395 Specul.
2483 3317 2763 3394 secular.,
2794 3324 2941 3379 tom.
2972 3317 3056 3397 11,
3094 3336 3155 3396 p.
3195 3326 3369 3380 1836.
3400 3317 3492 3380 Cf.
3529 3318 3772 3379 Eusen-

1198 3439 1373 3502 nnno,
1409 3420 1605 3484 θαι-ἠ.
1634 3441 1746 3484 von
1777 3421 2113 3505 Ortenbaerq‚
2145 3441 2207 3501 p.
2239 3422 2366 3501 89.)

1054 3584 1464 3676 Fridericus,
1490 3584 1615 3655 Dei
1650 3585 1869 3676 gratia
1900 3585 2361 3657 Romanorum
2393 3583 2768 3678 imperator
2798 3604 3072 3677 semper
3105 3584 3776 3675 augustus,1erusa·

957 3712 1093 3780 lem
1126 3719 1196 3781 et
1227 3708 1451 3779 Sicilie
1486 3730 1637 3780 rex.
1673 3709 1934 3779 Tenore
1969 3707 2391 3802 presentium
2426 3718 2668 3779 notum
2707 3706 2997 3778 facimus
3037 3705 3378 3777 universis
3417 3715 3777 3801 presentes

957 3833 1217 3906 litteras
1257 3833 1669 3928 inspecturis
1710 3831 2028 3904 fidelibus
2069 3832 2322 3904 nostris
2365 3830 2557 3923 quod
2600 3851 2755 3922 nOS,
2801 3852 2962 3902 cum
2998 3852 3093 3902 ex
3119 3829 3494 3926 imperialis
3540 3830 3775 3902 debito

955 3956 1303 4050 dignitatis
1329 3957 1575 4030 viduas
1606 3966 1677 4029 et
1712 3956 2012 4051 pupillos
2042 3956 2130 4027 ab
2163 3955 2635 4047 injuriantium
2659 3954 2990 4027 molestiis
3022 3953 3395 4026 defendere
3429 3962 3770 4044 tenemur,

953 4080 1275 4152 Richzam
1315 4082 1731 4153 comitissam
1772 4101 2069 4152 uxorem
2109 4081 2462 4173 quondam
2494 4079 2795 4150 Heinrici
2828 4078 3099 4151 comitis
3131 4078 3220 4149 de
3251 4077 3640 4168 Ortenberg
3669 4073 3773 4171 (l)

956 4213 1029 4276 et
1054 4202 1231 4275 filios
1257 4206 1405 4297 ejus
1433 4204 1673 4278 fideles
1701 4215 2007 4295 nostroS,
2040 4225 2373 4299 personas
2401 4224 2640 4275 eorum
2658 4257 2678 4295 ,
2708 4212 2932 4276 castra
2950 4255 2970 4292 ‚
2997 4202 3350 4294 homines,
3384 4201 3676 4272 familias
3706 4208 3775 4271 et

1027 4511 1104 4581 (t)
1141 4509 1242 4578 Qui
1269 4510 1664 4582 quintodecimo
1690 4509 1776 4565 die
1802 4509 2054 4567 februarii
2082 4509 2185 4566 hoc
2216 4524 2358 4566 anno
2390 4510 2520 4566 ΒΗ
2564 4508 2677 4566 vita
2704 4510 2919 4567 functus
2945 4516 3094 4581 erat,
3124 4515 3186 4567 ut
3217 4524 3315 4568 nos
3344 4514 3529 4566 monet
3554 4506 3772 4562 Husch-

956 4609 1087 4681 berg
1109 4608 1166 4663 in
1189 4622 1286 4664 sua
1314 4606 1662 4681 praelaudata
1687 4605 2092 4679 &imber-qemi
2118 4606 2376 4666 historia.
