4364 5738
572 545 774 606 numer.
805 541 898 621 s.]
1464 536 1863 600 msronm
1910 537 2498 603 arnosia-rma,
3124 489 3127 492 ⁵
3261 535 3384 598 259

576 678 648 749 in
684 699 857 774 pace
888 675 1222 767 dimissis,
1259 675 1371 748 ale
1400 685 1634 750 nostre
1665 695 1931 770 pennas
1971 682 2043 746 et
2080 675 2355 770 plumas
2391 673 2762 766 integrales
2794 671 3098 746 habeant
3130 670 3384 766 quibus

577 801 672 875 ad
705 803 845 874 alta
875 800 1341 874 conscendere
1379 798 1688 871 securius
1717 798 2101 870 valeamus.

675 928 927 998 Datum
954 924 1198 1019 Fogie‚
1231 923 1481 996 XXVII
1511 921 1838 994 februarii
1851 972 1872 1012 ‚
1918 920 2116 993 tertia
2151 918 2555 993 indictione.

687 1516 1111 1599 Fridericus
1126 1577 1151 1623 ‚
1197 1516 1715 1600 Romanorum
1765 1516 2207 1626 Imperator,
2259 1514 2669 1599 Henricum
2718 1516 2816 1598 de
2869 1516 3389 1628 Schaumberg
3508 1522 3742 1620 {ggffig

585 1648 1153 1731 ministerialem
1200 1675 1427 1732 suum
1471 1659 1547 1732 et
1585 1649 1782 1733 filios
1826 1650 1990 1760 ejus
2038 1675 2218 1732 cum
2272 1648 2632 1733 omnibus
2677 1673 2943 1732 eorum
2977 1647 3202 1734 bonis
3247 1650 3393 1735 sub

588 1805 728 1862 sua
760 1779 1219 1890 protectione
1252 1781 1541 1891 recipit.

751 1990 943 2069 (Edit.
972 2008 1072 2070 ap.
1101 1992 1430 2066 scunt-rus,
1459 1988 1769 2071 Diplomat.
1800 1989 1999 2053 Geaeclt.
2022 2008 2135 2052 oon
2157 1990 2516 2072 Hmneberq,
2548 1988 2828 2069 urkund„
2858 2011 2917 2072 p.
2957 2004 3101 2072 1⁸10,
3134 2004 3203 2094 n·
3228 1994 3340 2074 11.)

682 2177 1104 2270 FridericuS,
1147 2178 1275 2249 Dei
1304 2177 1524 2269 gratia
1558 2178 2023 2249 Romanorum
2066 2176 2441 2271 imperator
2480 2197 2755 2271 semper
2787 2189 3158 2270 augustus,
3198 2182 3397 2252 Jeru-

590 2303 806 2374 salem
838 2311 910 2374 et
940 2301 1167 2373 Sicilie
1200 2323 1353 2373 rex.
1387 2302 1520 2373 Per
1557 2323 1845 2397 presens
1875 2301 2207 2395 scriptum
2239 2310 2484 2373 notum
2520 2301 2808 2374 facimus
2837 2303 3178 2377 universis
3209 2305 3401 2398 quod

591 2446 718 2498 nos
743 2425 1114 2497 Hem-icum
1148 2425 1238 2497 de
1270 2424 1788 2516 Schawenberg
1812 2424 2328 2496 ministerialem
2364 2434 2704 2515 nostrum,
2733 2427 3056 2498 Ottonem
3090 2437 3161 2500 et
3190 2428 3400 2501 Hein-

594 2549 814 2622 ricum
849 2547 1028 2621 filios
1058 2571 1246 2640 suos,
1283 2547 1526 2621 fideles
1556 2559 1855 2639 nostros,
1893 2570 2054 2621 cum
2081 2550 2403 2622 omnibus
2441 2550 2645 2622 bonis
2682 2571 2921 2622 eorum
2958 2574 3095 2645 que
3129 2553 3205 2624 in
3241 2574 3401 2649 pre·

594 2669 1028 2770 sentia[rum]
1057 2675 1246 2765 juste
1279 2681 1350 2744 et
1379 2672 1880 2745 rationabiliter
1904 2672 2263 2767 possident
2294 2672 2462 2744 etin
2494 2682 2699 2744 antea
2717 2674 2904 2765 juste
2930 2675 3404 2768 acquisitionis

596 2797 794 2871 titulo
845 2806 1174 2893 poterunt
1229 2796 1558 2892 adipisci,
1611 2797 1744 2869 sub
1796 2806 2033 2868 nostra
2080 2804 2155 2868 et
2206 2796 2475 2891 imperii
2531 2797 2956 2893 protectione
3013 2800 3403 2896 recepimus

597 2923 905 3019 speciali.
960 2925 1189 3010 Quare
1242 2922 1676 2994 universitati
1724 2933 1957 2994 vestre
2010 2921 2423 2992 mandamus
2474 2932 2818 3014 quatenus
2866 2924 3099 2995 nullus
3145 2923 3235 2995 sit
3282 2925 3404 3017 qui

597 3046 784 3140 ipsos
827 3056 1070 3117 contra
1108 3046 1449 3140 presentis
1479 3045 1926 3140 protectionis
1962 3055 2197 3117 nostre
2241 3053 2550 3116 tenorem
2584 3056 2941 3141 presumat
2973 3067 3149 3119 ausu
3186 3057 3404 3120 teme-

601 3169 784 3241 rario
819 3169 1213 3241 molestare.
1252 3169 1456 3254 Quod
1493 3169 1614 3261 qui
1653 3168 2149 3264 presumpserit
2194 3167 2742 3260 indignationem
2781 3170 2998 3243 nostri
3030 3166 3403 3269 [culminis]

601 3316 677 3366 se
707 3292 984 3366 noverit
1016 3292 1479 3364 incursurum.
1514 3292 1629 3363 Ad
1661 3294 1860 3384 cujus
1890 3292 1992 3363 rei
2021 3292 2426 3364 memoriam
2461 3315 2748 3386 presens
2783 3294 3113 3388 scriptum
3144 3293 3296 3367 fieri
3329 3307 3402 3370 et

603 3415 981 3510 majestatis
1014 3423 1249 3486 nostre
1280 3414 1504 3505 sigillo
1533 3414 1864 3506 jussimus
1898 3415 2334 3486 communiri.

698 3542 950 3611 Datum
977 3537 1209 3629 Fogie,
1239 3558 1423 3608 anno
1452 3536 1794 3609 dominice
1825 3537 2315 3609 incarnationis
2340 3536 2704 3610 millesimo
2733 3536 3205 3614 ducentesimo
3229 3562 3403 3634 qua-

604 3663 992 3756 dragesimo
1022 3671 1300 3753 quarto,
1336 3681 1572 3732 mense
1599 3660 1956 3751 februarii,
1989 3660 2198 3732 tercie
2229 3660 2650 3733 indictionis.

713 4191 1136 4274 Fridericus
1154 4253 1179 4299 ,
1239 4191 1758 4276 Romanorum
1808 4192 2248 4302 imperator,
2287 4189 2774 4302 magnatibus
2821 4191 3037 4300 regni
3088 4192 3410 4302 Angliae
3511 4211 3769 4316 [ξιξ-φεῖ»

614 4321 875 4404 scribit
906 4324 1003 4404 de
1031 4321 1324 4432 justitia
1356 4350 1631 4408 causae
1665 4318 1875 4433 suae,
1908 4324 2319 4433 deprecans
2354 4349 2452 4405 ne
2488 4324 2568 4404 in
2606 4347 2834 4405 suum
2868 4318 3408 4408 detrimentum

611 4478 852 4562 papae
914 4455 1212 4539 aemulo
1277 4482 1416 4541 suo
1492 4457 1782 4568 aliquid
1845 4455 2362 4560 contribuant,
2427 4456 2924 4567 hortaturque
2983 4468 3069 4543 ut
3133 4458 3410 4569 jugum

614 4584 1132 4670 Romanorum
1168 4616 1214 4672 a
1250 4615 1332 4672 se
1367 4589 1727 4673 eximant.
