4364 5738
549 576 750 634 lumem
780 569 873 650 3.]
1432 566 1826 628 HISTORIA
1875 564 2466 628 mPLOMATmA.
3244 561 3366 624 303

658 1036 1119 1144 Fridericu8‚
1168 1037 1689 1122 Romanorum
1740 1037 2149 1145 imperator
2165 1098 2190 1143 ‚
2237 1037 2338 1119 ad
2384 1036 3014 1145 supplicationem
3065 1035 3366 1118 Henrici

550 1168 650 1253 de
707 1169 1151 1254 Hohenlohe
1213 1169 1561 1279 magistri
1622 1170 1900 1252 domus
1962 1170 2285 1253 Sanctae
2344 1170 2624 1253 Mariae
2682 1168 3314 1251 Theutonicorum
3337 1228 3361 1274 ,

552 1325 818 1385 omnes
852 1313 1093 1385 terras
1129 1328 1324 1411 quas
1360 1302 1438 1383 in
1471 1302 1818 1410 partibus
1856 1301 2343 1409 Curlandiae,
2374 1302 2740 1387 Letowiae
2774 1311 2849 1384 et
2887 1300 3368 1409 Semigalliae

550 1435 998 1542 conquirere
1031 1435 1402 1543 potuerit,
1433 1434 1502 1516 ei
1537 1433 1918 1541 concedit,
1956 1459 2133 1517 cum
2169 1434 2557 1543 regalibus
2593 1459 2791 1542 quae
2827 1434 2927 1516 ad
2962 1427 3364 1540 imperium

552 1567 930 1672 pertinent
959 1564 1263 1675 juribus
1297 1566 1758 1648 exercendis,

718 1776 984 1854 (Edider.
1002 1776 1849 1855 LumDAnn‚t.11,p.127.
1870 1778 2391 1849 —anenunoam
2425 1774 2698 1837 Kartum!
2722 1773 3103 1854 Staaesrecht,
3135 1776 3273 1838 bell.
3299 1785 3363 1837 8.

797 1913 874 1925 —
900 1881 1175 1957 limum,
1211 1878 1345 1943 Cod.
1376 1878 1614 1960 diplom.
1650 1879 1777 1942 ord.
1808 1881 1877 1942 S.
1908 1880 2135 1941 Mariae
2167 1880 2524 1956 Theutonic„
2555 1900 2616 1959 p.
2648 1892 2926 1956 122-125,
2955 1893 3022 1941 11⁶
3057 1880 3217 1959 120.)

654 2063 733 2134 In
764 2062 1049 2134 nomine
1089 2071 1329 2134 sancte
1365 2072 1436 2134 et
1466 2061 1824 2134 individue
1860 2062 2235 2134 Trinitatis.
2271 2063 2520 2134 Amen.
2552 2062 2939 2133 Fridericus
2980 2062 3367 2151 secundus,

557 2181 792 2255 divina
830 2183 1108 2256 favente
1139 2183 1507 2256 clementia
1540 2185 2006 2256 Romanorum
2042 2183 2420 2278 imperator
2458 2204 2735 2277 semper
2771 2193 3140 2275 augustuS,
3182 2186 3370 2255 leru-

557 2306 773 2379 salem
814 2316 886 2378 et
916 2306 1143 2379 Sicilie
1180 2328 1338 2378 rex.
1376 2306 1489 2378 Ad
1524 2306 1658 2379 hoc
1694 2308 1880 2378 Deus
1928 2306 2296 2401 imperium
2336 2315 2649 2377 nostrum
2693 2328 2819 2400 pre
2860 2307 3138 2398 regibus
3183 2307 3372 2378 orbis

558 2440 740 2503 terre
785 2429 1082 2502 sublime
1132 2430 1487 2502 constituit
1544 2439 1617 2501 et
1656 2451 1784 2524 per
1843 2428 2116 2502 diversa
2170 2428 2415 2499 mundi
2468 2428 2746 2501 climata
2802 2428 3082 2501 ditionis
3135 2439 3372 2500 nostre

558 2554 887 2626 terminos
917 2554 1314 2649 ampliavit,
1344 2563 1425 2624 ut
1461 2553 1557 2626 ad
1585 2550 2169 2645 magnificandum
2205 2552 2278 2622 in
2313 2553 2564 2625 seculis
2595 2574 2849 2624 nomen
2885 2553 3035 2644 ejus
3064 2563 3134 2624 et
3160 2552 3370 2625 fidem

558 2678 628 2748 in
677 2677 1004 2770 gentibus
1049 2675 1571 2772 propagandam
1592 2729 1613 2767 ,
1673 2686 1880 2770 prout
1938 2675 2030 2747 ad
2076 2675 2620 2769 predicationem
2683 2675 3040 2766 Evangelii
3098 2697 3369 2748 sacrum

556 2800 939 2873 Romanum
995 2800 1361 2896 imperium
1408 2799 1842 2896 preparavit,
1900 2797 2380 2872 sollicitudinis
2430 2807 2662 2871 nostre
2724 2820 2892 2871 cura
2940 2809 3253 2871 versetur
3293 2809 3374 2869 ut

558 2944 701 2995 non
727 2924 959 2995 minus
984 2923 1079 2996 ad
1104 2923 1623 3019 depressionem
1659 2945 1872 3015 quam
1916 2922 2442 2994 conversionem
2482 2921 2864 2995 infidelium
2903 2923 3215 3015 gentium
3260 2924 3369 2993 in-

561 3046 956 3134 tendamus,
991 3045 1173 3117 illius
1213 3046 1623 3140 provisionis
1657 3046 1950 3139 gratiam
1986 3046 2430 3137 indulgentes
2471 3066 2610 3141 per,-
2637 3067 2848 3138 quam
2887 3047 3019 3118 viri
3050 3045 3370 3119 catholici

558 3189 687 3262 pro
711 3168 1162 3259 subjugandis
1188 3168 1503 3239 barbaris
1536 3170 1935 3241 nationibus
1965 3178 2037 3240 et
2066 3168 2304 3242 divino
2337 3155 3074 3262 cultui'reformandis,
3105 3170 3369 3242 instan-

560 3289 729 3362 tiam
772 3289 1081 3362 diuturni
1125 3290 1380 3364 laboris
1417 3301 1774 3363 assumant
1815 3302 1886 3363 et
1927 3300 2067 3363 tam
2113 3313 2228 3364 res
2268 3311 2480 3385 quam
2523 3314 2854 3386 personas
2893 3291 3372 3365 indeficienter

561 3421 944 3506 exponant.
987 3413 1371 3508 Eapropter
1409 3435 1538 3508 per
1573 3435 1861 3508 presens
1900 3391 2340 3509 privilegium
2391 3426 2633 3486 notum
2671 3414 2820 3487 fieri
2861 3416 3181 3487 volumus
3216 3437 3369 3487 mo-

561 3536 796 3608 dernis
826 3535 1098 3630 imperii
1121 3545 1192 3607 et
1219 3536 1511 3629 posteris
1538 3536 1879 3608 universis
1904 3537 2204 3629 qualiter
2227 3539 2440 3610 frater
2463 3537 2823 3608 Heinricus
2851 3537 2939 3609 de
2967 3535 3369 3609 Hohenloch

559 3660 975 3732 venerabilis
1012 3658 1341 3750 magister
1366 3679 1560 3731 sacre
1596 3659 1846 3731 domus
1877 3659 2234 3755 hospitalis
2264 3661 2513 3732 Sancte
2547 3660 2761 3733 Marie
2787 3659 3369 3730 Theutonicorum

558 3783 938 3855 Jerusalem
961 3779 1185 3853 fidelis
1204 3792 1442 3854 noster
1463 3782 1789 3855 devotam
1816 3771 2029 3854 animi
2055 3783 2163 3855 sui
2185 3785 2616 3856 voluntatem
2642 3782 2971 3854 attentius
2997 3783 3372 3855 reserando

561 3906 995 4001 proposuerit
1020 3927 1254 3977 coram
1280 3905 1484 3980 nobis
1503 3905 1696 4000 quod
1717 3927 1878 3978 cum
1905 3906 2052 4000 ipse
2080 3916 2151 3978 et
2173 3907 2420 3979 fratres
2446 3905 2698 3978 domus
2727 3926 2851 3977 sue
2875 3904 2993 4000 pio
3020 3914 3373 3976 estuantes

562 4028 908 4103 desiderio
948 4030 1045 4104 ad
1082 4029 1506 4102 dilatandam
1538 4029 1749 4102 fidem
1790 4029 2199 4103 catholicam
2241 4041 2313 4102 et
2345 4030 2608 4103 cultum
2645 4027 2861 4101 divini
2895 4027 3190 4100 nominis
3220 4048 3370 4099 am-

563 4151 957 4246 pliandum,
997 4153 1130 4225 suh
1167 4150 1589 4224 confidentia
1620 4151 1838 4226 divini
1862 4153 2105 4224 auxilii
2146 4154 2456 4224 laborem
2497 4151 2796 4222 libenter
2830 4163 3261 4223 assumerent
3301 4162 3373 4223 et

561 4272 959 4347 insisterent
993 4284 1336 4371 oportune
1369 4276 1464 4347 ad
1495 4275 2028 4368 ingrediendum
2056 4285 2126 4347 et
2151 4274 2605 4347 obtinendum
2646 4283 2863 4345 terras
2892 4275 3328 4346 Curlandiam
3343 4327 3366 4366 ,

561 4396 918 4470 Letoviam
956 4407 1029 4469 et
1059 4397 1524 4490 Semigalliam
1567 4399 1659 4471 ad
1685 4398 2023 4471 honorem
2067 4408 2139 4470 et
2176 4397 2466 4489 gloriam
2499 4397 2648 4469 veri
2683 4398 2846 4490 Dei,
2891 4399 3369 4471 celsitudinem

562 4527 873 4591 nostram
920 4522 1250 4593 attentius
1296 4521 1709 4617 implorabat
1748 4521 1939 4614 quod
2002 4521 2060 4592 si
2113 4520 2562 4611 dignaremur
2604 4543 2913 4593 annuere
2962 4524 3144 4595 votis
3188 4523 3365 4615 suis,

560 4640 977 4714 auctoritate
1016 4652 1252 4716 nostra
1289 4645 1511 4717 fretus
1539 4645 1879 4740 inciperet
1910 4643 2198 4737 aggredi
2237 4655 2307 4717 et
2342 4644 2665 4740 persequi
2697 4656 2965 4718 tantum
3003 4668 3181 4741 opus
3211 4646 3369 4720 etsi

3485 1041 3708 1095 Veronae,

3526 1096 3674 1148 junio.
