4364 5738
518 565 719 622 lunicr.
748 560 844 637 4.]
1413 558 1808 620 HISTORIA
1860 558 2452 621 DIPLOMATICA.
3227 560 3346 622 ⁴07

1889 826 1983 898 11.

684 1028 926 1109 (Inedlt.
952 1028 1067 1090 sub
1092 1028 1205 1090 bac
1221 1027 1416 1089 forma
1441 1044 1519 1088 ex
1544 1029 1677 1091 cod.
1709 1027 2026 1126 Wolfenb3
2048 1027 2412 1100 Helmastd„
2431 1037 2499 1089 n‘·
2523 1036 2675 1101 2983
2697 1029 2831 1091 cod.
2853 1029 3004 1090 Bibl.
3025 1029 3343 1108 stuttgart.

757 1136 954 1213 publ„
980 1143 1051 1196 n⁰
1079 1143 1220 1211 247,
1250 1141 1311 1197 et
1339 1135 1472 1197 cod.
1504 1132 1658 1195 Bibl.
1685 1135 1906 1196 Athen.
1937 1137 2211 1212 Tauria„
2242 1144 2312 1195 n·
2342 1133 2512 1215 784.)

614 1329 1029 1419 FridericuS‚
1060 1327 1187 1400 Dei
1215 1329 1437 1421 gratia
1461 1329 1931 1400 Romanorum
1958 1328 2337 1423 imperator
2366 1350 2644 1423 semper
2671 1338 3033 1422 augustuS,
3070 1329 3343 1401 Jerusa-

518 1453 656 1523 lem
680 1463 751 1524 et
775 1452 1002 1523 Sicilie
1028 1472 1185 1539 rex,
1219 1451 1473 1523 dilecto
1491 1449 1632 1524 filio
1657 1473 1783 1524 suo
1810 1452 2108 1524 Henrico
2130 1452 2380 1523 illustri
2406 1453 2556 1546 regi
2583 1452 2896 1524 Sardinie
2925 1460 2998 1522 et
3023 1452 3201 1523 sacri
3223 1452 3348 1523 im·

518 1576 693 1670 perii
719 1576 948 1667 legato
985 1575 1056 1645 in
1097 1575 1291 1647 Italia
1322 1575 1631 1667 generali
1658 1576 1949 1668 gratiam
1993 1597 2193 1648 suam
2218 1584 2291 1646 et
2325 1577 2635 1647 omnium
2663 1575 3090 1648 incrementa
3120 1574 3343 1648 bono-

517 1720 697 1769 rum.
742 1699 846 1770 Ne
880 1699 1062 1770 fama
1093 1701 1495 1794 preambula
1529 1722 1665 1793 que
1693 1702 2071 1772 multorum
2102 1700 2368 1772 variata
2401 1700 2767 1789 relatibuS‚
2803 1709 2935 1772 etc.
2985 1711 3063 1771 ut
3094 1722 3338 1794 supra,

518 1822 737 1892 verbis
757 1833 1187 1915 competenter
1207 1825 1483 1895 mutatis
1498 1846 1707 1917 usque
1733 1824 1804 1893 in
1828 1845 2119 1916 regnum
2138 1824 2328 1895 omni
2351 1824 2702 1896 celeritate
2723 1824 3208 1918 processimus,
3224 1824 3344 1895 ubi

520 1956 661 2017 tam
685 1946 875 2036 justo
900 1945 1164 2036 judicio
1198 1968 1408 2039 quam
1449 1946 1674 2017 veloci
1711 1946 1801 2018 de
1841 1947 2311 2042 proditoribus
2351 1947 2719 2019 nominatis
2750 1948 3197 2041 ipsorumque
3233 1968 3344 2018 se·

517 2069 856 2163 quacibus
873 2070 1137 2142 ultione
1165 2078 1474 2165 recepta,
1500 2069 1697 2140 sicin
1714 2069 1911 2141 brevi
1938 2067 2354 2141 confidimus
2377 2069 2466 2140 de
2491 2079 2829 2164 perpetua
2861 2070 3057 2161 regni
3082 2069 3344 2141 securi-

518 2199 660 2261 tate
691 2189 1059 2285 disponere
1085 2200 1165 2262 ut
1190 2191 1393 2261 nobis
1417 2199 1489 2261 et
1514 2190 2028 2263 successoribus
2055 2190 2308 2262 nostris
2335 2190 2407 2261 in
2435 2210 2652 2283 regno
2678 2190 2793 2261 vel
2822 2199 3022 2262 extra
3050 2212 3344 2283 regnum

517 2314 883 2406 agentibus
923 2314 1116 2385 nulla
1160 2334 1446 2409 prorsus
1482 2313 1823 2386 dubitatio
1863 2313 2301 2408 relinquatur
2341 2311 2472 2410 (a).
2511 2313 2658 2384 Nec
2704 2326 2936 2384 tamen
2978 2328 3345 2409 propterea

520 2447 682 2510 tunc
704 2438 1259 2533 persecutionem
1282 2446 1679 2509 nostrorum
1701 2438 2065 2509 rebellium
2088 2438 2415 2509 omissam
2444 2437 2688 2509 credas
2706 2446 3160 2531 nostrumque
3181 2458 3346 2533 pro-

516 2562 819 2656 positum
843 2563 956 2632 vel
978 2561 1417 2654 aliquatenus
1442 2561 1935 2653 intermissum,
1967 2562 2136 2655 quin
2167 2562 2363 2654 regni
2389 2571 2572 2632 statu
2598 2583 2758 2633 cum
2777 2562 3178 2634 salubritate
3205 2562 3347 2634 dis-

515 2686 742 2781 posito
783 2694 1179 2779 repetamus
1220 2683 1486 2756 Italiam
1534 2693 1614 2755 ut
1661 2683 2130 2778 predictorum
2181 2684 2543 2756 rebellium
2584 2693 2979 2757 nostrorum
3020 2684 3346 2779 reliquias

514 2808 843 2882 continuo
897 2817 1132 2881 nostre
1178 2807 1487 2903 potentie
1537 2807 1791 2880 malleo
1846 2806 2324 2902 conteramus}
2372 2807 2467 2879 ita
2513 2808 2703 2900 quod
2747 2808 3129 2881 absentiam
3178 2832 3343 2885 nos·

519 2940 693 3003 tram
729 2954 938 3025 quam
971 2942 1179 3028 prout
1212 2954 1341 3028 pro
1374 2941 1565 3004 certo
1597 2932 2063 3026 comperimus
2094 2931 2388 3003 occultis
2419 2940 2491 3002 et
2530 2931 2753 3024 longis
2792 2931 3057 3003 insidiis
3088 2955 3337 3027 procu-

516 3064 787 3144 rarunt,
817 3057 1236 3127 fructuosam
1266 3055 1364 3126 eis
1390 3076 1532 3126 non
1557 3055 1886 3145 sentiant,
1914 3055 2040 3127 sed
2066 3056 2299 3150 potius
2322 3055 2410 3126 de
2437 3064 2673 3127 nostra
2701 3056 3005 3149 presenti
3032 3059 3339 3151 potentia

516 3178 805 3251 doleant
834 3199 1042 3272 quam
1079 3179 1149 3249 in
1188 3178 1501 3249 absentia
1533 3178 1941 3270 glorientur.
1981 3179 2081 3249 Tu
2125 3178 2337 3271 igitur
2376 3179 2592 3251 robur
2630 3188 2701 3250 et
2733 3180 3037 3251 animum
3070 3180 3339 3273 regium

516 3322 910 3393 assumenS,
955 3301 1418 3396 descriptione
1463 3302 1888 3394 presentium
1929 3301 2030 3372 rei
2071 3302 2363 3373 veritate
2404 3312 2792 3396 comperta,
2828 3304 3233 3377 nullomodo
3270 3314 3338 3377 te

516 3424 726 3497 corde
760 3427 872 3497 vel
915 3426 1097 3497 facto
1130 3424 1487 3496 dimissum
1526 3423 1891 3514 ostendaS‚
1928 3422 2053 3495 sed
2091 3423 2424 3495 audacius
2462 3433 2532 3494 et
2567 3424 2832 3495 virilius
2868 3428 3333 3519 prosequariS,

515 3547 606 3619 de
645 3547 1132 3620 continuandis
1165 3547 1287 3619 tibi
1324 3547 1649 3618 subsidiis
1679 3544 2191 3638 magnificentie
2227 3524 2461 3618 nostre
2497 3566 2807 3617 securus.
2844 3548 3020 3619 Nam
3063 3558 3336 3642 pertur-

514 3670 795 3742 batione
832 3672 1170 3763 jamdicta
1215 3692 1346 3742 nec
1398 3670 1685 3741 remissa
1742 3668 1954 3741 corda
1995 3678 2437 3767 ‘nostrorum’
2465 3666 2773 3740 fidelium
2818 3690 2948 3741 nec
2994 3671 3335 3742 minorata

514 3795 815 3888 presidia
846 3804 1274 3891 reputamus.
1314 3793 1424 3867 Ad
1463 3794 1891 3889 pressionem
1933 3793 2142 3885 igitur
2176 3792 2719 3865 Lombardorum
2758 3793 3116 3864 rebellium
3151 3794 3330 3865 inte·

514 3918 646 3989 rim
685 3919 784 3991 sic
815 3920 1134 4010 viriliter,
1178 3919 1276 3990 sic
1314 3919 1651 3990 instanter
1686 3917 2060 4012 procedaS‚
2099 3916 2365 3989 viribus
2395 3928 2789 3990 nostrorum
2820 3916 3124 3988 fidelium
3161 3937 3330 3988 con-

514 4042 852 4134 gregatis,
885 4053 966 4113 ut
1004 4064 1133 4137 per
1160 4040 1283 4113 filii
1316 4042 1732 4136 presentiam
1774 4041 1987 4135 patris
2032 4040 2123 4111 ad
2172 4050 2447 4135 tempus
2486 4040 2798 4111 absentia
2843 4039 3222 4111 redimatur
3264 4048 3334 4111 et

515 4162 604 4235 de
655 4164 1092 4259 processibus
1141 4166 1279 4237 tuis
1322 4164 1414 4237 ad
1462 4186 1644 4238 nova
1695 4163 2021 4236 continue
2070 4165 2357 4235 veniant
2409 4162 2797 4235 commoda.
2854 4162 2967 4235 Ad
3013 4162 3330 4235 notitiam

514 4288 905 4359 nostrorum
951 4289 1041 4361 de
1081 4289 1493 4361 Lombardia
1531 4286 1841 4360 fidelium
1886 4286 2199 4382 predicta
2245 4287 2476 4359 omnia
2520 4298 2730 4381 prout
2771 4286 3071 4358 videaris
3109 4308 3328 4384 expe·

515 4407 668 4482 dire
699 4410 1044 4502 deducas,
1087 4411 1528 4506 magnificum
1576 4421 1650 4483 et
1668 4411 1951 4483 ‘felicem
1990 4410 2294 4482 reditum
2325 4420 2639 4482 nostrum
2674 4408 2747 4482 in
2781 4410 3048 4483 Italiam
3066 4463 3088 4501 ,
3133 4412 3330 4503 regni

595 4638 682 4720 (a)
723 4641 796 4703 ιιι
822 4643 1022 4704 codiee
1045 4643 1263 4705 Athen.
1295 4608 1544 4705 Tauria,
1573 4660 1696 4704 non
1722 4643 1882 4703 ultra
1902 4642 2275 4720 progmffltur
2300 4641 2566 4718 epistola.
