4364 5738
545 578 747 637 lnnrcr.
778 575 871 652 5.]
1429 569 1822 631 HISTORIA
1870 567 2463 632 mPLOMATch.
3239 564 3358 626 507

544 731 587 782 a
612 712 1008 802 juramento
1041 706 1353 800 quolibet
1383 726 1523 799 quo
1558 704 1905 777 Friderico
1934 704 2278 777 tenebaris
2310 704 2537 776 eidem
2558 755 2578 793 ,
2615 702 2943 775 duximus
2974 698 3364 796 specialiter

546 831 1164 920 absolvendum,et
1197 851 1564 924 personam
1595 839 1785 900 tuam
1825 851 1984 900 cum
2019 850 2238 921 regno
2273 828 2452 923 Cipri
2479 827 2671 920 quod
2702 826 2974 899 obtines
3006 825 3137 896 sub
3168 822 3366 896 Sedis

551 955 945 1052 Apostolice
977 955 1408 1049 protectione
1446 953 1860 1048 suscipimus
1899 962 2109 1045 atque
2150 962 2423 1043 nostra,
2459 951 2570 1023 cui
2620 959 2889 1022 tantum
2929 947 3366 1020 decernimus

553 1080 962 1152 auctoritate
994 1078 1421 1174 presentium
1450 1077 1539 1149 de
1568 1086 1801 1149 cetero
1840 1086 1906 1148 te
1939 1077 2250 1166 subesse,
2283 1075 2644 1170 presertim
2677 1096 2837 1146 cum
2869 1073 3066 1165 regni
3100 1071 3365 1144 ratione

557 1204 849 1299 predicti
888 1204 1413 1298 predecessores
1453 1201 1592 1291 tui,
1621 1210 1702 1272 ut
1732 1201 1981 1272 asseris
2000 1252 2020 1290 ,
2050 1201 2226 1271 nulli
2257 1199 2550 1271 seculari
2577 1197 2983 1271 subfuerant
3012 1194 3362 1291 potestati.

557 1327 745 1399 Nulli
773 1347 966 1418 ergo,
1005 1337 1175 1416 etc.,
1210 1335 1446 1398 nostre
1474 1323 1952 1427 absolutionis,
1984 1322 2435 1419 protectionis
2467 1334 2538 1395 et
2569 1322 3101 1412 constitutioniS,
3125 1330 3261 1393 etc.
3298 1321 3372 1395 Si

560 1450 741 1545 quis,
775 1459 912 1522 etc.

657 1576 911 1646 Datum
942 1571 1285 1664 Lugduni,
1320 1572 1411 1642 111
1438 1591 1658 1642 nonas
1683 1569 1938 1660 martii,
1969 1589 2156 1642 anno
2182 1569 2294 1641 IV.

673 2111 971 2217 Petru5,
1014 2110 1448 2221 ConraduS,
1487 2112 1927 2198 Manfredus
1964 2122 2038 2193 et
2071 2111 2331 2194 Bonus
2366 2111 2744 2193 lohannes
2781 2114 2876 2193 de
2908 2113 3376 2221 MontecueO,
3519 2123 3713 2175 ³¹⁹⁰&-

3505 2179 3534 2219 8
3555 2177 3723 2220 martit.

570 2244 959 2327 castellani
995 2246 1224 2327 castri
1258 2245 1702 2355 Ripolarum
1728 2306 1752 2352 ,
1810 2255 1982 2354 post
2018 2244 2453 2326 arbitralem
2509 2245 2955 2326 sententiam
3010 2246 3157 2329 hoc
3205 2271 3385 2328 cas-

571 2392 778 2461 trum
815 2377 894 2458 in
939 2377 1297 2461 manibus
1342 2378 1544 2485 regis
1588 2377 1924 2486 Henrici,
1966 2377 2441 2486 imperatoris
2475 2375 2829 2459 Friderici
2863 2376 3042 2483 filii,
3090 2391 3386 2487 ponunt

574 2518 651 2592 et
684 2511 1031 2616 tradunt,
1070 2535 1159 2590 ea
1204 2510 1632 2592 conditione
1668 2510 1875 2619 quod
1911 2509 2112 2591 facta
2144 2535 2332 2618 pace
2376 2509 2574 2591 inter
2605 2535 2885 2617 papam
2921 2521 2997 2592 et
3038 2511 3385 2620 impera-

581 2652 851 2750 torem,
905 2642 1194 2724 dictum
1241 2651 1577 2723 castrum
1623 2668 1797 2723 cum
1839 2639 2366 2750 jurisdictione
2413 2651 2488 2722 et
2530 2641 2817 2724 honore
2855 2667 2993 2724 suo
3033 2642 3388 2725 ecclesiae

584 2799 719 2856 seu
755 2773 1087 2882 capitulo
1114 2772 1559 2855 Taurinensi
1595 2773 1712 2857 vel
1750 2772 2100 2881 episcopo
2127 2771 2261 2882 qui
2298 2798 2439 2881 pro
2474 2781 2812 2881 tempore
2845 2771 3107 2882 fuerit,
3148 2773 3386 2855 resti-

580 2918 864 2991 tuatur.

749 3121 938 3198 (Edit.
969 3123 1033 3178 in
1059 3120 1279 3181 Hister.
1302 3126 1463 3199 patr.
1497 3139 1773 3193 monum,
1805 3118 2021 3197 chart„
2052 3127 2205 3182 tom.
2234 3120 2295 3194 1,
2325 3136 2384 3195 p.
2425 3128 2602 3192 1391,
2635 3127 2875 3181 curante
2896 3120 3134 3182 Domln.
3168 3121 3395 3184 Promis

823 3243 921 3287 ex.
951 3225 1223 3302 originali
1248 3228 1313 3284 in
1338 3227 1505 3286 arch.
1533 3228 1790 3303 archiep.
1820 3227 2067 3289 TaurIn.
2096 3232 2216 3287 eat.
2250 3233 2349 3301 16,
2379 3244 2464 3286 m.
2506 3236 2560 3303 1,
2589 3237 2658 3287 n⁰
2685 3226 2772 3305 4.)

683 3413 888 3485 Anno
923 3409 1277 3482 Dominice
1317 3409 1705 3482 Nativitatis
1746 3408 2113 3481 millesimo
2152 3408 2627 3481 ducentesimo
2669 3410 3198 3505 quadragesimo
3238 3435 3396 3508 sep-

594 3538 801 3628 timo,
836 3536 948 3609 die
991 3534 1310 3606 mercurii
1361 3542 1560 3604 sexta
1604 3531 1862 3602 mensis
1894 3531 2159 3621 martii,
2212 3530 2590 3603 indictione
2627 3531 2867 3624 quinta
2894 3585 2914 3621 ‚
2962 3535 3399 3629 presentibus

596 3661 892 3733 testibus·
910 3657 1385 3752 infrascriptis.
1415 3656 1582 3728 Cum
1618 3656 1940 3728 dominus
1963 3655 2208 3726 Petrus
2234 3655 2323 3727 de
2351 3656 2755 3727 Montecuco
2786 3667 2855 3727 et
2885 3656 3207 3728 dominus
3232 3657 3401 3730 Con-

594 3783 803 3856 radus
831 3785 983 3875 ejus
1010 3783 1222 3853 frater
1249 3792 1319 3852 et
1350 3779 1672 3851 dominus
1703 3778 2101 3851 Manfredus
2136 3777 2224 3850 de
2255 3777 2661 3850 Montecuco
2695 3788 2766 3850 et
2793 3780 3025 3851 Bonus
3054 3780 3402 3853 Iohannes

594 3910 744 4001 ejus
769 3910 983 3980 frater
1007 3905 1335 3978 castelani
1366 3903 1764 3998 Ripolarum
1796 3902 2167 3995 elegissent
2199 3902 2556 3974 dominum
2593 3903 2915 3974 comitem
2947 3903 3280 3975 Ubertum
3315 3903 3403 3976 de

598 4030 851 4102 Purcili
893 4039 963 4100 et
1008 4028 1362 4100 dominum
1412 4027 1732 4098 comitem
1759 4025 2120 4098 Albertum
2165 4026 2256 4098 de
2298 4028 2547 4098 Sancto
2594 4026 2889 4098 Martino
2930 4036 3001 4099 et
3046 4026 3403 4100 dominum

599 4156 921 4227 comitem
953 4153 1317 4225 Albertum
1346 4160 1417 4222 et
1444 4150 1803 4222 dominum
1836 4150 2168 4223 Iacobum
2201 4149 2288 4221 de
2314 4148 2695 4221 Baldisseto
2728 4158 2799 4220 et
2826 4149 3182 4221 dominum
3212 4152 3407 4224 Enri-

599 4302 760 4352 eum
785 4281 1123 4351 *comitem
1163 4277 1251 4349 de
1292 4275 1541 4349 Fronte
1581 4283 1652 4347 et
1690 4274 2049 4347 dominum
2084 4275 2415 4348 Iacobum
2457 4273 2546 4346 de
2591 4276 2843 4347 Sancto
2871 4277 3302 4368 Sebastiano,
3334 4279 3407 4351 in

606 4404 861 4499 quibus
902 4424 1026 4476 seu
1064 4403 1135 4472 in
1177 4423 1354 4496 quos
1398 4400 1564 4471 dicti
1609 4397 1964 4470 castellani
2008 4397 2407 4492 Ripolarum
2447 4398 3061 4491 compromiserant
3108 4411 3292 4474 stare
3336 4402 3407 4473 in

611 4549 853 4599 eorum
868 4525 1307 4615 dict0,laudo
1336 4534 1408 4595 et
1437 4522 1723 4595 arbitrio
1752 4522 1840 4593 de
1874 4518 2233 4593 reddendo
2266 4531 2336 4592 et
2366 4519 2792 4593 restituendo
2818 4532 3118 4594 castrum
3143 4519 3415 4620 Ripola-

609 4672 763 4721 rum
796 4647 1077 4721 domino
1102 4647 1247 4740 regi
1276 4645 1417 4718 filio
1447 4645 1707 4719 domini
1734 4643 2077 4716 Frederici
2102 4643 2563 4739 imperatoris,
2595 4644 2655 4715 si
2682 4645 2815 4717 hoc
2841 4647 3067 4720 facere
3095 4658 3415 4741 poterant
