4364 5738
585 577 786 634 lumer.
825 572 908 653 1.]
1477 573 1869 635 HISTORIA
1919 576 2510 637 DlrtoMA'rtcA.
3330 580 3407 641 87

685 1123 940 1208 Mense
976 1124 1158 1207 maii
1209 1125 1682 1234 [imperator]
1721 1125 1816 1208 de
1855 1125 2114 1234 Capua
2153 1152 2465 1209 movens
2502 1136 2577 1209 et
2611 1154 2746 1235 per
2782 1128 3147 1213 Sanctum
3196 1132 3399 1214 Ger-

577 1282 899 1341 manum
962 1257 1370 1340 transitum
1422 1257 1755 1363 habenS,
1827 1284 2008 1340 mox
2071 1285 2206 1367 per
2270 1258 2662 1368 Aquinum
2724 1262 2926 1370 apud
2982 1262 3401 1373 Flagellum

578 1416 658 1473 se
716 1390 1062 1474 contulit.
1124 1390 1264 1473 Ubi
1324 1391 1607 1473 faciens
1669 1390 2145 1500 aliquamdiu
2216 1417 2556 1500 moram,
2619 1392 2797 1476 inde
2853 1420 2989 1502 per
3055 1395 3399 1506 Campa-

575 1523 785 1606 niam
823 1522 1024 1608 facto
1068 1533 1298 1632 ponte
1347 1550 1574 1632 super
1609 1522 1895 1606 flumen
1939 1524 2304 1632 Ceperani
2359 1524 2767 1607 transitum
2802 1526 3132 1635 habens,
3176 1555 3402 1637 super

573 1655 851 1741 Urbem
899 1658 1133 1741 vadit.
1190 1656 1330 1740 Ubi
1386 1669 1635 1741 turres
1686 1657 2099 1740 nonnullas
2149 1655 2497 1741 funditus
2552 1659 2728 1742 fecit
2780 1661 3049 1768 everti,
3115 1661 3398 1745 faciens

574 1789 655 1872 in
701 1790 869 1872 aliis
913 1789 1143 1873 etiam
1189 1815 1426 1900 quam
1466 1789 1715 1899 potuit
1751 1790 2207 1873 vastitatem.
2250 1792 2346 1872 Et
2379 1792 2698 1886 tuncad
2734 1819 2993 1901 preces
3030 1794 3397 1876 cardina-

571 1921 765 2005 lium
803 1921 901 2005 ab
937 1921 1133 2006 Urbe
1169 1922 1566 2005 discedens
1612 1931 1726 2005 est
1761 1949 2106 2006 reversus
2144 1923 2225 2003 in
2262 1950 2616 2032 regnum.
2656 1923 2851 2007 Ricc.
2897 1929 2986 2007 de
3024 1935 3103 2008 S.
3150 1933 3389 2007 Germ.

576 2056 955 2162 chronic.⁷
998 2081 1123 2163 ap.
1171 2055 1547 2163 Gaurum,
1585 2055 1777 2137 Hist.
1824 2056 2143 2156 cassin..
2186 2067 2246 2138 t.
2290 2057 2414 2139 IV.

1016 2346 1072 2354 ..-
1082 2346 1805 2354 n——n———qffl-

677 2611 1143 2718 FridericuS,
1182 2612 1704 2693 Romanorum
1755 2609 2196 2717 imperator,
2237 2610 2540 2691 cuidam
2578 2609 2778 2693 fideli
2821 2635 2960 2693 suo
3007 2609 3265 2692 scribit
3309 2636 3389 2692 se

573 2744 857 2855 ingenti
909 2743 1240 2827 exercitu
1287 2742 1604 2825 collecto
1655 2741 2020 2824 Romanis
2069 2741 2353 2824 finibus
2402 2742 2790 2850 insistere,
2848 2769 3161 2851 sperans
3211 2769 3389 2826 mox

569 2880 649 2961 in
700 2877 1134 2988 Apostolica
1172 2878 1363 2961 Sede
1413 2876 1826 2959 antistitem
1875 2876 2425 2958 instituendum
2478 2902 2642 2959 esse
2686 2878 2818 2985 qui
2865 2902 3131 2984 pacem
3189 2878 3386 2960 inter

569 3009 983 3093 Ecclesiam
1013 3018 1091 3092 et
1124 3009 1530 3117 imperium
1564 3007 1949 3091 reformet.

735 3223 979 3302 (Incdlt.
1008 3239 1085 3284 cx
1109 3222 1243 3284 cod.
1273 3222 1421 3284 bibl.
1451 3222 1651 3284 Cesar.
1676 3221 1964 3299 vindob„
1992 3218 2355 3302 Philoloqus,
2388 3231 2453 3281 n⁰
2489 3229 2628 3294 305,
2657 3221 2761 3282 fol.
2799 3231 2905 3281 131
2941 3222 3158 3300 verso.)

663 3408 1089 3500 FridericuS,
1136 3418 1270 3481 etc.
1317 3406 1407 3480 Ut
1446 3408 1680 3478 felices
1729 3427 2090 3502 processus
2138 3416 2412 3480 nostros
2451 3407 2704 3500 quibus
2747 3410 3170 3504 promittitur
3224 3432 3383 3482 suc-

566 3555 888 3608 cessuum
919 3514 1162 3629 optata
1194 3530 1519 3624 felicitas,
1559 3540 1678 3603 tua
1717 3531 1996 3604 devotio
2030 3533 2237 3627 plene
2268 3541 2544 3623 noscat,
2582 3532 2705 3604 tibi
2737 3534 3174 3628 presentibus
3223 3535 3383 3608 inti-

565 3680 836 3731 mamus
889 3658 1080 3752 quod
1126 3678 1254 3753 per
1301 3655 1486 3726 illius
1538 3655 1833 3748 gratiam
1871 3655 1959 3727 de
2000 3657 2199 3748 cnjus
2250 3656 2620 3729 clementia
2666 3659 3024 3752 prostratis
3070 3657 3383 3730 hostibus

563 3780 926 3853 victoriam
957 3780 1378 3871 obtinemuS,
1420 3778 1653 3852 votive
1683 3778 1924 3849 salutis
1963 3801 2252 3851 munere
2279 3780 2683 3872 gloriamur,
2718 3781 3116 3875 diligentem
3146 3801 3383 3851 curam

566 3913 633 3977 et
671 3904 1209 3978 sollicitudinem
1241 3913 1740 3999 persequentes
1763 3901 1853 3973 ad
1883 3903 2433 3977 submovendam
2465 3905 2982 4000 expeditionem
3013 3925 3142 3997 per
3169 3913 3381 3976 totam

565 4029 829 4102 Italiam
858 4051 985 4125 per
1009 4051 1220 4122 quam
1250 4028 1555 4125 presenti
1587 4038 1896 4123 tempore
1927 4028 2111 4101 veris
2141 4028 2233 4100 ad
2262 4029 2805 4101 consternandas
2826 4027 3189 4099 rebellium
3214 4050 3376 4100 nos-

566 4161 830 4225 trorum
875 4153 1203 4246 reliquias
1238 4174 1397 4225 cum
1440 4152 1842 4225 victricibus
1888 4152 2137 4247 aquilis
2180 4152 2623 4249 procedatur.
2660 4151 2871 4223 Filius
2912 4150 3096 4222 enim
3146 4162 3382 4225 noster

563 4278 648 4348 Η.
686 4297 817 4348 rex
854 4276 1173 4349 Sardinie
1212 4276 1391 4349 sacri
1425 4276 1694 4373 imperii
1732 4277 2001 4369 legatus
2042 4276 2163 4370 qui
2206 4274 2614 4347 auctoritate
2657 4285 2894 4347 nostra
2936 4271 3037 4371 (a)
3076 4276 3379 4371 presidet

562 4400 874 4494 partibus
903 4400 1345 4492 Lombardie‚
1375 4399 1810 4493 congregatis
1835 4398 2092 4471 abinde
2130 4398 2437 4492 ipsorum
2467 4396 2775 4470 fidelium
2803 4400 3067 4473 viribus
3084 4453 3104 4490 ,
3138 4412 3378 4473 contra

563 4520 858 4593 rebelles
897 4531 1170 4596 nostros
1203 4522 1326 4595 ubi
1370 4522 1804 4596 commodius
1842 4520 2194 4592 videbitur
2230 4519 2562 4615 expedire
2603 4523 2957 4617 procedet.
2995 4523 3136 4595 Nos
3170 4524 3378 4617 igitur

646 4682 729 4763 (a)
775 4684 847 4745 In
872 4684 1070 4748 codice
1094 4686 1266 4746 enim.

3537 2639 3722 2696 [Halm]
