4364 5738
623 529 823 588 luntcr.
855 525 948 604 2.]
1525 522 1922 588 HISTORIA
1970 521 2562 589 DIPLOMATICA.
3336 524 3441 583 171

620 661 1043 756 presentiam
1086 657 1575 750 accedentem,
1625 682 1836 756 super
1881 661 2103 736 forma
2144 660 2337 756 pacis
2375 659 2555 731 inter
2593 677 2723 729 nos
2771 666 2843 731 et
2875 657 3257 732 Ecclesiam
3297 660 3446 732 fue-

621 796 788 857 runt
845 793 1134 862 tractata
1158 836 1179 875 ‚
1235 782 1668 858 confidentes
1729 785 1820 859 de
1873 783 2012 860 fide
2071 796 2146 862 et
2202 782 2821 880 circumspectione
2879 781 3095 879 ipsius
3144 784 3448 880 magistri

621 909 805 984 Petri
846 909 938 983 de
967 909 1189 984 Vinea
1219 917 1291 981 et
1325 908 1637 1001 magistri
1669 908 1931 984 Tbadei
1976 910 2066 986 de
2101 912 2356 984 Suessa
2388 928 2640 1002 magne
2669 906 2859 982 curie
2887 916 3121 980 nostre
3149 906 3440 1002 judiciS‚

621 1033 855 1105 dilecti
916 1031 1141 1105 fidelis
1198 1032 1451 1122 nostri,
1509 1034 2176 1106 consummationem
2231 1033 2422 1129 pacis
2478 1031 2789 1124 ejusdem
2842 1031 3025 1104 inter
3074 1030 3442 1105 venerabi·

621 1157 794 1249 lem,
831 1166 966 1227 eto.
1012 1152 1358 1252 [Sequitur
1383 1158 1558 1227 utin
1578 1158 2031 1250 praecedenti,
2059 1158 2197 1228 nisi
2228 1156 2403 1249 quod
2424 1166 2574 1249 post
2600 1155 2782 1226 inter
2809 1176 2939 1225 nos
2966 1164 3036 1225 et
3064 1153 3445 1226 Ecclesiam

621 1280 898 1351 additur
937 1278 1217 1351 inimico
1259 1279 1448 1375 pacis
1493 1282 2089 1377 superseminante
2136 1279 2505 1372 zizaniam,
2554 1300 2762 1371 usque
2807 1278 2896 1349 ad
2940 1277 3165 1369 sigillo
3207 1287 3443 1349 nostre

619 1403 1047 1475 celsitudinis
1075 1400 1538 1500 roboratum]

715 1527 971 1596 Datum
1002 1527 1190 1622 apud
1226 1526 1963 1622 Aquampendentem,
2004 1526 2336 1599 vicesimo
2370 1534 2620 1598 octavo
2661 1524 2925 1616 martii,
2981 1526 3287 1598 secunde
3333 1527 3440 1596 in-

621 1645 964 1723 dictionis

727 2225 782 2310 F
785 2224 1190 2331 ridericuS‚
1237 2224 1757 2308 Romanorum
1795 2226 2236 2331 imperator,
2277 2222 2730 2333 Raymundo
2775 2223 3033 2306 comiti
3068 2223 3444 2308 Tolosano

620 2355 1162 2467 magistrisque
1225 2356 1449 2440 Petro
1510 2356 1607 2438 de
1666 2353 1904 2438 Vinea
1958 2363 2033 2439 et
2104 2354 2411 2439 Taddeo
2486 2355 2580 2437 de
2645 2354 2926 2439 Suessa
2996 2363 3446 2463 potestatem

618 2489 962 2573 concedit
1014 2487 1327 2599 jurandi
1400 2488 1480 2570 in
1552 2488 1812 2572 anima
1876 2513 2014 2574 sua
2069 2489 2282 2597 quod
2347 2487 2574 2572 stabit
2630 2487 3015 2570 mandatis
3070 2486 3445 2573 Ecclesiae

621 2649 848 2731 super
882 2621 1222 2704 articulis
1256 2620 1493 2730 pacis.

785 2856 1051 2937 (Edider.
1090 2859 1478 2922 Munianus
1508 2859 1726 2938 Pius,
1759 2858 1910 2922 Hise.
1946 2858 2091 2940 maj.
2120 2854 2394 2940 Anqlor„
2426 2857 2503 2920 ad
2531 2875 2675 2921 ann.
2722 2867 2897 2935 1244,
2929 2877 2989 2937 p.
3018 2867 3166 2932 425,
3198 2858 3341 2925 edit.
3373 2860 3446 2923 de

864 2975 1041 3028 1644.
1061 2999 1140 3011 -
1168 2966 1392 3039 Psnrz,
1423 2966 1675 3026 Menum.
1711 2964 1901 3028 Germ.
1935 2962 2099 3043 laist„
2125 2972 2173 3027 t.
2208 2965 2313 3043 lv,
2340 2983 2400 3042 p.
2442 2974 2579 3024 344.
2604 2997 2683 3008 -
2709 2964 3442 3041 Hartman-Balineum,

864 3067 1079 3129 Chr-on.
1111 3069 1181 3129 dc
1206 3068 1322 3130 reb.
1356 3071 1422 3130 in
1449 3066 1587 3132 Ital.
1618 3072 1819 3154 qestis,
1854 3090 1916 3149 p.
1967 3080 2108 3147 1913
2143 3070 2281 3131 coll.
2329 3088 2467 3131 cum
2508 3071 2715 3131 rotulis
2746 3070 3228 3134 cluniacensibus
3264 3089 3446 3132 manu

861 3172 1159 3235 Lamberti
1186 3177 1261 3236 de
1287 3174 1498 3235 Barlve
1524 3180 1911 3255 transumptis
1936 3195 2034 3255 ap.
2069 3176 2215 3236 bibl.
2244 3174 2440 3237 Cesar.
2483 3174 2699 3255 Pau-18.)

721 3389 1140 3482 FridericuS,
1178 3390 1301 3461 Dei
1342 3391 1565 3483 gratia
1607 3392 2077 3463 Romanorum
2130 3390 2509 3485 imperator
2553 3411 2830 3485 semper
2871 3401 3246 3484 augustuS,
3288 3394 3447 3466 Hie·

623 3515 925 3589 rusalem
977 3524 1049 3587 et
1097 3514 1324 3587 Sicilie
1373 3536 1525 3586 rex.
1567 3516 1700 3587 Per
1752 3536 2039 3611 presens
2085 3515 2417 3611 scriptum
2470 3524 2713 3587 notum
2762 3516 3053 3587 facimus
3102 3516 3448 3593 universis

622 3640 814 3734 quod
845 3661 975 3713 nos
1008 3640 1425 3735 Raymundo
1453 3640 1701 3713 illustri
1738 3640 1974 3712 comiti
2004 3640 2346 3715 Tolosano
2373 3640 2628 3712 dilecto
2655 3639 2846 3710 affini
2876 3659 2961 3710 ac
2986 3637 3175 3711 fideli
3206 3651 3444 3712 nostro

624 3772 694 3835 et
742 3762 1087 3856 magistris
1133 3764 1334 3835 Petro
1386 3763 1475 3835 de
1523 3764 1737 3837 Vinea
1791 3772 1863 3835 et
1906 3762 2191 3836 Taddeo
2239 3762 2328 3838 de
2378 3766 2629 3835 Suessa
2677 3782 2926 3854 magne
2972 3762 3161 3833 curie
3210 3772 3444 3835 nostre

616 3885 1006 3978 judicibus,
1067 3885 1336 3958 dilectis
1395 3885 1720 3957 fidelibus
1775 3886 2069 3978 nostris,
2134 3886 2505 3982 specialem
2553 3896 2626 3957 et
2672 3886 2949 3981 plenam
3000 3885 3446 3959 concedimus

627 4019 1032 4103 potestatem
1064 4010 1348 4102 jurandi
1381 4010 1453 4082 in
1496 4010 1727 4081 anima
1768 4020 1841 4081 et
1880 4032 2009 4105 pro
2049 4020 2249 4105 parte
2290 4020 2526 4081 nostra
2577 4017 2762 4084 stare
2796 4007 3141 4081 mandatis
3180 4007 3443 4079 domini

626 4153 802 4227 pape
841 4141 914 4204 et
937 4133 1243 4205 Ecclesie
1271 4154 1482 4228 super
1515 4133 1839 4204 omnibus
1866 4132 2203 4222 articulis,
2233 4132 2528 4225 injuriis,
2572 4129 2842 4202 damnis
2876 4139 2948 4202 et
2976 4130 3251 4203 offensis
3281 4144 3443 4205 ante

626 4266 696 4327 et
739 4266 897 4350 post
949 4257 1687 4329 excommunicationis
1727 4257 2142 4328 sententiam
2184 4255 2494 4327 ecclesiis
2521 4264 2592 4326 et
2622 4255 2941 4349 personis
2969 4255 3444 4329 ecclesiasticis

626 4380 858 4468 illatis,
887 4402 1015 4474 pro
1037 4381 1291 4474 quibus
1314 4401 1442 4477 per
1462 4382 1630 4453 olim
1661 4380 2068 4474 Gregorium
2092 4401 2440 4451 summum
2464 4377 2861 4473 pontificem
2878 4389 3123 4454 contra
3140 4403 3268 4454 nos
3293 4382 3449 4477 ipsa

626 4504 1361 4579 excommunicationis
1411 4504 1756 4577 sententia
1805 4502 2189 4576 dinoscitur
2236 4502 2447 4575 fuisse
2498 4504 2805 4599 prolata;
2851 4514 3076 4581 ratum
3108 4504 3445 4581 babentes

625 4639 695 4701 et
736 4626 1014 4700 firmum
1069 4628 1402 4723 quicquid
1452 4651 1664 4723 super
1707 4628 1841 4701 hoc
1901 4627 2193 4722 predicti
2244 4627 2484 4702 fideles
2537 4629 2756 4702 nostri
2805 4629 3135 4706 duxerint
3186 4632 3444 4706 facien-

3616 2231 3741 2284 Apud

3654 2295 3781 2326 unm-

3532 2284 3821 2392 psa...

3557 2392 3611 2432 28
3629 2393 3791 2433 martii.
