4364 5738
567 541 773 600 lanta.
803 535 896 613 3.]
1452 524 1846 588 HISTORIA
1894 524 2490 588 mPLOMATmA.
3263 526 3392 591 283

573 670 779 745 castri
810 665 1190 740 admodum
1230 660 1575 758 speciose,
1611 658 1813 731 honis
1854 660 2178 732 omnibus
2219 659 2636 734 confiscatis,
2678 661 2766 733 Et
2805 661 3054 735 similia
3099 662 3172 732 in
3218 663 3389 735 reli-

576 796 734 889 quis
771 791 974 866 terris
1010 787 1315 862 Ecclesia
1360 836 1383 857 .
1442 836 1462 856 .
1522 836 1542 856 .
1603 835 1623 855 .
1659 804 1868 877 agere
1905 784 2135 857 adhuc
2169 785 2242 856 in
2266 786 2468 879 junio
2512 784 2822 857 Plutonis
2863 786 3195 882 Cyclopes
3245 807 3392 859 non

580 918 998 992 destiterunt
1050 967 1069 985 .
1134 968 1151 983 .
1213 963 1233 983 .
1295 962 1315 982 .
1378 964 1396 982 .
1463 962 1480 983 .
1541 960 1561 980 .
1622 960 1640 980 .
1704 960 1733 980 ‚s
1786 934 1803 980 ς
1867 960 1887 978 .
1947 961 1965 979 .
2028 960 2047 979 .
2097 909 2299 981 Nunc
2336 909 2410 981 in
2443 909 2772 982 lateribus
2821 909 3163 1002 aquilonis
3201 911 3393 1005 apud

582 1043 926 1115 Veronam
958 1039 1110 1109 vult
1149 1054 1409 1131 ponere
1441 1031 1683 1105 sedem
1716 1032 2024 1122 concilii,
2074 1032 2453 1126 similisque
2485 1031 2635 1105 fieri
2661 1032 2917 1104 vicario
2953 1032 3287 1105 Altissimi
3315 1043 3396 1104 ut

586 1166 729 1238 suis
778 1159 1252 1236 conciliabulis
1297 1155 1664 1247 dissolvat,
1722 1155 1780 1227 si
1825 1155 2119 1251 poterit,
2160 1157 2531 1229 concilium
2578 1155 3116 1230 ecclesiasticum
3164 1176 3398 1228 sacro-

589 1299 930 1363 sanctum.
968 1284 1241 1372 Videte,
1275 1291 1507 1377 patres
1538 1278 1944 1375 conscripti,
1979 1279 2214 1352 videte
2249 1280 2308 1352 si
2340 1290 2529 1353 tante
2556 1280 2982 1352 crudelitatis
3016 1280 3404 1353 indefessus

592 1411 905 1485 minister
935 1419 1006 1481 et
1036 1408 1293 1478 artifex
1318 1412 1425 1477 est
1443 1403 1633 1498 pacis
1659 1401 1867 1495 filius,
1888 1412 1969 1475 ut
1998 1424 2211 1498 super
2237 1405 2465 1499 ipsum
2495 1426 2639 1499 pax
2663 1405 2968 1476 Ecclesie
2984 1404 3399 1497 requiescat.

603 1588 622 1606 .
683 1586 703 1606 .
766 1586 785 1605 .
843 1531 1044 1604 Unde
1100 1529 1287 1600 idem
1330 1526 1528 1619 quasi
1589 1526 1859 1621 typicus
1913 1527 2324 1621 prenuntius
2366 1526 2785 1598 Antechristi
2811 1579 2832 1618 ,
2902 1549 3046 1599 non
3075 1526 3412 1621 permittit

599 1676 1023 1753 quemquam
1057 1674 1197 1725 non
1226 1650 1359 1723 sibi
1386 1650 1773 1742 subjectum
1807 1671 1934 1745 per
1959 1672 2157 1729 suam
2191 1650 2523 1723 ditionem
2555 1651 2848 1722 transire
2874 1660 2996 1722 aut
3027 1672 3259 1723 emere
3289 1671 3417 1724 seu

599 1778 908 1852 vendere
951 1775 1024 1846 ni
1065 1783 1290 1868 gestet
1332 1774 1405 1844 in
1446 1772 1741 1844 dextera
1783 1782 2205 1845 caracterem
2252 1783 2324 1845 et
2371 1796 2665 1845 nervum
2695 1774 2996 1846 nominis
3027 1776 3216 1867 ejus,
3246 1774 3417 1867 quin

607 1901 969 1997 spolietur,
1003 1899 1343 1992 capiatur,
1380 1897 1874 1983 incarceretur,
1905 1896 2262 1966 mutiletur
2289 1905 2360 1967 et
2390 1896 2482 1968 ad
2512 1896 2831 1968 ultimum
2864 1898 3254 1970 occidatur.
3313 1949 3338 1968 .
3393 1949 3414 1968 .

620 2075 961 2099 .....
1014 2020 1510 2094 confederatus
1548 2027 1654 2089 est
1696 2039 1857 2090 cum
1887 2017 2207 2089 Soldanis
2246 2040 2290 2089 a
2330 2019 2584 2111 quibus
2610 2041 2768 2090 cum
2809 2020 3064 2110 gaudio
3109 2029 3269 2114 post
3313 2039 3425 2091 re-

613 2169 780 2222 cens
825 2145 1354 2218 christianorum
1397 2140 1749 2215 excidium
1793 2141 2087 2232 grandia
2139 2141 2447 2235 suscepit
2489 2141 2776 2231 exenia,
2822 2163 2949 2236 per
2994 2163 3171 2234 quos
3220 2140 3429 2212 etiam

617 2281 810 2345 tanta
835 2282 1101 2361 strages
1126 2268 1199 2338 in
1226 2268 1435 2338 Terra
1468 2266 1720 2337 Sancta
1751 2264 1842 2336 de
1879 2265 2139 2360 populo
2170 2265 2295 2336 Dei
2326 2264 2416 2337 de
2449 2285 2576 2336 suo
2615 2286 2743 2357 per
2772 2266 2966 2336 nefas
2997 2274 3077 2335 ut
3110 2265 3435 2356 vulgatur

617 2393 909 2490 imperio
937 2403 1042 2464 est
1078 2399 1374 2485 patrata.
1410 2388 1768 2460 Civitatem
1806 2388 2185 2459 maximam
2222 2386 2700 2478 Agarenorum
2744 2388 2905 2459 fecit
2943 2388 3015 2458 in
3055 2407 3308 2480 regno,
3347 2408 3440 2458 ex

622 2519 877 2614 quihus
911 2514 1260 2608 copiosam
1296 2531 1571 2606 semper
1601 2509 2113 2582 multitudinem
2164 2531 2401 2582 secum
2438 2511 2672 2600 ducit,
2724 2511 2812 2582 ad
2860 2511 3440 2606 prophanandum

626 2650 893 2729 sancta,
929 2637 1341 2710 christianos
1370 2634 1723 2706 necandos
1763 2644 1834 2705 et
1867 2653 2107 2705 eorum
2136 2633 2421 2730 impune
2451 2655 2711 2706 uxores
2744 2644 2815 2705 et
2843 2632 3019 2706 filias
3051 2635 3440 2709 violandas.

632 2887 800 2958 Cum
833 2906 1000 2976 ergo
1036 2882 1163 2954 iste
1200 2884 1490 2954 Samson
1523 2880 1718 2953 fortis
1746 2881 1817 2951 in
1858 2881 2119 2953 malum
2153 2902 2283 2951 nec
2324 2880 2574 2974 triplici
2605 2901 2738 2951 nec
2773 2882 3200 2976 septemplici
3237 2881 3453 2977 possit

634 3009 945 3081 funiculo
989 3006 1271 3077 retineri
1306 3005 1381 3076 ni
1427 3002 1762 3076 radantur
1806 3003 2034 3076 crines
2080 3002 2360 3076 verticis
2414 3003 2784 3099 impiorum
2809 3056 2829 3093 ,
2866 3005 3152 3096 jamjam
3193 3004 3289 3076 ita
3325 3003 3456 3076 sibi

638 3128 946 3201 Ecclesia
995 3127 1359 3221 provideat
1394 3126 1468 3197 in
1517 3125 1652 3198 hoc
1692 3127 1909 3215 facto,
1965 3148 2057 3198 ne
2108 3125 2297 3198 fictio
2350 3126 2588 3199 dolosa
2636 3127 2857 3221 ipsam
2908 3127 3245 3223 decipiat,
3296 3127 3458 3221 quia

642 3253 825 3325 sicut
863 3251 1184 3345 decipula
1223 3251 1430 3344 plena
1472 3259 1578 3321 est
1625 3249 1906 3339 avibus,
1958 3249 2059 3322 sic
2099 3250 2249 3344 ipse
2287 3270 2370 3322 ac
2410 3251 2627 3344 aliqui
2672 3251 2821 3341 ejus
2864 3251 3222 3325 domestici
3273 3251 3462 3347 pleni

646 3375 835 3447 dolo.
875 3371 1225 3467 Numquid
1254 3371 1768 3466 circumscripta
1800 3372 1875 3443 in
1905 3372 2175 3444 ruinam
2206 3373 2517 3445 Ecclesia
2549 3374 2860 3467 qualibet
2893 3373 3173 3446 infamia
3206 3382 3278 3445 et
3303 3396 3462 3468 pec-

647 3509 804 3572 cato
831 3498 1100 3568 valeret
1121 3492 1253 3592 (a),
1284 3494 1342 3566 si
1370 3495 1709 3586 obligaret
1739 3516 1814 3566 se
1852 3495 2079 3591 ipsum
2107 3497 2299 3590 quod
2329 3497 2560 3569 denuo
2593 3519 2635 3569 a
2666 3518 2883 3589 regno
2915 3497 3200 3569 caderet
3219 3518 3303 3569 ac
3333 3497 3463 3568 im·

653 3622 846 3719 perio
879 3622 1029 3717 ipso
1062 3622 1245 3692 facto
1279 3629 1351 3693 et
1381 3617 1722 3691 recideret
1754 3619 2006 3691 iterum
2037 3620 2109 3691 in
2139 3620 2929 3693 excommunicationem
2962 3628 3032 3690 et
3056 3620 3463 3715 perjurium,

653 3746 713 3817 si
743 3767 818 3817 se
855 3765 1164 3836 unquam
1201 3742 1291 3815 de
1330 3755 1565 3815 cetero
1610 3754 1852 3815 contra
1881 3745 2258 3816 Ecclesiam
2303 3745 2603 3837 erigeret
2638 3744 2711 3815 i'n
2746 3743 3047 3815 clavium
3086 3743 3202 3814 vel
3241 3763 3470 3814 sacra·
3545 3837 3549 3848 .

657 3857 1045 3940 mentorum
1078 3876 1557 3961 contemptum
1593 3875 1664 3938 et
1695 3867 1753 3938 si
1785 3867 1920 3938 alia
1953 3890 2090 3961 que
2122 3867 2515 3962 promiserit
2550 3889 2691 3940 non
2723 3866 3039 3955 servarit,
3072 3876 3144 3936 et
3168 3865 3299 3935 nisi
3327 3886 3474 3938 res-

661 3991 880 4063 titutis
909 3990 1112 4062 terris
1146 3990 1611 4062 Ecclesiamm
1643 3999 1713 4062 et
1745 3990 2065 4062 omnibus
2097 4013 2233 4084 que
2271 3990 2556 4062 abstulit
2592 3999 2664 4062 et
2692 3990 2938 4061 refusis
2970 3987 3122 4086 (sic)
3158 3988 3478 4085 dampnis

662 4134 799 4206 que
838 4112 1070 4186 intulit
1119 4113 1548 4208 captivisque
1597 4113 1921 4185 omnibus
1966 4114 2308 4203 liberatiS,
2355 4114 2829 4183 transfretaret
2874 4111 2967 4183 ad
3015 4112 3482 4208 reparandum

664 4234 872 4306 Terre
917 4236 1167 4307 Sancte
1213 4244 1481 4307 tantum
1522 4236 1875 4307 excidium
1912 4235 2103 4329 quod
2144 4234 2520 4325 commisit,
2568 4257 2710 4307 non
2752 4256 3186 4327 regressurus
3226 4237 3482 4311 exinde

672 4377 796 4450 per
840 4357 1211 4429 triennium
1258 4358 1392 4429 nisi
1441 4357 1530 4429 de
1580 4359 1859 4431 licentia
1907 4358 2106 4430 Sedis
2156 4357 2552 4454 Apostolice
2599 4358 2917 4454 speciali3
2978 4359 3159 4433 datis
3207 4361 3490 4457 insuper

671 4465 1192 4571 fidejussoribus
1233 4482 1513 4574 regibus
1554 4491 1624 4552 et
1671 4481 2098 4577 principibus
2138 4481 2259 4576 qui
2308 4482 2554 4554 litteris
2590 4493 2661 4556 et
2701 4484 3099 4576 juramento
3134 4483 3490 4557 firmarent

758 4617 841 4698 (a)
885 4620 1160 4681 Forsitan
1183 4622 1499 4699 legendum
1526 4626 1780 4682 vomet.
