<?xml version="1.0" encoding="UTF-8"?>
<!DOCTYPE html PUBLIC "-//W3C//DTD XHTML 1.0 Transitional//EN"
    "http://www.w3.org/TR/xhtml1/DTD/xhtml1-transitional.dtd">
<html xmlns="http://www.w3.org/1999/xhtml" xml:lang="en" lang="en">
 <head>
  <title>
</title>
<meta http-equiv="Content-Type" content="text/html;charset=utf-8" />
  <meta name='ocr-system' content='tesseract 3.04.00' />
  <meta name='ocr-capabilities' content='ocr_page ocr_carea ocr_par ocr_line ocrx_word'/>
</head>
<body>
  <div class='ocr_page' id='page_1' title='image "./historiadiploma00degoog_0293.png"; bbox 0 0 4364 5738; ppageno 0'>
   <div class='ocr_carea' id='block_1_1' title="bbox 543 598 3374 688">
    <p class='ocr_par' dir='ltr' id='par_1_1' title="bbox 543 598 3374 688">
     <span class='ocr_line' id='line_1_1' title="bbox 543 598 3374 688; baseline 0.002 -24"><span class='ocrx_word' id='word_1_1' title='bbox 543 608 745 667; x_wconf 61' lang='lat' dir='ltr'>lamet.</span> <span class='ocrx_word' id='word_1_2' title='bbox 777 598 890 688; x_wconf 82' lang='lat'><strong>3.]&#39;</strong></span> <span class='ocrx_word' id='word_1_3' title='bbox 1446 602 1847 667; x_wconf 77' lang='lat' dir='ltr'>HISTORIA</span> <span class='ocrx_word' id='word_1_4' title='bbox 1898 603 2497 666; x_wconf 72' lang='lat' dir='ltr'><strong>MPLOMATICA.</strong></span> <span class='ocrx_word' id='word_1_5' title='bbox 3252 606 3374 670; x_wconf 75' lang='lat'>279</span> 
     </span>
    </p>
   </div>
   <div class='ocr_carea' id='block_1_2' title="bbox 496 737 3375 4778">
    <p class='ocr_par' dir='ltr' id='par_1_2' title="bbox 496 737 3375 4778">
     <span class='ocr_line' id='line_1_2' title="bbox 541 737 3374 836; baseline 0.001 -24"><span class='ocrx_word' id='word_1_6' title='bbox 541 752 769 836; x_wconf 81' lang='lat' dir='ltr'>nuper</span> <span class='ocrx_word' id='word_1_7' title='bbox 797 737 1095 812; x_wconf 89' lang='lat' dir='ltr'>cesareis</span> <span class='ocrx_word' id='word_1_8' title='bbox 1126 737 1372 809; x_wconf 89' lang='lat' dir='ltr'>litteris</span> <span class='ocrx_word' id='word_1_9' title='bbox 1404 738 1596 831; x_wconf 92' lang='lat' dir='ltr'>quod</span> <span class='ocrx_word' id='word_1_10' title='bbox 1630 760 1771 811; x_wconf 91' lang='lat' dir='ltr'>non</span> <span class='ocrx_word' id='word_1_11' title='bbox 1801 741 2178 812; x_wconf 79' lang='lat' dir='ltr'>verebatur</span> <span class='ocrx_word' id='word_1_12' title='bbox 2210 749 2450 811; x_wconf 89' lang='lat' dir='ltr'>senten</span> <span class='ocrx_word' id='word_1_13' title='bbox 2462 738 2623 810; x_wconf 89' lang='lat' dir='ltr'>tiam</span> <span class='ocrx_word' id='word_1_14' title='bbox 2656 759 2865 830; x_wconf 85' lang='lat' dir='ltr'>quam</span> <span class='ocrx_word' id='word_1_15' title='bbox 2900 739 2971 810; x_wconf 89' lang='lat' dir='ltr'>in</span> <span class='ocrx_word' id='word_1_16' title='bbox 3004 760 3166 811; x_wconf 90' lang='lat' dir='ltr'>eum</span> <span class='ocrx_word' id='word_1_17' title='bbox 3193 761 3374 836; x_wconf 88' lang='lat' dir='ltr'>papa</span> 
     </span>
     <span class='ocr_line' id='line_1_3' title="bbox 547 862 3370 956; baseline 0 -21"><span class='ocrx_word' id='word_1_18' title='bbox 547 865 827 953; x_wconf 90' lang='lat' dir='ltr'>tulerat,</span> <span class='ocrx_word' id='word_1_19' title='bbox 856 862 1266 934; x_wconf 89' lang='lat' dir='ltr'>criminosus</span> <span class='ocrx_word' id='word_1_20' title='bbox 1286 882 1431 931; x_wconf 92' lang='lat' dir='ltr'>non</span> <span class='ocrx_word' id='word_1_21' title='bbox 1462 872 1810 951; x_wconf 79' lang='lat' dir='ltr'>metuenS‚</span> <span class='ocrx_word' id='word_1_22' title='bbox 1848 863 2038 956; x_wconf 89' lang='lat' dir='ltr'>quod</span> <span class='ocrx_word' id='word_1_23' title='bbox 2075 863 2463 935; x_wconf 89' lang='lat' dir='ltr'>decernunt</span> <span class='ocrx_word' id='word_1_24' title='bbox 2492 881 2819 950; x_wconf 89' lang='lat' dir='ltr'>canones,</span> <span class='ocrx_word' id='word_1_25' title='bbox 2842 862 3034 933; x_wconf 87' lang='lat' dir='ltr'>illum</span> <span class='ocrx_word' id='word_1_26' title='bbox 3064 862 3134 932; x_wconf 92' lang='lat' dir='ltr'>in</span> <span class='ocrx_word' id='word_1_27' title='bbox 3167 862 3370 935; x_wconf 87' lang='lat' dir='ltr'>here·</span> 
     </span>
     <span class='ocr_line' id='line_1_4' title="bbox 545 984 3372 1081; baseline 0 -22"><span class='ocrx_word' id='word_1_28' title='bbox 545 988 675 1059; x_wconf 89' lang='lat' dir='ltr'>sim</span> <span class='ocrx_word' id='word_1_29' title='bbox 722 985 990 1081; x_wconf 81' lang='lat' dir='ltr'>prolabi</span> <span class='ocrx_word' id='word_1_30' title='bbox 1034 984 1156 1077; x_wconf 89' lang='lat' dir='ltr'>qui</span> <span class='ocrx_word' id='word_1_31' title='bbox 1207 985 1646 1080; x_wconf 82' lang='lat' dir='ltr'>privilegium</span> <span class='ocrx_word' id='word_1_32' title='bbox 1696 986 1880 1057; x_wconf 90' lang='lat' dir='ltr'>Petri</span> <span class='ocrx_word' id='word_1_33' title='bbox 1927 985 2190 1077; x_wconf 90' lang='lat' dir='ltr'>ligandi</span> <span class='ocrx_word' id='word_1_34' title='bbox 2244 984 2573 1057; x_wconf 86' lang='lat' dir='ltr'>videlicet</span> <span class='ocrx_word' id='word_1_35' title='bbox 2620 1005 2703 1056; x_wconf 88' lang='lat' dir='ltr'>ac</span> <span class='ocrx_word' id='word_1_36' title='bbox 2757 986 3075 1059; x_wconf 90' lang='lat' dir='ltr'>solvendi</span> <span class='ocrx_word' id='word_1_37' title='bbox 3127 987 3372 1060; x_wconf 87' lang='lat' dir='ltr'>nititur</span> 
     </span>
     <span class='ocr_line' id='line_1_5' title="bbox 544 1108 3371 1203; baseline 0.001 -22"><span class='ocrx_word' id='word_1_38' title='bbox 544 1111 915 1202; x_wconf 84' lang='lat' dir='ltr'>abnegare.</span> <span class='ocrx_word' id='word_1_39' title='bbox 963 1110 1102 1181; x_wconf 88' lang='lat' dir='ltr'>Sed</span> <span class='ocrx_word' id='word_1_40' title='bbox 1141 1130 1274 1181; x_wconf 93' lang='lat' dir='ltr'>nec</span> <span class='ocrx_word' id='word_1_41' title='bbox 1313 1108 1423 1179; x_wconf 89' lang='lat' dir='ltr'>his</span> <span class='ocrx_word' id='word_1_42' title='bbox 1471 1118 1877 1199; x_wconf 88' lang='lat' dir='ltr'>contentus,</span> <span class='ocrx_word' id='word_1_43' title='bbox 1918 1110 2198 1182; x_wconf 90' lang='lat' dir='ltr'>molitus</span> <span class='ocrx_word' id='word_1_44' title='bbox 2244 1118 2349 1182; x_wconf 90' lang='lat' dir='ltr'>est</span> <span class='ocrx_word' id='word_1_45' title='bbox 2385 1108 2587 1203; x_wconf 90' lang='lat' dir='ltr'>quasi</span> <span class='ocrx_word' id='word_1_46' title='bbox 2626 1108 2898 1180; x_wconf 84' lang='lat' dir='ltr'>Lucifer</span> <span class='ocrx_word' id='word_1_47' title='bbox 2947 1110 3018 1179; x_wconf 89' lang='lat' dir='ltr'>in</span> <span class='ocrx_word' id='word_1_48' title='bbox 3067 1110 3371 1185; x_wconf 70' lang='lat' dir='ltr'>Ecclesia</span> 
     </span>
     <span class='ocr_line' id='line_1_6' title="bbox 543 1231 3370 1329; baseline -0 -22"><span class='ocrx_word' id='word_1_49' title='bbox 543 1237 773 1308; x_wconf 89' lang='lat' dir='ltr'>celum</span> <span class='ocrx_word' id='word_1_50' title='bbox 821 1233 1289 1307; x_wconf 80' lang='lat' dir='ltr'>conscendere</span> <span class='ocrx_word' id='word_1_51' title='bbox 1330 1255 1542 1329; x_wconf 87' lang='lat' dir='ltr'>super</span> <span class='ocrx_word' id='word_1_52' title='bbox 1574 1244 1759 1305; x_wconf 89' lang='lat' dir='ltr'>astra</span> <span class='ocrx_word' id='word_1_53' title='bbox 1795 1235 1964 1323; x_wconf 90' lang='lat' dir='ltr'>celi,</span> <span class='ocrx_word' id='word_1_54' title='bbox 2003 1254 2396 1328; x_wconf 81' lang='lat' dir='ltr'>sponsoque</span> <span class='ocrx_word' id='word_1_55' title='bbox 2434 1232 2707 1304; x_wconf 88' lang='lat' dir='ltr'>lunaria</span> <span class='ocrx_word' id='word_1_56' title='bbox 2756 1231 3005 1304; x_wconf 92' lang='lat' dir='ltr'>solium</span> <span class='ocrx_word' id='word_1_57' title='bbox 3059 1234 3370 1306; x_wconf 81' lang='lat' dir='ltr'>exaltare</span> 
     </span>
     <span class='ocr_line' id='line_1_7' title="bbox 545 1356 3375 1452; baseline -0.001 -22"><span class='ocrx_word' id='word_1_58' title='bbox 545 1379 626 1430; x_wconf 88' lang='lat' dir='ltr'>ac</span> <span class='ocrx_word' id='word_1_59' title='bbox 678 1358 920 1431; x_wconf 89' lang='lat' dir='ltr'>sedem</span> <span class='ocrx_word' id='word_1_60' title='bbox 970 1378 1230 1452; x_wconf 89' lang='lat' dir='ltr'>ponere</span> <span class='ocrx_word' id='word_1_61' title='bbox 1280 1358 1353 1428; x_wconf 91' lang='lat' dir='ltr'>in</span> <span class='ocrx_word' id='word_1_62' title='bbox 1404 1359 1736 1430; x_wconf 89' lang='lat' dir='ltr'>lateribus</span> <span class='ocrx_word' id='word_1_63' title='bbox 1788 1358 2156 1451; x_wconf 89' lang='lat' dir='ltr'>aquilonis,</span> <span class='ocrx_word' id='word_1_64' title='bbox 2179 1366 2260 1428; x_wconf 90' lang='lat' dir='ltr'>ut</span> <span class='ocrx_word' id='word_1_65' title='bbox 2309 1365 2491 1428; x_wconf 89' lang='lat' dir='ltr'>esset</span> <span class='ocrx_word' id='word_1_66' title='bbox 2543 1356 2819 1446; x_wconf 79' lang='lat' dir='ltr'>similiS,</span> <span class='ocrx_word' id='word_1_67' title='bbox 2870 1357 3010 1428; x_wconf 92' lang='lat' dir='ltr'>imo</span> <span class='ocrx_word' id='word_1_68' title='bbox 3060 1356 3375 1450; x_wconf 87' lang='lat' dir='ltr'>superior</span> 
     </span>
     <span class='ocr_line' id='line_1_8' title="bbox 543 1479 3370 1575; baseline -0 -22"><span class='ocrx_word' id='word_1_69' title='bbox 543 1482 804 1553; x_wconf 86' lang='lat' dir='ltr'>vicario</span> <span class='ocrx_word' id='word_1_70' title='bbox 833 1480 1196 1569; x_wconf 84' lang='lat' dir='ltr'>Altissimi,</span> <span class='ocrx_word' id='word_1_71' title='bbox 1232 1479 1399 1551; x_wconf 91' lang='lat' dir='ltr'>dum</span> <span class='ocrx_word' id='word_1_72' title='bbox 1435 1502 1688 1575; x_wconf 88' lang='lat' dir='ltr'>papam</span> <span class='ocrx_word' id='word_1_73' title='bbox 1722 1503 1959 1554; x_wconf 90' lang='lat' dir='ltr'>creare</span> <span class='ocrx_word' id='word_1_74' title='bbox 1991 1480 2299 1573; x_wconf 80' lang='lat' dir='ltr'>gestivit,</span> <span class='ocrx_word' id='word_1_75' title='bbox 2337 1479 2505 1551; x_wconf 92' lang='lat' dir='ltr'>dum</span> <span class='ocrx_word' id='word_1_76' title='bbox 2542 1481 2852 1574; x_wconf 87' lang='lat' dir='ltr'>presules</span> <span class='ocrx_word' id='word_1_77' title='bbox 2889 1502 2971 1550; x_wconf 90' lang='lat' dir='ltr'>ac</span> <span class='ocrx_word' id='word_1_78' title='bbox 3011 1479 3370 1552; x_wconf 82' lang='lat' dir='ltr'>inferiores</span> 
     </span>
     <span class='ocr_line' id='line_1_9' title="bbox 544 1603 3363 1700; baseline 0 -25"><span class='ocrx_word' id='word_1_79' title='bbox 544 1606 848 1700; x_wconf 89' lang='lat' dir='ltr'>prelatos</span> <span class='ocrx_word' id='word_1_80' title='bbox 879 1613 952 1675; x_wconf 89' lang='lat' dir='ltr'>et</span> <span class='ocrx_word' id='word_1_81' title='bbox 981 1604 1273 1676; x_wconf 89' lang='lat' dir='ltr'>clericos</span> <span class='ocrx_word' id='word_1_82' title='bbox 1307 1604 1492 1698; x_wconf 89' lang='lat' dir='ltr'>cepit</span> <span class='ocrx_word' id='word_1_83' title='bbox 1524 1604 1884 1676; x_wconf 80' lang='lat' dir='ltr'>instituere</span> <span class='ocrx_word' id='word_1_84' title='bbox 1918 1625 2001 1675; x_wconf 92' lang='lat' dir='ltr'>ac</span> <span class='ocrx_word' id='word_1_85' title='bbox 2029 1604 2409 1675; x_wconf 86' lang='lat' dir='ltr'>destituere</span> <span class='ocrx_word' id='word_1_86' title='bbox 2447 1604 2520 1673; x_wconf 92' lang='lat' dir='ltr'>in</span> <span class='ocrx_word' id='word_1_87' title='bbox 2561 1603 2868 1675; x_wconf 88' lang='lat' dir='ltr'>ecclesiis</span> <span class='ocrx_word' id='word_1_88' title='bbox 2898 1605 3105 1694; x_wconf 85' lang='lat' dir='ltr'>juxta</span> <span class='ocrx_word' id='word_1_89' title='bbox 3146 1604 3363 1693; x_wconf 78' lang='lat' dir='ltr'>velle3</span> 
     </span>
     <span class='ocr_line' id='line_1_10' title="bbox 545 1722 3368 1835; baseline -0 -35"><span class='ocrx_word' id='word_1_90' title='bbox 545 1722 714 1800; x_wconf 91' lang='lat' dir='ltr'>dum</span> <span class='ocrx_word' id='word_1_91' title='bbox 749 1727 1001 1799; x_wconf 90' lang='lat' dir='ltr'>sedens</span> <span class='ocrx_word' id='word_1_92' title='bbox 1046 1728 1118 1797; x_wconf 93' lang='lat' dir='ltr'>in</span> <span class='ocrx_word' id='word_1_93' title='bbox 1152 1729 1413 1821; x_wconf 92' lang='lat' dir='ltr'>templo</span> <span class='ocrx_word' id='word_1_94' title='bbox 1453 1728 1730 1799; x_wconf 90' lang='lat' dir='ltr'>Domini</span> <span class='ocrx_word' id='word_1_95' title='bbox 1764 1737 2096 1820; x_wconf 86' lang='lat' dir='ltr'>tanquam</span> <span class='ocrx_word' id='word_1_96' title='bbox 2136 1727 2673 1835; x_wconf 29' lang='lat' dir='ltr'>Dominus&#39;facit</span> <span class='ocrx_word' id='word_1_97' title='bbox 2713 1727 2845 1797; x_wconf 89' lang='lat' dir='ltr'>sibi</span> <span class='ocrx_word' id='word_1_98' title='bbox 2885 1727 3096 1821; x_wconf 87' lang='lat' dir='ltr'>pedes</span> <span class='ocrx_word' id='word_1_99' title='bbox 3132 1749 3174 1799; x_wconf 88' lang='lat' dir='ltr'>a</span> <span class='ocrx_word' id='word_1_100' title='bbox 3206 1749 3368 1822; x_wconf 89' lang='lat' dir='ltr'>pre-</span> 
     </span>
     <span class='ocr_line' id='line_1_11' title="bbox 545 1850 3367 1944; baseline 0 -22"><span class='ocrx_word' id='word_1_101' title='bbox 545 1851 812 1922; x_wconf 87' lang='lat' dir='ltr'>sulibus</span> <span class='ocrx_word' id='word_1_102' title='bbox 847 1861 919 1922; x_wconf 89' lang='lat' dir='ltr'>et</span> <span class='ocrx_word' id='word_1_103' title='bbox 949 1850 1218 1922; x_wconf 88' lang='lat' dir='ltr'>clericis</span> <span class='ocrx_word' id='word_1_104' title='bbox 1258 1852 1592 1939; x_wconf 88' lang='lat' dir='ltr'>osculari,</span> <span class='ocrx_word' id='word_1_105' title='bbox 1631 1871 2046 1942; x_wconf 88' lang='lat' dir='ltr'>sacrumque</span> <span class='ocrx_word' id='word_1_106' title='bbox 2083 1850 2426 1923; x_wconf 89' lang='lat' dir='ltr'>nominari</span> <span class='ocrx_word' id='word_1_107' title='bbox 2456 1872 2530 1923; x_wconf 90' lang='lat' dir='ltr'>se</span> <span class='ocrx_word' id='word_1_108' title='bbox 2562 1850 2951 1944; x_wconf 79' lang='lat' dir='ltr'>imperanS,</span> <span class='ocrx_word' id='word_1_109' title='bbox 2985 1851 3214 1944; x_wconf 91' lang='lat' dir='ltr'>puniri</span> <span class='ocrx_word' id='word_1_110' title='bbox 3252 1871 3367 1923; x_wconf 87' lang='lat' dir='ltr'>ca-</span> 
     </span>
     <span class='ocr_line' id='line_1_12' title="bbox 544 1972 3366 2070; baseline -0 -25"><span class='ocrx_word' id='word_1_111' title='bbox 544 1975 689 2070; x_wconf 87' lang='lat' dir='ltr'>pite</span> <span class='ocrx_word' id='word_1_112' title='bbox 720 1972 1011 2045; x_wconf 90' lang='lat' dir='ltr'>mandat</span> <span class='ocrx_word' id='word_1_113' title='bbox 1039 1994 1284 2046; x_wconf 89' lang='lat' dir='ltr'>omnes</span> <span class='ocrx_word' id='word_1_114' title='bbox 1314 1974 1511 2044; x_wconf 88' lang='lat' dir='ltr'>velut</span> <span class='ocrx_word' id='word_1_115' title='bbox 1545 1973 1781 2044; x_wconf 89' lang='lat' dir='ltr'>hostes</span> <span class='ocrx_word' id='word_1_116' title='bbox 1812 1972 2127 2066; x_wconf 89' lang='lat' dir='ltr'>publicos</span> <span class='ocrx_word' id='word_1_117' title='bbox 2158 1994 2241 2045; x_wconf 89' lang='lat' dir='ltr'>ac</span> <span class='ocrx_word' id='word_1_118' title='bbox 2273 1973 2717 2068; x_wconf 88' lang='lat' dir='ltr'>blasphemos</span> <span class='ocrx_word' id='word_1_119' title='bbox 2743 1974 2862 2065; x_wconf 91' lang='lat' dir='ltr'>qui</span> <span class='ocrx_word' id='word_1_120' title='bbox 2897 1973 2985 2045; x_wconf 91' lang='lat' dir='ltr'>de</span> <span class='ocrx_word' id='word_1_121' title='bbox 3026 1975 3169 2046; x_wconf 91' lang='lat' dir='ltr'>suis</span> <span class='ocrx_word' id='word_1_122' title='bbox 3210 1996 3366 2068; x_wconf 91' lang='lat' dir='ltr'>per-</span> 
     </span>
     <span class='ocr_line' id='line_1_13' title="bbox 544 2095 3359 2190; baseline -0 -21"><span class='ocrx_word' id='word_1_123' title='bbox 544 2098 991 2169; x_wconf 89' lang='lat' dir='ltr'>versitatibus</span> <span class='ocrx_word' id='word_1_124' title='bbox 1036 2096 1417 2168; x_wconf 84' lang='lat' dir='ltr'>manifestis</span> <span class='ocrx_word' id='word_1_125' title='bbox 1450 2096 1714 2167; x_wconf 87' lang='lat' dir='ltr'>audent</span> <span class='ocrx_word' id='word_1_126' title='bbox 1751 2097 1865 2167; x_wconf 89' lang='lat' dir='ltr'>vel</span> <span class='ocrx_word' id='word_1_127' title='bbox 1912 2095 2214 2166; x_wconf 90' lang='lat' dir='ltr'>tenuiter</span> <span class='ocrx_word' id='word_1_128' title='bbox 2252 2096 2556 2187; x_wconf 83' lang='lat' dir='ltr'>aliquam</span> <span class='ocrx_word' id='word_1_129' title='bbox 2603 2117 2921 2190; x_wconf 89' lang='lat' dir='ltr'>promere</span> <span class='ocrx_word' id='word_1_130' title='bbox 2969 2097 3359 2168; x_wconf 88' lang='lat' dir='ltr'>veritatem.</span> 
     </span>
     <span class='ocr_line' id='line_1_14' title="bbox 544 2206 3370 2315; baseline -0.001 -23"><span class='ocrx_word' id='word_1_131' title='bbox 544 2220 682 2292; x_wconf 92' lang='lat' dir='ltr'>Sed</span> <span class='ocrx_word' id='word_1_132' title='bbox 712 2221 1048 2292; x_wconf 88' lang='lat' dir='ltr'>Michaele</span> <span class='ocrx_word' id='word_1_133' title='bbox 1098 2206 1454 2315; x_wconf 80' lang='lat' dir='ltr'>pugnante</span> <span class='ocrx_word' id='word_1_134' title='bbox 1485 2241 1646 2291; x_wconf 89' lang='lat' dir='ltr'>cum</span> <span class='ocrx_word' id='word_1_135' title='bbox 1691 2240 1777 2290; x_wconf 91' lang='lat' dir='ltr'>eo</span> <span class='ocrx_word' id='word_1_136' title='bbox 1818 2218 1906 2290; x_wconf 89' lang='lat' dir='ltr'>de</span> <span class='ocrx_word' id='word_1_137' title='bbox 1940 2220 2273 2291; x_wconf 90' lang='lat' dir='ltr'>mandato</span> <span class='ocrx_word' id='word_1_138' title='bbox 2301 2219 2596 2311; x_wconf 79' lang='lat' dir='ltr'>Virginis</span> <span class='ocrx_word' id='word_1_139' title='bbox 2621 2220 2951 2310; x_wconf 88' lang='lat' dir='ltr'>gloriose,</span> <span class='ocrx_word' id='word_1_140' title='bbox 2990 2219 3214 2291; x_wconf 87' lang='lat' dir='ltr'>victus</span> <span class='ocrx_word' id='word_1_141' title='bbox 3263 2230 3370 2290; x_wconf 91' lang='lat' dir='ltr'>est</span> 
     </span>
     <span class='ocr_line' id='line_1_15' title="bbox 545 2342 3366 2436; baseline -0.001 -21"><span class='ocrx_word' id='word_1_142' title='bbox 545 2353 618 2415; x_wconf 89' lang='lat' dir='ltr'>et</span> <span class='ocrx_word' id='word_1_143' title='bbox 665 2344 756 2415; x_wconf 89' lang='lat' dir='ltr'>ab</span> <span class='ocrx_word' id='word_1_144' title='bbox 796 2344 1104 2416; x_wconf 84' lang='lat' dir='ltr'>Ecclesia</span> <span class='ocrx_word' id='word_1_145' title='bbox 1149 2344 1221 2413; x_wconf 93' lang='lat' dir='ltr'>in</span> <span class='ocrx_word' id='word_1_146' title='bbox 1276 2343 1418 2414; x_wconf 90' lang='lat' dir='ltr'>suis</span> <span class='ocrx_word' id='word_1_147' title='bbox 1465 2343 1842 2414; x_wconf 87' lang='lat' dir='ltr'>sceleribus</span> <span class='ocrx_word' id='word_1_148' title='bbox 1889 2342 2402 2436; x_wconf 88' lang='lat' dir='ltr'>deprehensus;</span> <span class='ocrx_word' id='word_1_149' title='bbox 2459 2342 2653 2434; x_wconf 89' lang='lat' dir='ltr'>isque</span> <span class='ocrx_word' id='word_1_150' title='bbox 2699 2342 2790 2414; x_wconf 91' lang='lat' dir='ltr'>ad</span> <span class='ocrx_word' id='word_1_151' title='bbox 2841 2342 3057 2412; x_wconf 89' lang='lat' dir='ltr'>instar</span> <span class='ocrx_word' id='word_1_152' title='bbox 3107 2342 3366 2413; x_wconf 90' lang='lat' dir='ltr'>Sathan</span> 
     </span>
     <span class='ocr_line' id='line_1_16' title="bbox 546 2465 3368 2559; baseline -0 -20"><span class='ocrx_word' id='word_1_153' title='bbox 546 2467 796 2540; x_wconf 91' lang='lat' dir='ltr'>cecidit</span> <span class='ocrx_word' id='word_1_154' title='bbox 845 2467 1024 2538; x_wconf 89' lang='lat' dir='ltr'>sicut</span> <span class='ocrx_word' id='word_1_155' title='bbox 1069 2467 1303 2557; x_wconf 81' lang='lat' dir='ltr'>fulgur</span> <span class='ocrx_word' id='word_1_156' title='bbox 1350 2465 1423 2536; x_wconf 91' lang='lat' dir='ltr'>in</span> <span class='ocrx_word' id='word_1_157' title='bbox 1476 2474 1727 2537; x_wconf 88' lang='lat' dir='ltr'>terram</span> <span class='ocrx_word' id='word_1_158' title='bbox 1782 2474 2198 2559; x_wconf 79' lang='lat' dir='ltr'>prostratuS,</span> <span class='ocrx_word' id='word_1_159' title='bbox 2218 2476 2501 2559; x_wconf 90' lang='lat' dir='ltr'>propter</span> <span class='ocrx_word' id='word_1_160' title='bbox 2539 2465 2730 2559; x_wconf 90' lang='lat' dir='ltr'>quod</span> <span class='ocrx_word' id='word_1_161' title='bbox 2786 2475 3117 2557; x_wconf 89' lang='lat' dir='ltr'>tanquam</span> <span class='ocrx_word' id='word_1_162' title='bbox 3157 2465 3368 2538; x_wconf 88' lang='lat' dir='ltr'>draco</span> 
     </span>
     <span class='ocr_line' id='line_1_17' title="bbox 545 2587 3369 2682; baseline -0.001 -21"><span class='ocrx_word' id='word_1_163' title='bbox 545 2612 839 2682; x_wconf 92' lang='lat' dir='ltr'>magnus</span> <span class='ocrx_word' id='word_1_164' title='bbox 892 2587 1129 2661; x_wconf 80' lang='lat' dir='ltr'>cauda</span> <span class='ocrx_word' id='word_1_165' title='bbox 1161 2610 1288 2660; x_wconf 90' lang='lat' dir='ltr'>sua</span> <span class='ocrx_word' id='word_1_166' title='bbox 1333 2589 1691 2660; x_wconf 88' lang='lat' dir='ltr'>stellarum</span> <span class='ocrx_word' id='word_1_167' title='bbox 1740 2611 1881 2662; x_wconf 91' lang='lat' dir='ltr'>non</span> <span class='ocrx_word' id='word_1_168' title='bbox 1932 2588 2292 2660; x_wconf 90' lang='lat' dir='ltr'>minimam</span> <span class='ocrx_word' id='word_1_169' title='bbox 2335 2599 2607 2682; x_wconf 92' lang='lat' dir='ltr'>partem</span> <span class='ocrx_word' id='word_1_170' title='bbox 2654 2610 2891 2659; x_wconf 89' lang='lat' dir='ltr'>secum</span> <span class='ocrx_word' id='word_1_171' title='bbox 2940 2589 3172 2677; x_wconf 83' lang='lat' dir='ltr'>traxit,</span> <span class='ocrx_word' id='word_1_172' title='bbox 3194 2608 3369 2680; x_wconf 86' lang='lat' dir='ltr'>quas</span> 
     </span>
     <span class='ocr_line' id='line_1_18' title="bbox 546 2711 3367 2809; baseline 0 -25"><span class='ocrx_word' id='word_1_173' title='bbox 546 2714 708 2786; x_wconf 83' lang='lat' dir='ltr'>fecit</span> <span class='ocrx_word' id='word_1_174' title='bbox 758 2723 1108 2809; x_wconf 85' lang='lat' dir='ltr'>apostatas</span> <span class='ocrx_word' id='word_1_175' title='bbox 1155 2712 1249 2784; x_wconf 87' lang='lat' dir='ltr'>ad</span> <span class='ocrx_word' id='word_1_176' title='bbox 1296 2712 1775 2806; x_wconf 89' lang='lat' dir='ltr'>temptandum</span> <span class='ocrx_word' id='word_1_177' title='bbox 1829 2713 2053 2785; x_wconf 91' lang='lat' dir='ltr'>bonos</span> <span class='ocrx_word' id='word_1_178' title='bbox 2099 2721 2171 2783; x_wconf 89' lang='lat' dir='ltr'>et</span> <span class='ocrx_word' id='word_1_179' title='bbox 2216 2711 2794 2806; x_wconf 88' lang='lat' dir='ltr'>prophanandum</span> <span class='ocrx_word' id='word_1_180' title='bbox 2847 2713 3181 2804; x_wconf 89' lang='lat' dir='ltr'>templum</span> <span class='ocrx_word' id='word_1_181' title='bbox 3229 2713 3367 2784; x_wconf 90' lang='lat' dir='ltr'>Do·</span> 
     </span>
     <span class='ocr_line' id='line_1_19' title="bbox 546 2834 3367 2929; baseline -0 -21"><span class='ocrx_word' id='word_1_182' title='bbox 546 2837 716 2909; x_wconf 87' lang='lat' dir='ltr'>mini</span> <span class='ocrx_word' id='word_1_183' title='bbox 747 2846 819 2910; x_wconf 91' lang='lat' dir='ltr'>et</span> <span class='ocrx_word' id='word_1_184' title='bbox 848 2835 1313 2910; x_wconf 88' lang='lat' dir='ltr'>ecclesiastica</span> <span class='ocrx_word' id='word_1_185' title='bbox 1357 2849 1791 2909; x_wconf 89' lang='lat' dir='ltr'>sacramenta</span> <span class='ocrx_word' id='word_1_186' title='bbox 1848 2887 2601 2908; x_wconf 91' lang='grc'><strong>..........</strong></span> <span class='ocrx_word' id='word_1_187' title='bbox 2660 2834 2877 2927; x_wconf 87' lang='lat' dir='ltr'>Igitur</span> <span class='ocrx_word' id='word_1_188' title='bbox 2922 2835 3173 2929; x_wconf 88' lang='lat' dir='ltr'>impius</span> <span class='ocrx_word' id='word_1_189' title='bbox 3219 2834 3367 2907; x_wconf 85' lang='lat' dir='ltr'>dux</span> 
     </span>
     <span class='ocr_line' id='line_1_20' title="bbox 553 2959 3366 3055; baseline -0.001 -22"><span class='ocrx_word' id='word_1_190' title='bbox 553 3013 1137 3033; x_wconf 91' lang='grc'><strong>........</strong></span> <span class='ocrx_word' id='word_1_191' title='bbox 1174 2962 1520 3055; x_wconf 84' lang='lat' dir='ltr'>prefatum</span> <span class='ocrx_word' id='word_1_192' title='bbox 1566 2960 1923 3032; x_wconf 89' lang='lat' dir='ltr'>dominum</span> <span class='ocrx_word' id='word_1_193' title='bbox 1974 2981 2231 3054; x_wconf 89' lang='lat' dir='ltr'>papam</span> <span class='ocrx_word' id='word_1_194' title='bbox 2285 2959 2692 3051; x_wconf 87' lang='lat' dir='ltr'>Gregorium</span> <span class='ocrx_word' id='word_1_195' title='bbox 2747 2959 3009 3030; x_wconf 90' lang='lat' dir='ltr'>tamdiu</span> <span class='ocrx_word' id='word_1_196' title='bbox 3059 2959 3132 3030; x_wconf 90' lang='lat' dir='ltr'>in</span> <span class='ocrx_word' id='word_1_197' title='bbox 3183 2960 3366 3031; x_wconf 86' lang='lat' dir='ltr'>Urbe</span> 
     </span>
     <span class='ocr_line' id='line_1_21' title="bbox 545 3081 3366 3178; baseline -0.001 -22"><span class='ocrx_word' id='word_1_198' title='bbox 545 3085 821 3157; x_wconf 88' lang='lat' dir='ltr'>obsedit</span> <span class='ocrx_word' id='word_1_199' title='bbox 858 3084 1082 3155; x_wconf 91' lang='lat' dir='ltr'>donec</span> <span class='ocrx_word' id='word_1_200' title='bbox 1113 3106 1237 3178; x_wconf 90' lang='lat' dir='ltr'>pre</span> <span class='ocrx_word' id='word_1_201' title='bbox 1278 3086 1551 3157; x_wconf 84' lang='lat' dir='ltr'>fervore</span> <span class='ocrx_word' id='word_1_202' title='bbox 1588 3084 1922 3156; x_wconf 88' lang='lat' dir='ltr'>caumatis</span> <span class='ocrx_word' id='word_1_203' title='bbox 1967 3084 2349 3176; x_wconf 88' lang='lat' dir='ltr'>augustalis</span> <span class='ocrx_word' id='word_1_204' title='bbox 2401 3092 2471 3155; x_wconf 90' lang='lat' dir='ltr'>et</span> <span class='ocrx_word' id='word_1_205' title='bbox 2511 3092 2664 3155; x_wconf 87' lang='lat' dir='ltr'>estu</span> <span class='ocrx_word' id='word_1_206' title='bbox 2708 3081 3004 3154; x_wconf 83' lang='lat' dir='ltr'>febrium</span> <span class='ocrx_word' id='word_1_207' title='bbox 3051 3083 3366 3176; x_wconf 88' lang='lat' dir='ltr'>spiritum</span> 
     </span>
     <span class='ocr_line' id='line_1_22' title="bbox 546 3183 3366 3301; baseline -0 -22"><span class='ocrx_word' id='word_1_208' title='bbox 546 3183 931 3295; x_wconf 82' lang='lat' dir='ltr'>exhalavit,</span> <span class='ocrx_word' id='word_1_209' title='bbox 956 3206 1228 3278; x_wconf 87' lang='lat' dir='ltr'>Domini</span> <span class='ocrx_word' id='word_1_210' title='bbox 1261 3207 1602 3301; x_wconf 88' lang='lat' dir='ltr'>potentias</span> <span class='ocrx_word' id='word_1_211' title='bbox 1634 3207 2070 3299; x_wconf 91' lang='lat' dir='ltr'>ingressurus</span> <span class='ocrx_word' id='word_1_212' title='bbox 2105 3258 3018 3278; x_wconf 90' lang='grc'><strong>............</strong></span> <span class='ocrx_word' id='word_1_213' title='bbox 3057 3205 3366 3298; x_wconf 91' lang='lat' dir='ltr'>Cumque</span> 
     </span>
     <span class='ocr_line' id='line_1_23' title="bbox 545 3327 3360 3422; baseline 0 -23"><span class='ocrx_word' id='word_1_214' title='bbox 545 3329 711 3400; x_wconf 90' lang='lat' dir='ltr'>huic</span> <span class='ocrx_word' id='word_1_215' title='bbox 759 3327 1104 3422; x_wconf 85' lang='lat' dir='ltr'>pestilenti</span> <span class='ocrx_word' id='word_1_216' title='bbox 1146 3350 1350 3401; x_wconf 88' lang='lat' dir='ltr'>versa</span> <span class='ocrx_word' id='word_1_217' title='bbox 1398 3338 1581 3401; x_wconf 89' lang='lat' dir='ltr'>esset</span> <span class='ocrx_word' id='word_1_218' title='bbox 1619 3330 1866 3401; x_wconf 92' lang='lat' dir='ltr'>domus</span> <span class='ocrx_word' id='word_1_219' title='bbox 1907 3331 2116 3401; x_wconf 89' lang='lat' dir='ltr'>Israel</span> <span class='ocrx_word' id='word_1_220' title='bbox 2172 3330 2248 3400; x_wconf 92' lang='lat' dir='ltr'>in</span> <span class='ocrx_word' id='word_1_221' title='bbox 2302 3329 2633 3419; x_wconf 90' lang='lat' dir='ltr'>scoriam,</span> <span class='ocrx_word' id='word_1_222' title='bbox 2695 3382 3360 3401; x_wconf 91' lang='grc'><strong>.........</strong></span> 
     </span>
     <span class='ocr_line' id='line_1_24' title="bbox 546 3451 3367 3547; baseline 0.001 -24"><span class='ocrx_word' id='word_1_223' title='bbox 546 3453 1004 3523; x_wconf 89' lang='lat' dir='ltr'>immissiones</span> <span class='ocrx_word' id='word_1_224' title='bbox 1042 3474 1170 3547; x_wconf 91' lang='lat' dir='ltr'>per</span> <span class='ocrx_word' id='word_1_225' title='bbox 1211 3453 1499 3543; x_wconf 90' lang='lat' dir='ltr'>angelos</span> <span class='ocrx_word' id='word_1_226' title='bbox 1542 3451 1789 3540; x_wconf 90' lang='lat' dir='ltr'>malos,</span> <span class='ocrx_word' id='word_1_227' title='bbox 1824 3452 2269 3547; x_wconf 89' lang='lat' dir='ltr'>bispilionum</span> <span class='ocrx_word' id='word_1_228' title='bbox 2309 3453 2642 3543; x_wconf 89' lang='lat' dir='ltr'>susurria,</span> <span class='ocrx_word' id='word_1_229' title='bbox 2678 3474 3072 3546; x_wconf 86' lang='lat' dir='ltr'>cauponum</span> <span class='ocrx_word' id='word_1_230' title='bbox 3119 3453 3367 3547; x_wconf 88' lang='lat' dir='ltr'>pocula</span> 
     </span>
     <span class='ocr_line' id='line_1_25' title="bbox 546 3574 3365 3670; baseline 0 -24"><span class='ocrx_word' id='word_1_231' title='bbox 546 3575 981 3647; x_wconf 88' lang='lat' dir='ltr'>miscentium</span> <span class='ocrx_word' id='word_1_232' title='bbox 1038 3596 1290 3667; x_wconf 88' lang='lat' dir='ltr'>aquam</span> <span class='ocrx_word' id='word_1_233' title='bbox 1335 3574 1503 3646; x_wconf 81' lang='lat' dir='ltr'>vino</span> <span class='ocrx_word' id='word_1_234' title='bbox 1561 3575 1809 3647; x_wconf 89' lang='lat' dir='ltr'>callide</span> <span class='ocrx_word' id='word_1_235' title='bbox 1860 3576 2261 3670; x_wconf 87' lang='lat' dir='ltr'>procuravit</span> <span class='ocrx_word' id='word_1_236' title='bbox 2312 3585 2393 3648; x_wconf 94' lang='lat' dir='ltr'>ut</span> <span class='ocrx_word' id='word_1_237' title='bbox 2439 3575 2513 3646; x_wconf 89' lang='lat' dir='ltr'>in</span> <span class='ocrx_word' id='word_1_238' title='bbox 2564 3577 3030 3646; x_wconf 90' lang='lat' dir='ltr'>sanctuarium</span> <span class='ocrx_word' id='word_1_239' title='bbox 3091 3576 3365 3647; x_wconf 91' lang='lat' dir='ltr'>Domini</span> 
     </span>
     <span class='ocr_line' id='line_1_26' title="bbox 547 3697 3361 3794; baseline -0.001 -23"><span class='ocrx_word' id='word_1_240' title='bbox 547 3708 780 3794; x_wconf 85' lang='lat' dir='ltr'>posset</span> <span class='ocrx_word' id='word_1_241' title='bbox 844 3698 1151 3794; x_wconf 89' lang='lat' dir='ltr'>irrepere</span> <span class='ocrx_word' id='word_1_242' title='bbox 1211 3697 1303 3769; x_wconf 89' lang='lat' dir='ltr'>ad</span> <span class='ocrx_word' id='word_1_243' title='bbox 1356 3719 1704 3770; x_wconf 91' lang='lat' dir='ltr'>summum</span> <span class='ocrx_word' id='word_1_244' title='bbox 1758 3697 2156 3793; x_wconf 85' lang='lat' dir='ltr'>pontificem</span> <span class='ocrx_word' id='word_1_245' title='bbox 2219 3698 2751 3793; x_wconf 88' lang='lat' dir='ltr'>procreandum.</span> <span class='ocrx_word' id='word_1_246' title='bbox 2808 3699 3244 3792; x_wconf 87' lang='lat' dir='ltr'>Quapropter</span> <span class='ocrx_word' id='word_1_247' title='bbox 3290 3700 3361 3768; x_wconf 88' lang='lat' dir='ltr'>in</span> 
     </span>
     <span class='ocr_line' id='line_1_27' title="bbox 545 3820 3364 3915; baseline -0.001 -21"><span class='ocrx_word' id='word_1_248' title='bbox 545 3822 731 3895; x_wconf 89' lang='lat' dir='ltr'>bello</span> <span class='ocrx_word' id='word_1_249' title='bbox 784 3822 1266 3895; x_wconf 87' lang='lat' dir='ltr'>amaritudinis</span> <span class='ocrx_word' id='word_1_250' title='bbox 1318 3833 1390 3894; x_wconf 91' lang='lat' dir='ltr'>et</span> <span class='ocrx_word' id='word_1_251' title='bbox 1434 3822 1857 3915; x_wconf 87' lang='lat' dir='ltr'>obligatione</span> <span class='ocrx_word' id='word_1_252' title='bbox 1907 3822 2289 3915; x_wconf 84' lang='lat' dir='ltr'>iniquitatis</span> <span class='ocrx_word' id='word_1_253' title='bbox 2343 3820 2847 3913; x_wconf 88' lang='lat' dir='ltr'>negotiationes</span> <span class='ocrx_word' id='word_1_254' title='bbox 2903 3841 2985 3890; x_wconf 89' lang='lat' dir='ltr'>ac</span> <span class='ocrx_word' id='word_1_255' title='bbox 3038 3820 3364 3892; x_wconf 91' lang='lat' dir='ltr'>simonias</span> 
     </span>
     <span class='ocr_line' id='line_1_28' title="bbox 546 3945 3369 4040; baseline -0 -26"><span class='ocrx_word' id='word_1_256' title='bbox 546 3946 784 4037; x_wconf 90' lang='lat' dir='ltr'>plures</span> <span class='ocrx_word' id='word_1_257' title='bbox 840 3945 1237 4034; x_wconf 90' lang='lat' dir='ltr'>immiscuit,</span> <span class='ocrx_word' id='word_1_258' title='bbox 1266 3954 1338 4016; x_wconf 92' lang='lat' dir='ltr'>et</span> <span class='ocrx_word' id='word_1_259' title='bbox 1380 3945 1884 4017; x_wconf 88' lang='lat' dir='ltr'>restitutionem</span> <span class='ocrx_word' id='word_1_260' title='bbox 1940 3967 2033 4016; x_wconf 85' lang='lat' dir='ltr'>ex</span> <span class='ocrx_word' id='word_1_261' title='bbox 2074 3956 2282 4040; x_wconf 88' lang='lat' dir='ltr'>pacto</span> <span class='ocrx_word' id='word_1_262' title='bbox 2338 3945 2791 4017; x_wconf 89' lang='lat' dir='ltr'>cardinalium</span> <span class='ocrx_word' id='word_1_263' title='bbox 2849 3964 3023 4034; x_wconf 94' lang='lat' dir='ltr'>quos</span> <span class='ocrx_word' id='word_1_264' title='bbox 3086 3954 3369 4036; x_wconf 85' lang='lat' dir='ltr'>ceperat</span> 
     </span>
     <span class='ocr_line' id='line_1_29' title="bbox 547 4063 3366 4162; baseline -0.001 -23"><span class='ocrx_word' id='word_1_265' title='bbox 547 4067 832 4158; x_wconf 82' lang='lat' dir='ltr'>obtulit,</span> <span class='ocrx_word' id='word_1_266' title='bbox 865 4069 1196 4140; x_wconf 87' lang='lat' dir='ltr'>estimans</span> <span class='ocrx_word' id='word_1_267' title='bbox 1238 4068 1612 4140; x_wconf 84' lang='lat' dir='ltr'>vendicare</span> <span class='ocrx_word' id='word_1_268' title='bbox 1652 4069 1783 4140; x_wconf 90' lang='lat' dir='ltr'>sibi</span> <span class='ocrx_word' id='word_1_269' title='bbox 1827 4068 2057 4140; x_wconf 89' lang='lat' dir='ltr'>taliter</span> <span class='ocrx_word' id='word_1_270' title='bbox 2104 4068 2475 4162; x_wconf 88' lang='lat' dir='ltr'>emptionis</span> <span class='ocrx_word' id='word_1_271' title='bbox 2526 4067 2725 4137; x_wconf 88' lang='lat' dir='ltr'>titulo</span> <span class='ocrx_word' id='word_1_272' title='bbox 2761 4066 3045 4137; x_wconf 92' lang='lat' dir='ltr'>domum</span> <span class='ocrx_word' id='word_1_273' title='bbox 3087 4063 3251 4153; x_wconf 91' lang='lat' dir='ltr'>Dei,</span> <span class='ocrx_word' id='word_1_274' title='bbox 3294 4075 3366 4135; x_wconf 90' lang='lat' dir='ltr'>et</span> 
     </span>
     <span class='ocr_line' id='line_1_30' title="bbox 496 4185 3364 4287; baseline -0 -27"><span class='ocrx_word' id='word_1_275' title='bbox 496 4219 505 4226; x_wconf 46' lang='lat'><strong><em>⁴</em></strong></span> <span class='ocrx_word' id='word_1_276' title='bbox 547 4190 725 4261; x_wconf 78' lang='lat' dir='ltr'>&#39;sicut</span> <span class='ocrx_word' id='word_1_277' title='bbox 763 4191 836 4261; x_wconf 91' lang='lat' dir='ltr'>in</span> <span class='ocrx_word' id='word_1_278' title='bbox 878 4193 1138 4287; x_wconf 87' lang='lat' dir='ltr'>templo</span> <span class='ocrx_word' id='word_1_279' title='bbox 1174 4191 1449 4263; x_wconf 89' lang='lat' dir='ltr'>Domini</span> <span class='ocrx_word' id='word_1_280' title='bbox 1490 4191 1873 4283; x_wconf 85' lang='lat' dir='ltr'>figuraliter</span> <span class='ocrx_word' id='word_1_281' title='bbox 1911 4192 2179 4264; x_wconf 91' lang='lat' dir='ltr'>dudum</span> <span class='ocrx_word' id='word_1_282' title='bbox 2214 4200 2499 4282; x_wconf 88' lang='lat' dir='ltr'>egerant</span> <span class='ocrx_word' id='word_1_283' title='bbox 2525 4188 2860 4277; x_wconf 88' lang='lat' dir='ltr'>celibiste,</span> <span class='ocrx_word' id='word_1_284' title='bbox 2896 4188 2991 4258; x_wconf 90' lang='lat' dir='ltr'>ita</span> <span class='ocrx_word' id='word_1_285' title='bbox 3015 4207 3203 4258; x_wconf 90' lang='lat' dir='ltr'>nuuc</span> <span class='ocrx_word' id='word_1_286' title='bbox 3231 4185 3364 4259; x_wconf 89' lang='lat' dir='ltr'>iste</span> 
     </span>
     <span class='ocr_line' id='line_1_31' title="bbox 548 4310 3367 4408; baseline 0 -26"><span class='ocrx_word' id='word_1_287' title='bbox 548 4313 826 4384; x_wconf 87' lang='lat' dir='ltr'>realiter</span> <span class='ocrx_word' id='word_1_288' title='bbox 871 4314 942 4385; x_wconf 92' lang='lat' dir='ltr'>in</span> <span class='ocrx_word' id='word_1_289' title='bbox 994 4314 1402 4387; x_wconf 87' lang='lat' dir='ltr'>detestande</span> <span class='ocrx_word' id='word_1_290' title='bbox 1450 4315 1941 4408; x_wconf 87' lang='lat' dir='ltr'>negotiationis</span> <span class='ocrx_word' id='word_1_291' title='bbox 1988 4312 2481 4386; x_wconf 90' lang='lat' dir='ltr'>commercium</span> <span class='ocrx_word' id='word_1_292' title='bbox 2529 4332 2740 4404; x_wconf 89' lang='lat' dir='ltr'>super</span> <span class='ocrx_word' id='word_1_293' title='bbox 2765 4361 2766 4364; x_wconf 63' lang='lat'>,</span> <span class='ocrx_word' id='word_1_294' title='bbox 2790 4311 3082 4404; x_wconf 85' lang='lat' dir='ltr'>Spiritus</span> <span class='ocrx_word' id='word_1_295' title='bbox 3132 4310 3367 4382; x_wconf 88' lang='lat' dir='ltr'>Sancti</span> 
     </span>
     <span class='ocr_line' id='line_1_32' title="bbox 548 4415 3368 4526; baseline 0 -22"><span class='ocrx_word' id='word_1_296' title='bbox 548 4456 839 4507; x_wconf 90' lang='lat' dir='ltr'>munere</span> <span class='ocrx_word' id='word_1_297' title='bbox 866 4438 1144 4509; x_wconf 91' lang='lat' dir='ltr'>molitus</span> <span class='ocrx_word' id='word_1_298' title='bbox 1178 4448 1286 4510; x_wconf 79' lang='lat' dir='ltr'>est</span> <span class='ocrx_word' id='word_1_299' title='bbox 1314 4448 1722 4511; x_wconf 86' lang='lat' dir='ltr'>convertere</span> <span class='ocrx_word' id='word_1_300' title='bbox 1758 4437 2042 4508; x_wconf 92' lang='lat' dir='ltr'>domum</span> <span class='ocrx_word' id='word_1_301' title='bbox 2075 4436 2226 4506; x_wconf 89' lang='lat' dir='ltr'>Dei.</span> <span class='ocrx_word' id='word_1_302' title='bbox 2265 4415 2404 4506; x_wconf 81' lang='lat' dir='ltr'>Sed</span> <span class='ocrx_word' id='word_1_303' title='bbox 2433 4434 2721 4505; x_wconf 88' lang='lat' dir='ltr'>mentita</span> <span class='ocrx_word' id='word_1_304' title='bbox 2748 4442 2853 4504; x_wconf 88' lang='lat' dir='ltr'>est</span> <span class='ocrx_word' id='word_1_305' title='bbox 2881 4433 3206 4526; x_wconf 88' lang='lat' dir='ltr'>iniquitas</span> <span class='ocrx_word' id='word_1_306' title='bbox 3237 4434 3368 4505; x_wconf 89' lang='lat' dir='ltr'>sibi</span> 
     </span>
     <span class='ocr_line' id='line_1_33' title="bbox 549 4557 3365 4655; baseline 0 -27"><span class='ocrx_word' id='word_1_307' title='bbox 549 4558 723 4629; x_wconf 87' lang='lat' dir='ltr'>etin</span> <span class='ocrx_word' id='word_1_308' title='bbox 760 4569 900 4629; x_wconf 89' lang='lat' dir='ltr'>tam</span> <span class='ocrx_word' id='word_1_309' title='bbox 934 4560 1178 4655; x_wconf 88' lang='lat' dir='ltr'>pronis</span> <span class='ocrx_word' id='word_1_310' title='bbox 1214 4563 1577 4634; x_wconf 90' lang='lat' dir='ltr'>conatibus</span> <span class='ocrx_word' id='word_1_311' title='bbox 1619 4581 1816 4633; x_wconf 90' lang='lat' dir='ltr'>casso</span> <span class='ocrx_word' id='word_1_312' title='bbox 1852 4560 2089 4630; x_wconf 86' lang='lat' dir='ltr'>labore</span> <span class='ocrx_word' id='word_1_313' title='bbox 2130 4557 2410 4630; x_wconf 79' lang='lat' dir='ltr'>defecit.</span> <span class='ocrx_word' id='word_1_314' title='bbox 2468 4558 2705 4649; x_wconf 86' lang='lat' dir='ltr'>Itaque</span> <span class='ocrx_word' id='word_1_315' title='bbox 2746 4557 3142 4651; x_wconf 88' lang='lat' dir='ltr'>Apostolica</span> <span class='ocrx_word' id='word_1_316' title='bbox 3186 4557 3365 4629; x_wconf 89' lang='lat' dir='ltr'>Sede</span> 
     </span>
     <span class='ocr_line' id='line_1_34' title="bbox 549 4675 3365 4778; baseline -0.001 -27"><span class='ocrx_word' id='word_1_317' title='bbox 549 4691 845 4754; x_wconf 71' lang='lat' dir='ltr'>vacante</span> <span class='ocrx_word' id='word_1_318' title='bbox 880 4682 1177 4774; x_wconf 89' lang='lat' dir='ltr'>diutius,</span> <span class='ocrx_word' id='word_1_319' title='bbox 1215 4684 1288 4755; x_wconf 92' lang='lat' dir='ltr'>in</span> <span class='ocrx_word' id='word_1_320' title='bbox 1328 4683 1705 4778; x_wconf 90' lang='lat' dir='ltr'>perniciem</span> <span class='ocrx_word' id='word_1_321' title='bbox 1742 4683 2088 4754; x_wconf 89' lang='lat' dir='ltr'>elevatum</span> <span class='ocrx_word' id='word_1_322' title='bbox 2124 4689 2229 4752; x_wconf 89' lang='lat' dir='ltr'>est</span> <span class='ocrx_word' id='word_1_323' title='bbox 2271 4701 2393 4752; x_wconf 90' lang='lat' dir='ltr'>oor</span> <span class='ocrx_word' id='word_1_324' title='bbox 2425 4680 2762 4775; x_wconf 89' lang='lat' dir='ltr'>prophani</span> <span class='ocrx_word' id='word_1_325' title='bbox 2799 4680 3127 4775; x_wconf 80' lang='lat' dir='ltr'>principis</span> <span class='ocrx_word' id='word_1_326' title='bbox 3158 4675 3365 4771; x_wconf 74' lang='lat' dir='ltr'>juxta</span> 
     </span>
    </p>
   </div>
  </div>
 </body>
</html>
