4364 5738
624 561 827 623 mm.
858 560 960 641 5.]
1295 535 1298 536 ’
1509 558 1908 621 msronm
1955 557 2555 622 n1rLoMAricA.
3326 563 3449 625 545

623 696 909 769 Francis
956 704 1180 768 matre
1241 716 1326 767 ac
1369 694 1639 767 dilectis
1687 693 1846 766 filiis
1896 695 2248 767 nobilibus
2294 694 2464 768 viris
2516 694 2844 767 fratribus
2898 695 3033 767 tuis
3081 696 3449 770 comitibus

624 821 1045 894 unanimiter
1093 821 1515 892 decernente
1557 821 1748 913 quod
1793 821 1864 892 in
1917 821 2134 892 nostri
2176 841 2385 915 quem
2437 840 2565 914 pro
2607 818 2846 892 divina
2889 822 3280 895 reverentia
3326 822 3451 894 tibi

624 944 1064 1037 recognoscis
1094 945 1167 1016 in
1200 954 1469 1040 patrem
1500 965 1585 1016 ac
1614 944 1830 1040 ipsius
1866 944 2344 1017 defensionem
2371 944 2702 1035 Ecclesie,
2733 966 2891 1015 cum
2923 944 3295 1019 victorioso
3324 955 3447 1018 vei

625 1071 813 1142 uires
853 1070 1166 1141 exercitu
1187 1121 1207 1160 ,
1245 1070 1434 1141 omni
1461 1070 1845 1164 postposita
1877 1071 2226 1142 tarditate.
2261 1070 2361 1140 De
2407 1067 2614 1161 hujus
2657 1077 2893 1142 autem
2941 1070 3170 1164 operis
3214 1070 3451 1143 divina

625 1194 846 1285 gloria
875 1215 1006 1266 nos
1036 1213 1179 1265 una
1215 1214 1374 1264 cum
1403 1193 1729 1264 fratribus
1759 1194 2013 1265 nostris
2038 1193 2428 1265 incredibili
2451 1192 2889 1284 jucunditate
2917 1194 3204 1287 perfusi,
3241 1195 3450 1287 glori-

625 1315 912 1390 ficamus
929 1327 1163 1389 mente
1190 1317 1436 1388 humili
1461 1316 1668 1409 Regis
1697 1319 1916 1390 eterni
1951 1318 2389 1390 clementiam
2418 1317 2537 1410 qui
2572 1317 2695 1389 tibi
2728 1340 2855 1390 suo
2888 1319 3035 1410 regi
3061 1329 3201 1390 tam
3226 1319 3445 1414 pium,

625 1449 768 1511 tam
796 1439 1216 1511 laudabilem
1246 1439 1500 1511 infudit
1528 1440 1850 1513 affectum
1871 1494 1891 1532 ,
1929 1451 2010 1513 ut
2037 1441 2247 1533 digne
2277 1440 2365 1512 sit
2398 1440 2468 1510 in
2502 1449 2738 1512 nostra
2775 1449 2847 1512 et
2888 1441 3182 1514 aliorum
3219 1455 3452 1515 mente

623 1563 958 1635 mirabilis
988 1564 1155 1635 etin
1184 1564 1589 1658 cujusquam
1620 1575 2029 1659 perpetuam
2059 1565 2312 1637 deduci
2338 1565 2592 1637 debeat
2612 1565 2928 1636 notitiam
2961 1566 3283 1638 nationis
3308 1567 3454 1640 Nec

624 1687 876 1760 mirum
897 1742 917 1780 ,
971 1710 1130 1759 cum
1163 1688 1256 1760 ad
1297 1688 1513 1783 ipsius
1547 1689 1850 1761 Ecclesie
1887 1689 2223 1781 gemitum
2269 1698 2341 1760 et
2382 1691 2779 1782 frequentes
2810 1689 3167 1782 angustias
3202 1691 3453 1782 quibus

626 1811 976 1904 affligitur,
1010 1811 1178 1883 dum
1212 1808 1511 1883 filiorum
1540 1813 1845 1885 Ecclesie
1891 1813 2302 1885 vexationes
2333 1813 2698 1885 continuas
2730 1814 2956 1885 illatas
2985 1834 3113 1908 per
3142 1814 3451 1887 turbato-

624 1957 775 2007 rem
802 1935 1017 2007 seculi
1045 1935 1449 2027 meditatur,
1473 1938 1673 2030 quasi
1699 1938 2085 2010 tacentibus
2110 1937 2291 2028 aliis,
2323 1947 2398 2008 tu
2426 1939 2616 2010 solus
2644 1938 2714 2008 in
2741 1937 2975 2009 medio
3001 1958 3246 2031 regum
3273 1948 3455 2011 terre

625 2060 1057 2157 prefulgidus
1108 2061 1374 2152 elegisti
1418 2061 1510 2133 ad
1551 2084 1954 2133 succursum
2000 2063 2239 2154 matris
2286 2062 2592 2134 Ecclesie
2637 2083 2781 2134 non
2829 2063 3053 2134 solum
3101 2084 3456 2158 exponere

627 2185 1107 2274 substantiam,
1133 2185 1256 2257 sed
1289 2185 1625 2279 deputare
1654 2207 2048 2281 personam.
2079 2189 2410 2259 Reservet
2434 2190 2622 2259 Deus
2655 2185 3052 2278 hujusmodi
3082 2187 3458 2282 inexplica-

623 2310 836 2383 bilem
859 2310 1085 2381 meriti
1110 2310 1568 2404 quantitatem
1596 2311 1717 2381 tibi
1745 2310 1837 2383 ad
1858 2311 2041 2383 illius
2068 2311 2594 2383 retributionem
2619 2310 2864 2406 premii
2891 2331 3032 2404 quo
3058 2321 3457 2385 eternorum

627 2433 1018 2529 principum
1064 2434 1270 2505 beata
1313 2435 1624 2507 noscitur
1666 2436 1849 2508 acies
1890 2437 2234 2510 coronari.
2266 2438 2369 2507 De
2416 2436 2633 2531 ipsius
2677 2436 2886 2506 etiam
2930 2435 3187 2507 virtute
3232 2437 3461 2508 meriti

627 2559 812 2630 clare
867 2558 1197 2630 memorie
1253 2559 1810 2653 progenitoribus
1856 2560 1991 2636 tuis
2038 2560 2377 2656 perducat
2422 2560 2549 2631 Dei
2591 2559 2982 2652 benignitas
3026 2568 3105 2630 ut
3150 2560 3456 2656 ipsorum

627 2682 863 2755 felices
888 2681 1117 2754 anime
1145 2682 1216 2752 in
1247 2704 1551 2777 superna
1579 2683 1932 2775 gaudeant
1960 2683 2285 2756 constitui
2317 2684 2663 2773 claritate3
2697 2704 3026 2755 concesso
3057 2683 3259 2755 nobis
3290 2684 3459 2756 inte-

627 2808 757 2880 rim
789 2807 1021 2903 utqui
1063 2808 1151 2881 de
1185 2808 1538 2881 affluentia
1572 2808 1806 2881 divine
1837 2808 2285 2903 benignitatis
2320 2817 2390 2880 et
2423 2816 2539 2880 tue
2579 2807 2760 2879 infra
2792 2807 3005 2881 corda
3046 2816 3284 2880 nostra
3315 2809 3453 2881 fes-

627 2942 775 3003 tum
808 2933 1255 3005 exultationis
1306 2935 1703 3007 exultantes
1734 2934 2032 3027 agimuS,
2076 2934 2200 3005 tibi
2242 2941 2313 3004 et
2355 2932 2490 3004 tuis
2522 2953 2659 3025 que
2696 2941 2859 3003 sunt
2899 2931 2992 3004 ad
3033 2932 3457 3025 condignum

627 3056 950 3127 decorem
986 3069 1056 3128 et
1086 3058 1299 3130 decus
1331 3060 1642 3133 debitum
1679 3080 2131 3156 compensare
2162 3059 2534 3154 possimus,
2567 3059 2782 3148 Ecce,
2817 3056 2914 3128 fili
2955 3057 3460 3131 benedictionis

626 3188 701 3250 et
743 3179 997 3270 gratie,
1034 3190 1347 3251 nostram
1389 3183 1712 3255 audivisti
1749 3186 2035 3258 letitiam
2077 3193 2146 3256 et
2188 3183 2523 3277 gaudium
2561 3181 2868 3253 Ecclesie
2903 3181 3306 3276 percepisti,
3346 3182 3459 3253 cui

629 3323 787 3374 cum
821 3302 910 3373 sit
948 3302 1263 3374 votivum
1311 3314 1381 3375 et
1414 3307 1883 3377 necessarium
1922 3319 2003 3378 ut
2042 3307 2171 3378 sibi
2214 3307 2593 3402 peramat-is
2630 3307 2795 3378 olim
2843 3317 3078 3401 potate
3129 3306 3459 3378 calicibus

629 3427 829 3498 favus
860 3426 1350 3499 consolationis
1381 3428 1712 3500 adveniat
1743 3441 1813 3500 et
1843 3429 2162 3525 specialis
2189 3429 2480 3502 materia
2505 3429 2961 3519 jucunditatis
2992 3429 3304 3519 accedat,
3338 3450 3459 3501 se-

630 3549 998 3620 renitatem
1052 3559 1237 3621 tuam
1289 3572 1415 3646 per
1452 3552 1580 3623 Dei
1626 3552 2166 3625 misericordiam
2210 3553 2653 3625 obsecramus
2697 3553 2768 3623 in
2815 3552 3290 3624 remissionem
3333 3553 3457 3625 tibi

635 3674 1110 3769 peccaminum
1144 3675 1586 3768 injungentes
1633 3686 2013 3770 quatenus,
2050 3678 2434 3750 secundum
2484 3677 2675 3770 quod
2720 3676 2814 3747 ad
2860 3676 3074 3770 ipsius
3119 3676 3453 3750 honorem

630 3799 1006 3899 concepisti
1054 3800 1483 3896 propositum
1531 3812 1767 3873 mente
1812 3802 1964 3898 pia,
2005 3802 2312 3874 deducas
2351 3802 2615 3895 jugiter
2665 3801 2737 3871 in
2774 3810 3225 3893 augmentum
3269 3812 3341 3874 et
3382 3802 3455 3873 in

630 3924 926 3996 Domino
955 3946 1166 4020 super
1197 3947 1281 3998 eo
1318 3926 1733 4022 multiplices
1763 3936 1881 3999 tuo
1913 3926 2106 3999 cordi
2137 3926 2452 4015 letitiam,
2488 3926 2652 4021 quia
2685 3948 2842 3998 cum
2878 3926 3170 3997 senserit
3198 3926 3479 3999 adver-f

631 4048 851 4119 sarius
896 4049 1322 4120 affluentiam
1374 4050 1594 4143 gratie
1639 4072 1779 4143 qua
1827 4070 2129 4144 superna
2173 4049 2563 4141 benignitas
2608 4049 3031 4144 sepedictam
3077 4050 3455 4123 Ecclesiam

633 4193 760 4266 per
789 4182 857 4244 te
882 4175 1194 4247 noscitur
1221 4175 1635 4271 perfudisse,
1668 4175 1924 4246 relictis
1957 4176 2131 4247 forte
2158 4173 2410 4245 mentis
2441 4195 2766 4270 perverse
2801 4175 3130 4267 tenebriS,
3167 4196 3457 4248 conver-

632 4304 733 4367 tet
777 4297 1085 4370 animum
1128 4300 1221 4372 ad
1268 4300 1505 4371 divine
1556 4298 2018 4371 reverentiam
2066 4298 2478 4390 majestatiS,
2526 4299 2640 4369 vel
2688 4298 2746 4369 si
2790 4298 2961 4391 quid
3010 4300 3073 4370 ei
3126 4302 3457 4374 remansit

631 4420 888 4492 interni
939 4425 1252 4516 luminis,
1301 4425 1390 4497 de
1439 4424 1849 4497 necessitate
1900 4424 2235 4519 percipiet
2286 4423 2478 4517 quod
2519 4423 2870 4494 institutor
2917 4433 2989 4495 et
3030 4413 3455 4517 gubernator

631 4545 937 4620 Ecclesie
965 4546 1147 4620 filius
1178 4549 1304 4622 Dei
1335 4572 1476 4622 non
1504 4549 1766 4645 patitur
1791 4558 1870 4619 ut
1896 4571 2023 4644 per
2052 4549 2202 4640 ejus
2232 4547 2681 4642 multiplicem
2710 4547 3089 4639 nequitiam
3129 4549 3291 4621 data
3320 4550 3452 4644 ipsi

631 4671 939 4744 Ecclesie
990 4672 1079 4745 de
1126 4675 1279 4745 celo
1326 4673 1626 4766 dignitas
1670 4682 2031 4746 vacuetur.
2066 4674 2201 4745 Pro
2254 4672 2451 4764 cujus
2491 4670 2892 4743 defensione
2943 4672 3451 4768 promptissima

778 4795 881 4858 vl.
3097 4798 3174 4853 69
