4364 5738
562 563 763 621 lsmcr.
803 559 930 635 15.]
1454 558 1851 619 HISTORIA
1900 555 2495 619 DIPLOMATICA.
3309 557 3392 618 45

982 840 2232 851 —0—--0-·000-r·--uo—-o--ff—uo-—C--a---n--m-§ae-
2249 842 2477 851 ’.νς-*ᾳ*-
2495 844 2518 849 .-
2545 843 2568 848 -
2587 843 2610 849 u
2629 843 2672 849 --u
2713 841 2727 849 a
2749 843 2759 848 -
2786 843 2806 849 ω
2826 843 2888 850 ν,
2910 843 2928 849 .-
2945 841 2979 849 ,-

664 1105 1130 1212 FridericuS‚
1167 1106 1692 1191 Romanorum
1734 1107 2174 1215 imperator,
2218 1105 2698 1216 privilegium
2735 1133 2780 1188 a
2830 1106 3182 1215 Conrado
3231 1109 3388 1193 Co-
3513 1121 3718 1222 Ἓξ,

558 1239 878 1322 loniensi
915 1238 1154 1322 electo
1191 1239 1481 1322 civibus
1538 1238 2113 1322 Coloniensibus
2170 1265 2374 1321 anno
2426 1241 2631 1321 1259
2691 1239 3078 1323 indultum
3126 1242 3383 1325 inserit

554 1383 629 1456 et
701 1372 1142 1479 confirmat,
1209 1399 1365 1482 quo
1420 1371 1599 1482 jura
1660 1399 1926 1456 eorum
1989 1385 2065 1455 et
2125 1371 2371 1455 bonae
2445 1373 3030 1455 consuetudines
3085 1399 3382 1484 appro-

557 1505 867 1614 bantur,
937 1532 1114 1589 cum
1168 1505 1526 1589 facultate
1581 1532 1736 1590 non
1790 1505 2139 1589 veniendi
2193 1505 2274 1586 in
2323 1504 2454 1615 jus
2521 1515 2733 1588 extra
2793 1506 3186 1589 Coloniam
3242 1534 3382 1616 pro

553 1638 829 1721 delicto
891 1639 1047 1724 sive
1108 1640 1427 1722 crimine
1490 1639 1694 1721 infra
1751 1639 2145 1723 Coloniam
2206 1648 2281 1722 et
2352 1640 2718 1722 terminos
2780 1639 3103 1722 civitatis
3152 1664 3380 1722 com-

555 1794 815 1855 misso.

716 1986 975 2058 (Edlder.
1004 1986 1389 2059 Laconum,
1425 1982 1798 2049 urkundenb.
1811 1983 1933 2064 fiir
1956 1983 2049 2047 die
2072 1984 2269 2048 Gesclz.
2294 1984 2393 2047 des
2418 1984 2747 2060 Nizderrh„
2781 1987 2904 2047 Zw.
2932 1984 3123 2057 Band,
3145 2005 3199 2065 p.
3240 1996 3376 2064 188,

789 2103 856 2151 n⁶
893 2090 1035 2170 26⁴1,
1072 2109 1150 2153 ex
1192 2095 1408 2170 origin.
1451 2095 1513 2151 in
1554 2092 1775 2153 archiv.
1819 2096 1986 2154 clvlt.
2036 2094 2246 2155 Colon.
2275 2127 2358 2138 —
2387 2093 2866 2170 Hmssnuumv,
2903 2090 3380 2173 Diplomatiscloer

794 2198 1036 2258 Beweiss
1062 2196 1160 2259 des
1193 2198 1417 2259 Hamas
1441 2195 1788 2272 Halieuma,
1818 2204 1968 2259 tom.
1999 2198 2084 2273 11,
2113 2215 2176 2275 p.
2216 2207 2353 2274 12⁴,
2381 2209 2448 2257 n⁹
2474 2197 2719 2277 LVIII.)

650 2384 725 2455 In
759 2385 1040 2457 nomine
1078 2394 1318 2456 sancte
1361 2394 1432 2456 et
1466 2384 1828 2456 individue
1870 2384 2243 2456 Trinitatis·
2296 2385 2548 2457 Amen.
2600 2383 2987 2455 Fridericus
3027 2385 3376 2456 secundus

552 2507 788 2580 divina
826 2510 1104 2581 favente
1134 2508 1503 2581 clementia
1530 2510 2000 2580 Romanorum
2045 2509 2424 2602 imperator
2464 2529 2740 2602 semper
2776 2517 3135 2601 augustuS‚
3175 2508 3370 2579 Jeru-

552 2634 768 2704 salem
802 2642 873 2704 et
906 2632 1134 2704 Sicilie
1167 2654 1322 2704 rex.
1366 2633 1511 2704 Etsi
1542 2641 1942 2705 nostrorum
1970 2632 2219 2703 merita
2253 2629 2564 2703 fidelium
2599 2631 2886 2724 exigant
2923 2641 3004 2702 ut
3033 2630 3371 2705 beneficia

551 2754 902 2828 beneficiis
929 2757 1390 2847 cumulemuS,
1417 2757 1638 2829 multo
1664 2765 2023 2849 gratanter
2050 2755 2447 2827 inducimur
2460 2765 2541 2826 ut
2572 2776 2692 2827 eos
2718 2755 2787 2826 in
2812 2756 3370 2829 concessionibus

551 2891 624 2953 et
658 2880 1109 2973 indulgentiis
1149 2881 1250 2953 eis
1299 2881 1496 2953 sactis
1536 2880 1628 2952 ab
1688 2879 2223 2977 archiepiscopis
2283 2888 2357 2950 et
2394 2878 2695 2951 dominis
2739 2879 3119 2951 eorundem
3176 2891 3368 2954 tanto

548 3015 780 3078 nostre
830 3003 1374 3077 confirmationis
1426 3015 1498 3076 et
1536 3005 1757 3097 gratie
1803 3002 2182 3099 privilegiis
2227 3002 2621 3073 muniamus
2667 3011 2930 3094 quanto
2979 3012 3213 3074 nostra
3260 3005 3366 3074 in-

551 3137 797 3218 terest,
850 3130 1029 3201 sicut
1073 3130 1320 3202 ceteris
1374 3129 1817 3224 prerogativa
1877 3127 2163 3199 dominii
2222 3127 2773 3221 preeminemus,
2825 3136 3052 3197 ratum
3112 3126 3369 3199 habere

549 3253 741 3346 quod
785 3253 1047 3325 faciunt
1090 3263 1161 3325 et
1210 3252 1489 3324 firmum
1537 3274 1780 3344 gerere
1834 3250 2024 3346 quod
2072 3252 2484 3323 decernunt.
2539 3250 2714 3321 Hinc
2768 3259 2873 3321 est
2922 3250 3131 3343 igitur
3179 3253 3371 3344 quod

549 3378 887 3471 presentis
942 3378 1178 3473 scripti
1234 3378 1409 3450 serie
1460 3387 1703 3450 notum
1761 3373 1912 3446 fieri
1961 3376 2287 3447 volumus
2337 3374 2677 3445 universis
2734 3383 2871 3445 tam
2932 3377 3372 3469 presentibus

547 3523 759 3594 quam
814 3503 1066 3574 futuris
1111 3501 1434 3574 fidelibus
1495 3500 1747 3572 nostris
1791 3498 1983 3591 quod
2027 3498 2342 3592 judiceS,
2397 3497 2664 3590 scabini
2713 3507 2783 3569 et
2827 3499 3133 3570 universi
3181 3500 3368 3572 cives

546 3624 1010 3715 ColonienseS‚
1046 3623 1288 3697 fideles
1311 3624 1559 3713 nostri,
1592 3633 1828 3695 nostre
1860 3623 2431 3718 supplicaverunt
2460 3621 2792 3692 attentius
2818 3622 3160 3712 majestati
3190 3644 3364 3715 qua-

552 3757 750 3820 tenus
789 3748 1255 3821 concessionis
1291 3759 1363 3821 et
1403 3747 1833 3840 indulgentie
1874 3745 2196 3841 paginam
2247 3767 2458 3840 quam
2502 3744 2909 3817 Chonradus
2946 3746 3367 3817 Coloniensis

548 3873 809 3944 electus
842 3873 942 3945 eis
976 3873 1302 3964 indulsit,
1342 3872 1432 3944 de
1466 3883 1706 3946 nostra
1746 3871 1912 3967 ipsis
1943 3868 2354 3943 confirmare
2394 3869 2616 3962 gratia
2657 3869 3133 3961 dignaremur;
3168 3870 3366 3962 cujus

549 4005 747 4069 tenor
777 4018 905 4091 per
945 3996 1177 4069 omnia
1209 3996 1362 4068 talis
1394 4006 1499 4068 est
1530 4022 1548 4067 ε

546 4305 724 4364 Cicala
752 4307 902 4379 regni
931 4306 1245 4381 capitaneus
1277 4306 1435 4379 jussu
1463 4304 1674 4363 cesaris
1699 4310 2018 4378 congregato
2040 4301 2279 4360 exercitu
2312 4307 2419 4356 tam
2445 4297 2676 4354 militum
2703 4312 2868 4370 quam
2893 4298 3239 4356 servientium
3255 4342 3271 4370 ,
3296 4301 3367 4358 de

547 4417 708 4475 regno
743 4419 906 4477 super
941 4404 1106 4460 Reate
1143 4402 1297 4460 vadit
1322 4417 1484 4474 quam
1520 4401 1754 4459 exterius
1790 4407 1959 4459 totam
1999 4399 2267 4457 devastat.
2311 4397 2429 4452 Dux
2455 4392 2656 4467 Spoleti
2699 4411 2798 4470 pro
2834 4403 2993 4470 parte
3025 4397 3365 4471 imperatoris

547 4514 708 4572 super
730 4501 986 4558 Narniam
1013 4500 1164 4558 vadit
1189 4505 1245 4556 et
1279 4514 1441 4572 quam
1476 4505 1653 4573 potest
1677 4499 1805 4556 facit
1840 4499 1895 4555 in
1928 4495 2286 4555 exterioribus
2309 4493 2638 4553 vastitatem.
2672 4494 2950 4552 Exercitus
2975 4494 3268 4568 imperialis
3297 4495 3366 4552 de

547 4597 785 4655 Marchia
816 4598 966 4656 vadit
991 4612 1155 4671 super
1180 4596 1438 4653 Asculum
1472 4602 1528 4653 et
1562 4597 1739 4670 ipsam
1776 4595 2047 4652 civitatem
2085 4592 2302 4649 obsidet
2349 4590 2587 4649 exterius
2613 4597 2671 4648 et
2710 4592 2977 4649 devastat.
3020 4592 3207 4649 Hense
3227 4592 3364 4662 junii

546 4695 881 4752 Asculumse
908 4693 1102 4753 reddit.
1137 4713 1164 4747 ι
1192 4693 1340 4750 Rieu.
1369 4693 1432 4749 de
1452 4693 1517 4751 S.
1548 4694 1750 4771 Germ„
1782 4693 1851 4748 ad
1878 4686 2005 4748 ann.
2035 4692 2196 4746 4242.
