4364 5738
577 575 779 634 lumcr.
813 573 905 650 3.]
1464 573 1858 635 HISTORIA
1907 573 2508 636 DIPLOMATICA.
3288 575 3411 636 239

563 709 744 780 boni
783 707 1021 779 nuncii
1055 707 1350 778 verbum
1399 704 1487 779 de
1531 718 1713 779 terra
1750 710 2129 801 longinqua
2175 709 2491 780 sitienter
2523 717 2872 802 expectat.
2915 709 3155 800 quue
3194 711 3412 801 magis

578 832 948 903 anxiamur
983 830 1053 900 in
1099 830 1370 925 spiritu,
1411 851 1552 923 quo
1583 832 1856 923 justiori
1896 832 2136 904 dolore
2182 842 2590 924 torquemur
2633 831 2705 900 in
2754 840 3017 922 mente,
3058 834 3254 903 velut
3293 834 3412 925 qui

577 957 831 1028 scimus
858 954 991 1027 hec
1023 956 1255 1050 potius
1296 955 1664 1047 contigisse
1696 956 1900 1051 culpa
1939 979 2148 1050 quam
2193 957 2402 1028 facto.
2441 955 2720 1027 Dudum
2748 956 3005 1026 etenim
3032 956 3184 1028 viro
3213 979 3411 1051 spec-

576 1079 771 1151 tabili
814 1082 894 1154 R.
942 1079 1195 1150 comite
1225 1080 1596 1169 Cornubie,
1634 1079 1890 1151 dilecto
1935 1080 2200 1152 sororio
2241 1089 2515 1167 nostro,
2555 1101 2714 1150 cum
2769 1078 3159 1151 honorabili
3195 1082 3412 1152 comi-

579 1203 719 1274 tiva
761 1203 1101 1275 nobilium
1144 1203 1568 1297 transalpina
1603 1203 1673 1273 in
1711 1203 2181 1274 ultramarinis
2222 1203 2534 1297 partibus
2573 1202 2763 1274 vices
2803 1212 3053 1294 agente
3097 1212 3407 1293 nostraS,

573 1327 663 1398 de
712 1326 1000 1398 consilio
1051 1326 1541 1417 magistrorum
1596 1325 1956 1420 hospitalis
2003 1336 2075 1397 et
2124 1329 2375 1398 Sancte
2425 1325 2639 1396 Marie
2688 1325 3307 1415 Theutonicorum‚
3343 1336 3413 1398 et

575 1449 784 1521 totius
848 1449 1382 1521 christianorum
1442 1449 1792 1521 exercitus
1856 1472 1986 1546 pro
2042 1459 2239 1545 parte
2288 1458 2563 1538 nostra,
2614 1448 2734 1541 qui
2781 1450 2940 1540 jure
3005 1449 3239 1520 dilecti
3290 1447 3410 1519 filii

574 1574 790 1646 nostri
836 1573 1139 1645 Cunradi
1161 1626 1181 1664 ,
1213 1574 1285 1643 in
1334 1574 1800 1645 Romanorum
1851 1594 2086 1665 regem
2139 1573 2383 1662 electi,
2424 1579 2702 1665 semper
2751 1572 3062 1663 augusti,
3101 1581 3172 1643 et
3214 1573 3411 1665 regni

583 1696 1188 1791 Blerosolymitani
1248 1695 1562 1785 herediS,
1616 1697 1928 1788 ejusdem
1995 1698 2178 1789 regis
2237 1707 2310 1768 et
2375 1696 2571 1786 regni
2633 1694 3109 1766 moderamine
3164 1697 3409 1789 funge-

574 1819 808 1909 batur,
864 1841 1023 1891 cum
1078 1819 1383 1891 Soldano
1421 1820 1803 1914 Babylonio
1854 1843 2062 1915 supra
2105 1820 2295 1892 dicto
2342 1827 2618 1910 treugas
2657 1816 2955 1889 fideliter
3004 1829 3075 1889 et
3113 1817 3414 1912 pruden-

577 1951 682 2013 ter
728 1942 906 2012 iniit.
954 1944 1145 2028 Quas
1193 1943 1521 2034 magister
1565 1942 1816 2014 domus
1863 1943 2106 2013 militie
2152 1943 2453 2036 Templi,
2491 1964 2651 2012 cum
2688 1943 2938 2013 ceteris
2987 1952 3168 2013 terre
3209 1944 3411 2015 nobi-

574 2065 757 2136 libus
797 2064 1144 2156 indigenis
1185 2075 1257 2136 et
1298 2065 1567 2136 civibus
1613 2063 2171 2155 AcconensibuS,
2216 2063 2307 2135 ad
2353 2063 2653 2158 speciale
2698 2072 2932 2135 nostre
2983 2065 3411 2137 celsitudinis

573 2187 813 2259 odium
866 2209 1010 2259 non
1069 2187 1159 2259 ad
1219 2208 1587 2260 commune
1633 2187 1895 2258 bonum
1935 2185 2260 2257 habendo
2305 2194 2732 2279 respectum,
2779 2195 3141 2278 acceptare
3187 2187 3412 2257 nulla-

576 2319 778 2382 tenus
830 2312 1232 2382 voluerunt.
1285 2310 1470 2395 Quin
1520 2310 1783 2405 potius,
1827 2330 2021 2380 more
2069 2308 2447 2403 disparium
2507 2307 2944 2397 aurigarum,
2995 2307 3065 2376 in
3120 2307 3412 2380 diversis

571 2432 733 2504 hinc
775 2433 938 2504 inde
984 2433 1299 2527 partibus
1349 2431 1785 2504 detrahendo
1827 2432 2257 2520 vehiculum,
2290 2430 2569 2502 tandem
2607 2439 2816 2524 prout
2852 2439 3145 2502 eventus
3180 2452 3413 2503 rerum

574 2556 886 2646 edocuit,
933 2556 1005 2625 in
1060 2556 1499 2651 precipitium
1548 2555 1830 2627 devium
1877 2566 2194 2627 vectores
2245 2564 2313 2625 et
2364 2553 2706 2625 sarcinam
2757 2552 3229 2625 deduxerunt.
3269 2556 3414 2627 Hec

574 2691 700 2752 vos
737 2680 955 2751 latere
997 2701 1139 2751 non
1174 2680 1526 2752 credimus
1562 2679 1772 2750 fuisse
1805 2680 2244 2773 precipuam,
2284 2678 2496 2749 immo
2540 2677 2757 2748 solam
2804 2676 3143 2768 originem
3190 2680 3414 2751 morbi

575 2804 914 2899 presentis
959 2812 1029 2876 et
1073 2824 1354 2877 causam
1377 2855 1396 2893 ,
1443 2824 1582 2896 que
1632 2802 2014 2875 Soldanum
2062 2799 2444 2897 Babylonio
2499 2799 2845 2872 continuis
2892 2798 3100 2871 etiam
3146 2800 3413 2892 injuriis

573 2927 1017 3021 postmodum
1051 2928 1472 3017 lacessitum,
1506 2927 1598 2999 ad
1625 2926 1983 3020 querenda
2027 2935 2292 2996 remota
2333 2923 2681 3015 suffragia,
2727 2932 2797 2993 et
2840 2922 2932 2995 ad
2977 2922 3414 3017 desperanda

576 3050 831 3141 coegit.
898 3050 1043 3121 Hec
1105 3049 1528 3143 quandoque
1601 3050 2127 3122 cismarinorum
2197 3046 2534 3118 nobilium
2607 3046 2874 3117 animos
2938 3067 2981 3116 a
3043 3045 3414 3120 devotione

574 3170 951 3259 seducent,
994 3172 1113 3263 qui
1172 3171 1504 3243 divinitus
1566 3172 1912 3266 inspirati,
1959 3171 2048 3243 ad
2115 3170 2565 3263 reliquiarum
2631 3169 2814 3240 illius
2876 3178 3058 3240 terre
3121 3172 3415 3242 salutem

573 3294 758 3367 votis
789 3294 1198 3367 ardentibus
1230 3295 1631 3389 aspirabant
1669 3320 1686 3364 ε
1734 3295 1857 3388 qui
1897 3296 2301 3388 quanquam
2345 3314 2459 3364 res
2500 3302 2571 3364 et
2609 3313 2942 3387 personas
2981 3302 3417 3386 exponerent

573 3440 703 3514 pro
744 3417 1110 3514 predictis,
1141 3427 1511 3515 propterea
1557 3427 1792 3489 tamen
1826 3419 1919 3490 ab
1960 3418 2125 3513 ipsis
2161 3417 2474 3510 injuriari
2516 3416 2647 3487 sibi
2696 3416 3055 3507 indignum
3092 3416 3418 3488 estimant

576 3553 648 3616 et
689 3552 1020 3638 reputant
1057 3541 1502 3632 indecorum,
1538 3540 1707 3613 dum
1758 3540 2065 3635 ipsorum
2112 3539 2611 3613 conventiones
2653 3547 2725 3609 et
2777 3547 3018 3629 treuge
3067 3537 3414 3609 delusorie

572 3676 1009 3762 reputantur.
1047 3668 1339 3762 Propter
1386 3664 1620 3758 quod,
1667 3685 1829 3735 cum
1884 3664 2075 3735 istud
2127 3685 2339 3756 quam
2398 3663 2700 3759 primum
2757 3661 2850 3733 ad
2903 3662 3411 3754 solicitudinem

569 3800 881 3863 nostram
920 3799 1281 3884 gerentem
1322 3808 1562 3861 curam
1607 3785 1877 3879 negocii
1919 3786 2361 3858 transmarini
2397 3785 2750 3881 pervenit,
2790 3784 3105 3878 pervigili
3143 3806 3417 3878 semper

576 3925 647 3986 et
707 3914 1037 3987 continua
1094 3913 1544 3986 meditatione
1608 3911 2059 4007 pensavimus
2121 3910 2421 4003 qualiter
2472 3931 2631 3982 cum
2681 3907 3049 3982 orientalis
3097 3928 3219 3979 ore
3268 3908 3413 4003 pri-

575 4038 910 4130 matibus,
962 4039 1134 4111 licet.
1177 4037 1379 4110 nobis
1434 4045 1506 4109 et
1555 4044 1791 4110 nostre
1838 4032 2003 4107 fidei
2057 4033 2393 4125 inimicis,
2445 4034 2502 4103 si
2553 4054 2694 4104 non
2754 4032 3095 4126 perfecte,
3134 4031 3415 4125 palliato

577 4161 937 4253 cuiusdam
997 4161 1295 4233 amicitie
1363 4160 1646 4234 foedera
1701 4158 2307 4247 contraheremus3
2363 4164 2434 4227 et
2480 4142 2865 4251 potissime
2895 4175 3054 4224 cum
3109 4153 3414 4227 Soldano

574 4281 989 4378 Babylonio,
1022 4282 1143 4378 qui
1197 4281 1380 4355 terre'
1430 4283 1628 4379 Syrie
1678 4302 1860 4377 pene
1910 4282 2132 4371 major
2157 4277 2505 4351 ‘dominus
2544 4285 2614 4348 et
2658 4275 3057 4366 hujusmodi
3103 4276 3416 4348 locorum

576 4403 934 4479 habilitate
964 4406 1258 4479 vicinior
1284 4406 1699 4478 habebatur.
1734 4402 1846 4476 Ad
1889 4404 2026 4475 hoc
2069 4424 2202 4479 nos
2242 4400 2502 4472 nullius
2532 4398 3014 4471 familiaritatis
3045 4398 3420 4474 intrinseca

576 4530 987 4624 provocavit
1028 4530 1299 4603 affectio
1314 4582 1335 4621 ,
1371 4529 1499 4603 sed
1549 4537 1754 4602 cauta
1802 4526 2111 4621 provisio
2127 4578 2149 4616 ,
2194 4545 2287 4597 ne
2340 4524 2716 4620 desperare
2770 4523 3122 4620 predictos
3170 4545 3418 4597 neces-

577 4653 760 4726 sario
814 4673 1221 4746 cogeremus
1237 4706 1260 4745 ,
1309 4663 1382 4727 et
1441 4673 1532 4725 ne
1589 4648 2033 4748 particularia
2090 4646 2509 4722 dimittendo
2565 4647 2802 4720 forsan
2869 4646 3156 4720 dissidia
3170 4700 3191 4739 ,
3255 4669 3418 4720 suas
