4364 5738
1062 555 1183 617 448
2062 563 2491 626 rmnssmcl
2540 562 2886 625 ssscumm
3499 563 3666 641 [An.
3703 562 3874 624 1246.

1063 695 1151 764 tis
1185 693 1572 785 intelligere
1610 696 1898 769 faciatis.
1939 699 2245 770 Primum
2279 698 2604 771 videlicet
2635 698 2750 769 illa
2787 695 3135 791 sponsalia
3175 717 3314 789 que
3350 695 3442 768 de
3480 694 3623 768 filia
3651 708 3879 769 vestra

1061 837 1221 887 cum
1252 816 1622 890 Chunrado
1652 820 1931 893 Swevie
1957 822 2401 894 contraxistis
2439 842 2567 894 vos
2598 820 2927 893 convenit
2962 840 3329 910 revocare,
3364 830 3436 892 et
3464 841 3597 914 ego
3627 842 3875 916 procu-

1061 939 1233 1011 rabo
1264 942 1453 1034 quod
1491 942 1814 1015 dominus
1845 945 2030 1040 Papa
2062 946 2294 1018 omnia
2329 945 2447 1016 illa
2473 964 2612 1039 que
2640 965 2767 1038 per
2790 964 2919 1016 vos
2954 942 3026 1014 in
3066 942 3199 1015 hac
3230 953 3428 1038 parte
3461 954 3625 1015 sunt
3656 958 3875 1039 temp·

1062 1073 1201 1135 tata
1234 1086 1329 1137 ex
1362 1065 1632 1157 integro
1660 1069 2018 1140 revocabit
2047 1079 2119 1141 et
2150 1069 2533 1163 publicabit
2563 1089 2690 1162 per
2718 1078 2931 1140 totam
2958 1068 3439 1139 Alemanniam
3467 1067 3613 1139 suis
3638 1067 3877 1139 litteris

1060 1187 1178 1260 illa
1226 1190 1571 1283 sponsalia
1612 1211 1655 1260 a
1696 1191 2034 1286 principio
2080 1215 2220 1264 non
2274 1192 2575 1264 valuisse
2626 1212 2758 1262 nec
2807 1190 2878 1261 in
2930 1201 3284 1285 posterum
3336 1190 3426 1263 de
3465 1192 3628 1284 jure
3678 1212 3874 1286 posse

1059 1314 1319 1385 valere.
1342 1314 1433 1385 Et
1461 1336 1620 1385 cum
1651 1315 1783 1387 hoc
1811 1317 2068 1387 factum
2100 1317 2333 1408 fuerit,
2369 1316 2758 1411 procurabo
2786 1315 2978 1408 quod
3006 1314 3330 1387 dominus
3359 1336 3537 1409 papa
3560 1314 3872 1386 eamdem

1057 1435 1266 1509 filiam
1302 1448 1601 1509 vestram
1634 1438 2089 1511 nobilioribus
2119 1449 2192 1511 et
2221 1440 2598 1532 maj0ribus
2628 1438 2889 1532 nuptiis
2915 1437 3291 1532 copulabit.
3331 1440 3519 1509 Inter
3556 1458 3684 1510 vos
3717 1459 3871 1509 cum

1056 1555 1571 1649 consanguineo
1603 1567 1837 1629 vestro
1877 1558 2160 1631 domino
2201 1558 2498 1631 Henrico
2539 1557 2978 1629 serenissimo
3019 1578 3184 1649 rege
3216 1556 3557 1629 catholico
3588 1578 3868 1629 concor-

1057 1679 1251 1751 dabit
1288 1680 1381 1751 ad
1421 1691 1731 1751 vestrum
1770 1681 2212 1754 commodum
2252 1694 2324 1754 et
2362 1681 2697 1754 honorem
2718 1678 2850 1776 (l),
2885 1690 2956 1752 et
2995 1680 3373 1752 sententias
3415 1702 3541 1776 per
3571 1681 3869 1772 legatum

1056 1805 1791 1876 excommunicationis
1822 1818 1893 1910 et
1923 1806 2269 1878 interdicti
2302 1807 2373 1876 in
2409 1828 2536 1878 vos
2568 1818 2640 1877 et
2669 1815 2937 1876 vestras
2965 1815 3182 1876 terras
3214 1805 3389 1876 latas
3417 1804 3734 1876 similiter
3762 1827 3868 1877 re·

1055 1928 1357 1999 vocabit.
1398 1928 1795 1999 Secundum
1830 1929 2193 2001 consilium
2226 1941 2334 2002 est
2363 1929 2555 2023 quod
2587 1928 2645 2000 si
2676 1930 2822 2021 jam
2857 1927 3120 1999 dictum
3166 1927 3524 2000 dominum
3564 1927 3868 2000 Chunra-

1055 2033 1223 2124 dum
1269 2050 1410 2122 filie
1451 2061 1679 2124 vestre
1731 2053 1803 2122 in
1850 2053 2170 2123 maritum
2213 2053 2463 2147 cupitis
2506 2051 2840 2137 retinere,
2889 2051 3021 2123 hoc
3059 2051 3284 2123 wetiam
3324 2050 3534 2123 dante
3583 2051 3869 2123 Domino

1055 2177 1444 2269 procurabo
1471 2176 1662 2268 quod
1692 2176 2014 2247 domiuus
2040 2198 2221 2270 papa
2250 2177 2398 2270 ipsa
2420 2176 2768 2269 sponsalia
2790 2175 2935 2246 sive
2960 2174 3475 2246 matrimonium
3492 2196 3585 2245 ex
3606 2175 3867 2266 integro
3945 2187 3948 2188 ’

1054 2298 1514 2371 confirmabit.
1550 2300 1717 2371 Item
1748 2301 2136 2393 procurabo
2164 2300 2355 2392 quod
2383 2321 2510 2371 vos
2536 2311 2608 2370 et
2637 2310 2857 2370 terras
2881 2308 3145 2369 vestras
3168 2308 3238 2369 et
3263 2298 3622 2370 dominum
3642 2298 3867 2370 Chun-

1053 2424 1302 2501 radum
1333 2446 1493 2495 cum
1527 2422 1666 2494 filia
1697 2433 1929 2494 vestra
1971 2423 2041 2493 iu
2080 2446 2278 2495 suam
2307 2424 2593 2518 recipiet
2625 2423 3158 2517 protectionem,
3197 2432 3266 2493 et
3302 2443 3596 2514 regnum
3622 2421 3867 2517 Sycilie

1054 2559 1123 2618 et
1167 2568 1456 2638 regnum
1503 2546 1709 2616 etiam
1744 2546 2385 2642 lerosolymitanum
2420 2546 2744 2619 dominus
2780 2567 2960 2641 papa
2995 2555 3333 2639 quantum
3365 2546 3438 2616 in
3470 2567 3556 2619 eo
3588 2546 3717 2617 erit
3741 2545 3867 2616 sibi
3947 2592 3957 2602 ·

1053 2670 1353 2742 dimittet
1393 2679 1603 2763 atque
1648 2670 1843 2741 dabit
1885 2680 1963 2740 ut
2006 2669 2098 2741 ad
2143 2670 2479 2742 honorem
2514 2670 2817 2742 Ecclesie
2857 2669 2982 2740 Dei
3024 2670 3142 2740 illa
3182 2669 3533 2764 possideat
3563 2680 3635 2742 et
3666 2670 3733 2738 in
3770 2668 3866 2739 eis

1054 2807 1293 2886 regnet
1321 2792 1607 2890 pacifice
1636 2803 1706 2864 et
1732 2792 1994 2887 quiete,
2021 2793 2145 2864 sed
2173 2794 2641 2865 necessarium
2669 2792 2800 2865 erit
2826 2802 2905 2862 ut
2931 2801 3198 2887 patrem
3225 2814 3428 2864 suum
3453 2791 3868 2866 Fridericum

1052 2918 1406 3010 quondam
1441 2917 1925 3011 imperatorem
1960 2918 2245 2989 omnino
2277 2917 2579 2989 dimittat
2615 2919 2811 2989 velut
2852 2916 3235 2987 hereticum
3276 2927 3346 2987 et
3386 2916 3858 3010 dampnatum.

1054 3043 1227 3112 Nam
1263 3041 1627 3135 imperium
1663 3042 2051 3113 Romanum
2078 3052 2150 3112 et
2179 3040 2588 3112 Alamannie
2617 3040 2939 3112 dominus
2973 3062 3153 3135 papa
3189 3040 3471 3111 domino
3503 3040 3590 3111 H.
3623 3038 3866 3109 illustri

1055 3164 1201 3254 regi
1232 3166 1698 3235 Romanorum
1736 3184 1921 3264 nunc
1953 3163 2174 3236 electo
2201 3166 2354 3235 vult
2383 3164 2706 3235 omnibus
2733 3164 2958 3235 modis
2988 3184 3428 3252 conservare,
3463 3184 3506 3233 a
3537 3185 3677 3254 quo
3709 3183 3863 3257 pro-

1056 3290 1281 3381 posito
1316 3287 1522 3357 etiam
1560 3287 1618 3356 si
1653 3296 1836 3357 astra
1870 3288 2000 3357 celi
2041 3287 2371 3358 caderent
2414 3298 2486 3358 et
2535 3285 2817 3358 flumina
2849 3296 3285 3358 verterentur
3318 3287 3387 3356 in
3421 3287 3861 3379 sanguinem,

1055 3431 1196 3481 non
1224 3410 1529 3481 recedet.
1564 3410 1697 3481 Sed
1732 3420 1836 3481 est
1866 3432 2151 3482 necesse
2185 3424 2264 3482 ut
2293 3411 2615 3484 dominus
2653 3412 2738 3482 H.
2780 3410 3259 3483 serenissimus
3297 3410 3650 3505 quondam
3691 3411 3866 3481 lant-

1055 3534 1336 3627 gravius
1381 3534 1752 3626 Thuringie
1799 3534 1889 3604 sit
1932 3556 2062 3605 rex
2105 3537 2573 3607 Romanorum
2617 3545 2688 3606 et
2730 3534 3139 3606 Alamannie
3182 3534 3453 3605 futurus
3497 3534 3867 3628 imperator

1055 3661 1439 3745 RomanuS,
1475 3658 1653 3729 sicut
1696 3669 1769 3729 et
1817 3668 2062 3751 regnat
2100 3679 2228 3751 per
2265 3657 2390 3729 Dei
2435 3657 2728 3749 gratiam
2778 3658 2849 3727 in
2899 3658 3230 3753 presenti.
3281 3658 3550 3729 Tertius
3605 3656 3864 3729 consilii

1054 3782 1386 3854 articulus
1417 3792 1521 3853 est
1544 3781 1656 3852 cui
1686 3780 1921 3853 nescio
1951 3781 2332 3853 remedium
2366 3781 2711 3871 invenire,
2733 3803 2863 3853 nec
2893 3781 3104 3853 credo
3129 3783 3414 3874 angelos
3438 3793 3563 3853 aut
3589 3781 3865 3854 archan·

1056 3908 1251 3996 gelos
1276 3905 1591 3977 sufficere
1618 3905 1718 3975 illi
1742 3905 2033 3975 articulo
2059 3914 2139 3974 ut
2170 3925 2330 3975 eum
2365 3918 2648 3999 possent
2677 3905 2769 3977 ad
2794 3914 3104 3976 vestrum
3135 3904 3645 3998 beneplacitum
3672 3904 3864 3975 incli-

1056 4051 1254 4121 nare,
1280 4029 1607 4102 videlicet
1637 4040 1716 4099 ut
1742 4028 2126 4100 Fridericus
2152 4027 2247 4100 ad
2275 4028 2642 4123 imperium
2679 4028 2922 4101 redeat
2952 4039 3023 4100 et
3051 4027 3458 4100 Chunradus
3489 4029 3638 4120 ejus
3669 4037 3865 4099 natus

1132 4366 1205 4441 (l)
1237 4366 1317 4423 Bx
1341 4368 1427 4425 his
1452 4373 1509 4425 et
1537 4367 1892 4441 sequentibus
1925 4367 2132 4425 facilius
2157 4383 2267 4440 quo
2304 4364 2547 4442 tempore
2574 4367 2796 4442 epistola
2832 4369 3034 4443 scripta
3068 4369 3231 4426 luerit
3260 4367 3481 4442 intelligi
3514 4374 3718 4442 potest,
3746 4382 3865 4425 cum

1062 4464 1323 4521 Hsnricus
1349 4466 1528 4538 Respo
1552 4465 1608 4520 in
1636 4467 1707 4523 22
1735 4466 1893 4534 maii,
1921 4481 2051 4523 ann.
2084 4467 2244 4537 ⁴246,
2284 4465 2488 4523 electus
2520 4465 2678 4522 suerit
2703 4472 2758 4523 et
2781 4465 3061 4524 conradus
3091 4471 3150 4523 ⁴⁰
3170 4466 3259 4523 die
3285 4464 3608 4540 septembris
3632 4464 3866 4538 ejusdem

1063 4561 1192 4619 anni
1222 4560 1385 4619 tiliam
1424 4561 1577 4618 ductis
1627 4562 1885 4621 Bavariae
1919 4564 1975 4619 in
2008 4579 2230 4621 morem
2257 4563 2495 4633 duxerit,
2541 4569 2603 4619 ut
2635 4571 2855 4621 monent
2887 4564 3082 4621 Amat.
3121 4564 3401 4633 Wormat„
3433 4577 3526 4636 ap.
3560 4563 3857 4631 Bouana,

1060 4660 1283 4732 Fontes,
1306 4666 1348 4716 t.
1378 4660 1454 4730 11,
1484 4675 1539 4733 p.
1566 4662 1700 4729 ⁴853
1729 4660 2045 4718 intermedia
2065 4660 2230 4735 igitur
2254 4676 2377 4718 esse
2401 4661 2584 4719 debet.
