4364 5738
1059 613 1184 676 430
1950 657 1951 660 =
2060 614 2493 679 tammum
2544 616 2890 678 saeuum
3496 620 3661 706 [An.
3696 622 3868 685 12⁴6.

1059 745 1292 830 fidem
1341 749 1887 833 commendans
1930 750 2282 835 hortatur
2318 761 2406 833 ut
2440 774 2700 833 secum
2749 749 3060 834 viriliter
3099 760 3365 835 contra
3411 751 3872 838 Fridericum

1060 879 1439 964 insistant.

1223 1092 1429 1175 (md.
1464 1098 1576 1159 Fa.
1609 1095 1834 1172 Ihm«,
1859 1094 2005 1158 coll.
2036 1114 2325 1177 monum,
2353 1104 2403 1158 t.
2433 1097 2497 1177 1,
2518 1098 2665 1160 Lm.
2689 1098 2889 1179 prm.
2918 1104 2976 1159 et
3000 1098 3113 1159 vir.
3139 1094 3353 1179 iant„
3382 1117 3446 1178 p.
3478 1108 3624 1171 2⁴8,
3653 1108 3721 1162 η’
3746 1103 3869 1174 27.)

1153 1284 1514 1374 Henricus,
1535 1285 1661 1356 Dei
1688 1285 1910 1378 gratia
1935 1286 2403 1358 Romanorum
2431 1305 2561 1357 rex
2584 1304 2860 1379 semper
2884 1295 3245 1377 augustuS,
3267 1283 3538 1358 dilectis
3558 1283 3872 1360 fidelibus

1058 1407 1203 1479 suis
1232 1407 1605 1479 karissimis
1637 1402 1783 1504 [H.]
1816 1406 2174 1480 Advocato
2209 1407 2531 1502 potestati
2556 1407 3082 1498 Mediolanensi,
3116 1406 3404 1481 consilio
3431 1419 3504 1480 et
3532 1411 3872 1481 communi

1058 1531 1356 1602 civitatis
1385 1530 1698 1623 ejusdem
1727 1530 2019 1623 gratiam
2049 1552 2250 1602 suam
2283 1540 2355 1603 et
2371 1531 2626 1604 bonam
2656 1532 3113 1604 voluntatem.
3146 1530 3545 1625 Antequam
3568 1529 3669 1629 (a)
3699 1555 3871 1606 esse-

1059 1675 1215 1726 mus
1239 1654 1571 1749 assumpti
1600 1654 1692 1725 ad
1719 1654 1911 1724 illum
1932 1652 2028 1750 (b)
2057 1676 2270 1747 quem
2290 1656 2477 1726 Deus
2499 1655 2701 1727 nobis
2723 1655 3015 1727 contulit
3036 1655 3301 1750 apicem
3332 1656 3691 1748 dignitatis
3707 1710 3728 1748 ‚
3748 1679 3869 1730 nos

1058 1787 1297 1850 nostro
1342 1776 1531 1852 fideli
1559 1778 1889 1851 Guit‘redo
1926 1778 2014 1850 de
2049 1779 2340 1851 Habiate
2357 1775 2491 1875 (l),
2518 1779 2974 1851 ambaxatore
2999 1788 3262 1870 vestro,
3296 1779 3451 1853 viro
3483 1781 3777 1875 provido
3806 1793 3873 1854 et

1058 1903 1359 1974 discreto
1400 1923 1484 1974 ac
1520 1902 1765 1974 litteris
1803 1902 2167 1991 visitastiS,
2208 1903 2505 1996 qualiter
2536 1902 2989 1995 cognovimus
3016 1902 3376 1975 manifeste
3397 1955 3419 1994 ,
3457 1904 3637 1976 sicut
3666 1905 3870 1976 etiam

1055 2027 1257 2099 nobis
1286 2026 1479 2122 prius
1514 2026 1697 2098 fama
1732 2025 1922 2120 apud
1959 2046 2206 2098 omnes
2240 2026 2533 2098 celebris
2575 2026 2961 2116 indicabat,
2993 2026 3184 2120 quod
3216 2048 3344 2099 vos
3379 2026 3453 2097 in
3491 2028 3868 2102 devocione

1056 2160 1296 2223 sancte
1341 2149 1582 2221 matris
1623 2149 1929 2221 Ecclesie
1970 2149 2522 2221 constantissime
2569 2148 3013 2243 persistentes
3052 2149 3556 2242 promotionem
3594 2148 3870 2224 honoris

1056 2274 1274 2347 nostri
1308 2284 1381 2345 et
1414 2273 1970 2345 reformationem
2005 2272 2459 2382 imperiinon
2502 2272 2849 2345 modicum
2886 2271 3257 2362 affectatis,
3294 2295 3505 2367 super
3539 2294 3680 2366 quo
3711 2295 3865 2365 gra·

1055 2399 1317 2470 ciarum
1350 2397 1547 2470 vobis
1577 2397 1831 2469 uberes
1864 2397 2256 2503 exolvimus
2286 2396 2618 2468 actiones.
2652 2397 2978 2468 Volentes
3010 2395 3243 2488 itaque
3273 2396 3476 2468 vobis
3504 2396 3869 2469 dilectissi-

1055 2522 1187 2596 mis
1214 2519 1536 2593 fidelibus
1565 2520 1817 2592 nostris
1856 2541 1995 2615 que
2026 2530 2180 2593 acta
2213 2530 2377 2592 sunt
2407 2520 2589 2591 circa
2620 2519 3175 2592 reformationem
3205 2519 3475 2614 imperii
3502 2521 3862 2611 nunciare,

1055 2667 1183 2742 per
1224 2653 1580 2740 presentes
1625 2644 1888 2716 litteras
1926 2644 2129 2715 vobis
2170 2665 2324 2716 esse
2366 2644 2688 2715 volumus
2735 2643 3175 2715 manifestum
3215 2643 3406 2738 quod
3448 2645 3660 2715 tercia
3704 2644 3868 2716 feria

1056 2781 1213 2864 post
1275 2768 1548 2841 Domini
1597 2766 2085 2840 Ascensionem
2127 2765 2233 2863 (2)
2289 2754 2636 2861 principes
2679 2767 3006 2839 concordi
3053 2776 3126 2839 et
3166 2768 3478 2838 unanimi
3515 2770 3867 2842 voluntate

1054 2916 1186 2967 nos
1217 2895 1399 2966 circa
1430 2893 1852 2988 Herbipolim
1878 2891 1984 2989 (3)
2024 2893 2331 2965 nobilem
2370 2892 2641 2988 imperii
2681 2892 3031 2964 civitatem
3074 2894 3144 2964 in
3183 2913 3420 2985 regem
3449 2893 3766 2966 Almanie
3801 2905 3869 2966 et

1056 3018 1521 3090 Romanorum
1571 3015 1953 3109 principem
2002 3015 2388 3108 elegerunt.
2427 3016 2569 3086 Nos
2606 3036 2779 3088 vero
2827 3016 2920 3088 ob
2970 3015 3307 3088 honorem
3349 3017 3477 3088 Dei
3519 3025 3590 3087 et
3635 3028 3864 3090 sancte

1056 3140 1295 3210 matris
1339 3138 1643 3209 Ecclesie
1701 3159 1983 3209 romane
2033 3138 2252 3232 ipsam
2299 3138 2707 3211 electionem
2750 3139 3264 3234 acceptavimus
3316 3140 3388 3211 in
3437 3142 3745 3236 presenti
3788 3163 3864 3213 ac

1054 3283 1233 3334 onus
1269 3273 1337 3333 et
1365 3262 1702 3333 honorem
1729 3260 1998 3355 imperii
2026 3262 2524 3356 assumpsimus
2555 3263 2952 3352 manifeste,
2990 3262 3080 3335 de
3116 3262 3362 3335 Christi
3401 3264 3867 3337 misericordia

952 3489 969 3497 ‚
1140 3423 1222 3503 (a)
1265 3425 1337 3485 In
1364 3427 1644 3500 impresso
1671 3424 1823 3485 male
1847 3430 1983 3505 apte
2008 3443 2202 3507 quant.

1140 3526 1220 3609 (b)
1265 3530 1337 3588 In
1364 3532 1647 3606 impresso
1672 3526 1851 3591 illius.

1128 3766 1201 3839 (4)
1239 3766 1299 3821 ln
1324 3766 1586 3837 impresso
1623 3764 1687 3821 do
1714 3764 2043 3823 [labilitate.
2078 3765 2393 3824 Nominatur
2431 3782 2560 3823 vero
2601 3770 2908 3823 constanter
2933 3765 2996 3822 de
3024 3764 3262 3823 nebim
3300 3766 3356 3822 in
3387 3766 3581 3824 litteris
3609 3768 3865 3829 lunooen·

1052 3863 1112 3920 tii
1133 3862 1229 3934 IV,
1251 3862 1321 3920 ab
1349 3863 1467 3935 ipso
1494 3861 1704 3919 Hahnio
1733 3861 1982 3934 superius
2008 3862 2186 3918 editis.
2473 3924 2476 3927 ,
2961 3900 3012 3951 st!

1124 3959 1195 4034 (²)
1232 3960 1293 4017 ld
1316 3968 1400 4017 est
1427 3962 1496 4017 22
1522 3957 1714 4030 madii,
1744 3973 1867 4014 cum
1895 3957 1997 4014 hoc
2031 3974 2171 4015 anno
2203 3959 2446 4016 ascensio
2469 3958 2679 4016 Domini
2703 3960 2758 4014 in
2786 3958 2929 4016 diem
2957 3962 3031 4015 4⁹
3052 3958 3213 4031 hujus
3239 3959 3441 4016 mensis
3466 3959 3737 4017 inciderit.
3762 3960 3865 4018 Bx·

1050 4063 1130 4114 tat
1149 4056 1483 4130 privilegium
1512 4055 1672 4128 hujus
1693 4053 1908 4112 Henrici
1935 4054 2045 4129 (ap.
2075 4055 2321 4113 Hortum.
2351 4055 2538 4126 Boion,
2565 4060 2608 4112 t.
2634 4055 2814 4123 XXX,
2839 4072 2893 4129 p.
2915 4055 3040 4127 296)
3065 4054 3176 4112 dat.
3204 4055 3348 4130 apud
3374 4055 3654 4129 Hocheim,
3681 4056 3736 4115 X
3760 4056 3860 4114 kal.

1045 4154 1178 4227 junii
1208 4154 1296 4228 (23
1322 4154 1541 4226 madii),
1566 4153 1843 4210 electionis
1867 4160 2049 4210 nostre
2071 4152 2160 4210 die
2180 4154 2444 4222 secunda,
2469 4168 2610 4210 anno
2638 4152 2847 4209 Domini
2878 4154 3040 4209 ⁴246.

1120 4252 1197 4323 (3)
1235 4252 1399 4308 Circa
1418 4259 1570 4322 vero,
1600 4265 1709 4307 non
1735 4248 1900 4323 apud,
1926 4250 2054 4323 quia
2075 4256 2214 4308 teste
2239 4264 2510 4324 anonymo
2535 4249 2749 4307 Error-d.
2777 4266 2810 4305 a
2838 4251 3023 4305 Mauso
3048 4247 3263 4307 laudato
3291 4248 3348 4306 in
3375 4254 3488 4307 not.
3511 4250 3580 4309 ad
3611 4249 3862 4324 [laynam.

1050 4346 1242 4405 electio
1283 4346 1431 4423 facta·
1463 4346 1563 4404 fuit
1593 4347 1646 4403 in
1680 4346 1804 4404 villa
1836 4346 2093 4404 Hocheim
2127 4362 2295 4422 prope
2330 4346 2688 4420 Herbipolim,
2722 4345 3148 4420 repugnantibus
3182 4352 3365 4403 tamen
3397 4362 3522 4420 rege
3557 4346 3862 4418 Bohemiae,

1051 4440 1281 4500 ducibus
1320 4442 1601 4511 Bavariae,
1638 4442 1981 4512 Brabantiae‚
2018 4443 2342 4514 Brunswici,
2375 4442 2667 4515 Saxoniae,
2698 4442 3098 4500 marchionibus
3128 4442 3353 4500 Misniae
3381 4450 3438 4499 et
3473 4443 3861 4515 Brandeburgi‚

1049 4538 1337 4612 multisque
1373 4540 1493 4596 aliis
1533 4539 1863 4597 secularibus
1894 4541 2253 4616 principibus;
2294 4540 2563 4616 principes
2595 4546 2805 4598 tautum
2842 4538 3188 4599 ecclesiastici
3225 4547 3348 4599 octo
3381 4540 3469 4600 vel
3512 4556 3711 4612 novem
3744 4556 3863 4598 cum

1046 4636 1369 4710 quibusdam
1405 4636 1558 4694 laicis
1590 4636 1852 4695 inferioris
1884 4639 2083 4711 gradus
2098 4654 2395 4697 assensum
2429 4630 2675 4697 electioni
2698 4637 3081 4713 praebuerunt.
3109 4638 3264 4698 Unde
3271 4646 3284 4707 3
3299 4654 3394 4697 rex
3428 4637 3864 4713 presbyterorum

1046 4734 1313 4794 nanticus
1333 4733 1729 4809 appellabatur.
