4364 5738
603 3212 638 3307 :0⁶³7

618 3057 648 3149 ”fl

642 3068 667 3096 Β

640 3069 738 3321 ’ξ’ἓῗὲο

714 3058 778 3309 czar&

774 3072 808 3309 θερινῇ

801 3228 882 3311 2³2³

1003 618 1116 679 148
1994 623 2423 684 rmnssmcl
2473 623 2820 684 sEcuNm
3425 622 3589 701 [An.
3629 622 3801 685 1244.

997 763 1232 824 nostre
1277 755 1608 846 servitiiS,
1648 757 1719 828 in
1760 779 2057 850 quorum
2092 758 2505 829 executione
2537 777 2904 853 personam
2940 757 3092 848 ejus
3124 757 3368 828 utilem
3394 767 3467 828 et
3491 777 3807 829 necessa·

996 877 1168 948 riam
1202 879 1348 949 fore
1380 880 1800 971 censuimus,
1851 904 1894 953 a
1938 882 2230 953 transitu
2271 882 2450 975 ipso,
2496 890 2731 975 preter
2771 901 2895 951 sue
2927 879 3305 951 voluntatis
3348 881 3800 974 propositum,

994 1000 1500 1093 providerimus
1551 1004 2082 1096 retrahendum,
2139 1015 2213 1076 et
2261 1005 2523 1099 ipsum,
2584 1004 2746 1075 licet
2782 1002 3073 1074 invitum
3096 1055 3117 1092 ,
3175 1002 3688 1095 quodammodo
3735 1003 3804 1074 in

994 1123 1184 1194 curia
1217 1135 1449 1196 vestra
1480 1138 1846 1222 propterea
1878 1128 2440 1199 mandaverimus
2470 1126 2871 1220 aliquandiu
2904 1135 3366 1217 moraturum,
3402 1125 3803 1198 affinitatem

991 1262 1294 1318 vestram
1348 1250 1763 1342 requirimus
1812 1261 1884 1322 et
1940 1273 2266 1343 rogamus
2328 1261 2592 1322 attente
2648 1250 3060 1321 mandantes
3119 1258 3463 1341 quatenus
3514 1249 3802 1343 negocia

991 1371 1284 1463 predicti
1326 1355 1670 1445 fratris'in
1719 1374 2032 1469 partibus
2072 1375 2239 1469 ipsis
2283 1373 2542 1445 habere
2586 1373 2815 1444 velitis
2867 1372 2966 1445 sic
3007 1371 3375 1444 efficaciter
3428 1382 3500 1444 et
3541 1373 3801 1445 utiliter

990 1493 1511 1583 commendata,
1560 1504 1642 1565 ut
1680 1495 1846 1566 dum
1894 1495 2079 1566 idem
2132 1495 2264 1566 sub
2307 1494 2734 1589 protectione
2796 1504 3026 1566 vestra
3091 1494 3430 1584 constitit,
3487 1495 3798 1586 ejusdem

989 1615 1280 1706 negocia
1324 1617 1556 1688 votiva
1603 1629 1674 1689 et
1725 1619 2051 1691 continua
2095 1620 2472 1713 suscipiant
2520 1619 2984 1709 incrementa;
3026 1640 3293 1711 nosque
3341 1619 3538 1689 vobis
3584 1641 3793 1714 prop·

991 1746 1204 1828 terea,
1256 1740 1375 1831 qui
1427 1741 1717 1832 gratiam
1764 1742 1953 1815 dicto
2001 1743 2194 1814 fratri
2239 1742 2626 1814 faciendam
2666 1763 2876 1837 super
2924 1739 3058 1813 hoc
3110 1742 3311 1813 nobis
3360 1742 3792 1833 ascribimus,

988 1859 1386 1953 diligentius
1442 1864 1761 1957 obligetis
1810 1865 1902 1937 ad
1948 1876 2179 1958 grates
2204 1919 2225 1956 ,
2283 1877 2353 1937 et
2406 1867 2689 1937 fratrem
2744 1864 3044 1936 eundem
3070 1918 3090 1955 ,
3143 1864 3263 1956 qui
3326 1865 3506 1936 fame
3565 1875 3792 1938 vestre

985 1986 1291 2078 vulgaris
1323 1988 1579 2060 relator
1610 1988 1874 2079 existit,
1912 1988 2340 2062 devotiorem
2381 1988 2644 2060 faciatis
2678 1988 2771 2060 ad
2806 1997 3038 2060 vestra
3069 1987 3349 2060 servitia
3383 1987 3472 2059 de
3508 1987 3787 2060 devoto.

1434 2298 1690 2306 —-
1705 2298 2052 2306 ...ἣ-,Ἢ
2067 2299 2126 2306 —-
2147 2300 2185 2305 —-
2198 2299 3035 2307 ———--———--—-——-——
3050 2298 3333 2308 -..φ-..-

1770 2572 1994 2633 ΑΝΝΟ
2047 2573 2250 2634 1244.
2291 2608 2372 2620 —-
2405 2574 2895 2635 INDICTIONE
2945 2574 3005 2636 2.

1083 3042 1536 3148 FridericuS,
1575 3046 2092 3130 Romanorum
2129 3049 2572 3158 imperator,
2605 3049 2684 3130 in
2721 3048 3058 3132 favorem
3093 3047 3496 3131 hominum
3536 3047 3775 3129 Castri

976 3173 1225 3257 Plebis
1274 3175 1490 3284 juxta
1537 3177 1929 3261 Perusium
1989 3179 2178 3263 fines
2242 3181 2594 3264 territorii
2651 3182 2750 3264 ad
2808 3207 2938 3263 eos
2988 3180 3427 3289 pertinentis
3482 3177 3782 3261 descri-

976 3305 1128 3412 bit,
1179 3307 1710 3419 immunesque
1770 3313 1981 3394 omni
2044 3341 2271 3397 onere
2332 3314 2731 3397 denuntiat
2791 3340 2837 3396 a
2881 3338 3368 3423 quocumque
3409 3311 3779 3420 exigendo

975 3443 1373 3548 praecipue
1421 3440 1520 3523 ab
1567 3442 1869 3526 Andrea
1904 3455 1980 3527 et
2014 3445 2439 3554 Uguccione
2473 3446 2880 3530 comitibus
2918 3446 3013 3528 de
3049 3445 3393 3555 Plegario
3429 3444 3783 3554 prodito-

974 3571 1188 3655 ribus
1225 3575 1408 3656 suis,

1138 3786 1380 3866 (lnedlt.
1412 3791 1475 3849 ln
1501 3791 1726 3851 archiv.
1754 3807 1972 3851 comm.
2004 3792 2274 3866 senens..
2306 3797 2575 3857 sev-mure
2602 3792 2754 3855 della
2782 3791 3069 3871 Balzana,
3092 3802 3159 3854 n⁶
3190 3801 3290 3867 20,
3318 3808 3393 3853 ex
3420 3794 3586 3871 eopia
3608 3791 3778 3852 ehar-

1209 3900 1375 3956 tacea
1402 3896 1756 3972 exemplaris
1781 3897 2191 3978 authenticati,
2222 3904 2462 3980 gravius
2488 3909 2688 3962 tamen
2714 3899 3023 3979 corrupti.)

1068 4083 1147 4154 In
1204 4083 1484 4155 nomine
1542 4082 1841 4154 Domini.
1895 4083 2147 4155 Amen.
2207 4086 2350 4156 Hec
2394 4095 2500 4157 est
2550 4086 2749 4180 copia
2803 4085 2950 4157 sive
3009 4092 3361 4178 sumptum
3420 4080 3778 4174 cujusdam

971 4205 1313 4299 privilegii
1358 4207 1734 4301 imperialis
1775 4208 2034 4302 reperti
2070 4208 2144 4280 in
2194 4209 2503 4283 archivio
2553 4211 2701 4283 sive
2753 4209 3035 4305 publico
3084 4217 3156 4279 et
3199 4206 3547 4278 autentico
3598 4215 3777 4277 terre

972 4328 1188 4400 Castri
1234 4328 1460 4399 Plebis
1473 4382 1494 4419 ,
1553 4330 1870 4423 producti
1921 4352 2157 4403 coram
2205 4333 2483 4427 egregio
2525 4332 2810 4405 doctore
2865 4332 3302 4404 decretorum
3341 4328 3623 4402 domino
3669 4328 3774 4398 Si·

972 4470 1179 4523 mone
1233 4449 1531 4544 Philippi
1574 4452 1833 4526 vicario
1871 4456 2177 4547 generali
2227 4457 2595 4529 reverendi
2643 4457 2715 4528 in
2750 4456 3014 4529 Christo
3066 4455 3280 4551 patris
3324 4451 3590 4526 domini
3629 4451 3777 4545 epi-

971 4572 1163 4669 scopi
1217 4571 1471 4645 Clusini
1525 4595 1652 4669 per
1696 4577 2112 4670 prudentem
2166 4581 2394 4652 virum
2442 4579 2920 4655 Anthoninum
2974 4578 3064 4651 de
3111 4575 3431 4650 Robolini
3474 4575 3565 4648 de
3615 4574 3775 4647 Cas·

974 4706 1081 4771 tro
1136 4694 1402 4788 Plebis,
1470 4695 1814 4771 sindicum
1878 4709 1948 4772 et
2009 4712 2528 4796 procuratorem
2582 4701 3021 4775 comunitatis
3084 4699 3270 4773 dicte
3329 4708 3511 4771 terre
3566 4696 3779 4771 Castri
