4364 5738
1019 604 1142 666 272
1905 669 1911 674 ,
2019 602 2451 664 rnlnssluct
2499 601 2847 664 SECUNDI
3457 603 3624 681 [An.
3658 604 3835 667 12⁴5.

1017 737 1442 809 demandare
1469 737 1798 831 quodque
1828 738 2045 833 ipsius
2079 736 2410 832 principis
2436 736 2508 806 in
2537 735 2669 808 hac
2694 745 2889 832 parte
2916 736 3118 808 nobis
3143 737 3558 810 rescriberes
3583 742 3835 813 volun·

1015 853 1232 964 tatem
1245 888 1266 951 ;
1318 870 1390 932 et
1443 861 1648 933 certis
1695 861 2009 956 personis
2058 861 2306 932 litteris
2342 861 2595 933 nostris
2641 861 3070 951 injunximus
3110 881 3284 954 quas
3332 884 3461 958 per
3507 863 3836 935 dilectum

1015 982 1231 1054 filium
1257 984 1538 1054 fratrem
1567 985 1622 1054 1.
1649 984 1737 1055 de
1754 985 2015 1057 Boiano
2039 984 2449 1055 familiarem
2473 993 2788 1056 nostrum
2815 984 3146 1056 duximus
3167 984 3640 1076 destinandaS,
3667 987 3838 1058 alias

1018 1107 1140 1178 tibi
1188 1128 1396 1201 super
1442 1106 1576 1178 lioc
1623 1108 1885 1179 litteras
1924 1108 2327 1200 dirigendO,
2373 1117 2452 1178 ut
2491 1108 2549 1178 si
2595 1108 2821 1179 dictus
2857 1107 3181 1203 princeps
3231 1118 3486 1180 terram
3529 1110 3832 1181 Ecclesie

1014 1231 1442 1319 restitueret,
1477 1229 1698 1323 ipsam
1733 1240 1970 1302 nostro
1997 1230 2277 1302 nomine
2310 1231 2618 1325 recipere
2647 1239 3125 1325 procurarent.
3159 1230 3261 1300 Tu
3296 1251 3466 1303 vero
3493 1230 3665 1302 nihil
3691 1252 3838 1303 cer-

1015 1363 1160 1424 tum
1190 1375 1399 1447 super
1429 1352 1564 1422 hiis
1595 1353 1872 1447 penitus
1907 1353 2348 1449 rescripsisti,
2389 1352 2516 1424 sed
2548 1352 2739 1445 quod
2774 1353 2865 1424 ad
2894 1352 3594 1448 compromittentium
3625 1375 3835 1449 super

1010 1476 1291 1567 negotio
1335 1476 1880 1548 Lombardorum
1923 1477 1995 1546 in
2038 1497 2166 1548 nos
2214 1485 2284 1546 et
2334 1476 2674 1568 quosdam
2718 1477 2891 1548 alios
2935 1476 3232 1548 arbitros
3276 1476 3463 1549 idem
3509 1477 3829 1572 princeps

1010 1599 1261 1671 obtulit
1295 1619 1368 1668 se
1399 1607 1749 1691 paratum,
1796 1599 2214 1693 excepitque
2249 1620 2491 1692 pacem
2519 1599 2913 1672 Constantie
2946 1620 3155 1692 quam
3184 1620 3552 1694 semperse
3586 1601 3829 1672 asserit

1010 1721 1400 1816 excepisse3
1454 1742 1536 1792 ac
1579 1731 1660 1792 ut
1706 1722 2133 1817 principibus
2182 1722 2453 1816 imperii
2512 1731 2583 1792 et
2630 1722 2784 1793 aliis
2843 1722 3111 1793 clericis
3167 1732 3239 1794 et
3281 1722 3473 1793 laicis
3519 1723 3825 1817 plenarie

1007 1853 1313 1916 nostram
1349 1844 1791 1915 restituamus
1825 1845 2119 1937 gratiam
2154 1845 2227 1915 in
2270 1865 2550 1916 omnem
2587 1853 2916 1916 eventum
2956 1845 3304 1939 exposcit3
3345 1843 3435 1915 de
3470 1845 3725 1938 quibus
3754 1846 3823 1916 in

1008 1969 1320 2063 predicta
1359 1969 1580 2039 forma
1617 1968 1810 2063 pacis
1848 1968 2110 2039 mentio
2150 1969 2387 2062 aliqua
2426 1989 2568 2040 non
2611 1966 2911 2039 habetur
2949 1988 3083 2039 nec
3120 1977 3349 2040 tecum
3389 1969 3825 2040 meminimus

1005 2113 1133 2164 nos
1172 2102 1525 2164 tractasse.
1563 2092 1652 2162 Et
1690 2113 2087 2184 quanquam
2119 2091 2284 2164 olim
2329 2093 2401 2164 in
2431 2101 2723 2164 tractatu
2761 2092 2951 2185 pacis
2986 2112 3113 2186 pro
3145 2090 3353 2183 hujus
3392 2092 3822 2165 restitutione

1001 2217 1223 2309 gratie
1260 2216 1614 2311 predictus
1654 2215 1978 2311 princeps
2018 2217 2211 2311 apud
2253 2238 2384 2288 nos
2422 2216 2661 2287 instari
2706 2215 2980 2305 fecerit,
3025 2236 3471 2309 nequaquam
3512 2227 3742 2288 tamen
3781 2238 3822 2288 a

1001 2340 1443 2443 nobispotuit
1461 2340 1786 2429 obtineri,
1809 2362 1968 2411 cum
1991 2361 2123 2411 nec
2147 2341 2417 2411 clericis
2443 2361 2574 2411 nec
2601 2339 2793 2410 laicis
2819 2361 3032 2435 penas
3054 2340 3444 2434 spirituales
3471 2341 3820 2413 remittere

1000 2464 1435 2557 aliquatenus
1461 2463 1938 2553 intendamus;
1967 2463 2153 2534 unde
2182 2465 2557 2557 plurimum
2587 2484 2954 2558 possumus
2987 2463 3337 2535 admirari.
3364 2465 3619 2535 Verum
3656 2465 3817 2557 quia

999 2607 1244 2681 pacem
1293 2587 1641 2678 diligimus
1687 2596 1758 2656 et
1806 2585 2223 2657 discordiam
2265 2587 2582 2680 cupimus
2636 2586 2935 2675 evitare,
2985 2596 3502 2680 acceptaremus
3550 2587 3811 2677 adhuc,

998 2710 1056 2781 si
1087 2721 1509 2782 memoratus
1540 2709 1864 2804 princeps
1896 2730 2139 2804 pacem
2168 2711 2377 2802 juxta
2405 2712 2741 2803 prefatam
2781 2710 3071 2781 formam
3103 2709 3474 2781 observare
3506 2710 3816 2782 studeret

997 2843 1069 2906 et
1116 2843 1253 2905 tam
1295 2833 1482 2905 viros
1524 2832 2025 2905 ecclesiasticos
2064 2854 2275 2925 quam
2320 2833 2492 2905 alios
2537 2832 2658 2927 qui
2702 2833 3008 2906 Ecclesie
3057 2832 3483 2906 adheserunt
3522 2843 3594 2904 et
3636 2834 3812 2907 deti-

995 2966 1251 3027 nentur
1292 2956 1383 3026 ab
1424 2956 1576 3049 ipso
1617 2956 1911 3049 captivi,
1950 2956 2410 3027 redderentur
2442 2956 2776 3046 libertati,
2810 2978 2970 3027 cum
3009 2956 3179 3027 alias
3220 2977 3363 3049 pax
3402 2956 3501 3027 eis
3531 2956 3810 3028 minime

849 3134 860 3143 ,
997 3078 1197 3150 reddi
1234 3077 1614 3165 videretur,
1672 3098 1755 3148 ac
1815 3088 2063 3148 terram
2112 3079 2418 3150 Ecclesie
2461 3077 2822 3149 restituere
2882 3100 3023 3150 non
3073 3076 3412 3168 differret3
3476 3078 3571 3149 ita
3623 3078 3811 3171 quod

994 3199 1392 3290 hujusmodi
1421 3212 1559 3269 tam
1597 3200 2031 3293 captivorum
2063 3223 2271 3294 quam
2314 3213 2493 3273 terre
2528 3200 2869 3272 restitutio
2910 3210 3146 3295 posset
3183 3200 3275 3272 ad
3312 3213 3616 3273 nostram
3650 3222 3807 3297 per-

994 3322 1236 3395 venire
1288 3321 1602 3393 notitiam
1655 3332 1816 3394 ante
1863 3324 2233 3395 concilium
2282 3346 2326 3395 a
2371 3323 2608 3416 nobis,
2660 3334 3015 3396 annuente
3062 3324 3396 3415 Domino,
3451 3324 3807 3395 celebran-

995 3446 1201 3536 dum,
1253 3445 1325 3516 in
1363 3466 1504 3539 quo
1545 3458 1963 3541 postponere
2004 3468 2144 3518 non
2182 3448 2564 3543 poterimus
2602 3448 2771 3541 quin
2807 3469 3018 3544 super
3050 3447 3136 3519 iis
3168 3458 3255 3520 et
3282 3447 3435 3520 aliis
3473 3457 3681 3543 prout
3717 3446 3805 3519 de

986 3569 1146 3659 jure
1179 3568 1387 3641 fuerit
1415 3568 1898 3664 procedamus.
1933 3569 2289 3661 Ceterum,
2326 3571 2474 3643 sive
2511 3571 3015 3643 restitutionem
3044 3571 3367 3646 eamdem
3398 3568 3548 3643 fieri
3583 3569 3802 3642 conti-

990 3693 1171 3785 gerit
1201 3697 1346 3765 sive
1379 3713 1518 3763 non
1535 3746 1562 3783 ,
1587 3693 1680 3765 ad
1707 3714 1835 3763 nos
1860 3693 2196 3765 accedere
2229 3714 2374 3765 non
2400 3694 2704 3766 omittas.
2754 3766 2759 3777 ,

1084 3819 1337 3890 Datum
1368 3817 1722 3909 Lugduni,
1760 3817 1819 3887 11
1844 3816 2180 3889 kalendas
2205 3817 2368 3889 maii
2388 3870 2408 3907 ,
2442 3838 2628 3890 anno
2655 3818 2745 3889 11.

2347 4112 2445 4185 ΙΙ.

1082 4311 1521 4384 Innocentius
1559 4312 1960 4407 episcopus,
2012 4333 2256 4384 servus
2302 4333 2663 4384 servorum
2702 4312 2859 4402 Dei,
2914 4310 3294 4383 venerabili
3338 4311 3626 4383 fratri...
3671 4331 3795 4406 pa-

987 4432 1279 4504 triarche
1309 4434 1742 4508 Antiocheno
1775 4437 2105 4528 salutem,
2141 4414 2284 4507 etc.
2323 4435 2752 4507 Presentium
2786 4434 2911 4507 tibi
2947 4434 3355 4507 auctoritate
3388 4435 3798 4523 mandamus

984 4566 1328 4648 quatenus
1353 4557 1647 4652 principi
1672 4580 1765 4629 ex
1793 4568 1987 4653 parte
2023 4569 2261 4629 nostra
2291 4558 2662 4631 denunties
2682 4557 2870 4650 quod
2899 4578 3113 4650 quam
3138 4558 3275 4630 cito
3300 4544 3390 4629 de
3420 4557 3798 4646 manifestis

980 4678 1258 4752 offensis
1289 4701 1417 4776 pro
1460 4680 1715 4773 quibus
1754 4680 2394 4753 excommunicatus
2439 4703 2591 4754 esse
2640 4680 3071 4773 dignoscitur
3112 4681 3552 4774 satisfecerit,
3601 4692 3675 4753 et
3708 4680 3796 4753 de
