4364 5738
989 536 1116 597 242
1987 532 2416 597 nmmum
2465 532 2812 596 saeuum
3427 531 3591 613 [An.
3626 530 3801 596 1244.

993 669 1268 765 imperii
1307 669 1380 740 in
1416 666 1722 741 Mai-chia
1749 666 2089 741 vicarium
2109 671 2536 760 generalem,
2566 667 2904 741 dilecmm
2925 663 3204 740 fidelem
3230 675 3570 758 nostmm‚
3604 687 3805 740 man·

997 794 1316 866 (lavimus
1377 791 1788 864 faciendam.
1855 791 2008 877 Qua
2065 814 2199 887 per
2249 814 2414 866 eum
2462 794 2643 865 facta
2702 801 2779 864 et
2835 798 3073 863 nostre
3121 790 3313 862 curie
3370 800 3801 886 presentata,

994 915 1366 1011 assumptis
1414 914 1673 987 exinde
1729 914 2061 1006 rubricis,
2104 937 2233 1011 per
2276 917 2552 1010 judices
2588 935 2841 1008 magne
2890 913 3082 986 curie
3125 922 3360 985 nostre
3405 915 3614 1005 juxta
3668 915 3805 988 for·

999 1063 1183 1114 mam
1217 1038 1325 1136 (t)
1357 1041 1718 1112 inventum
1751 1046 2037 1111 estesse
2068 1042 2438 1135 probatum
2472 1040 2667 1134 qnod
2703 1039 3126 1135 temporibus
3152 1038 3266 1111 avi
3296 1046 3370 1111 et
3397 1039 3611 1133 patris
3636 1058 3805 1114 11oe-

1002 1167 1089 1238 t.ri
1116 1165 1333 1238 felicis
1369 1163 1702 1235 memorie
1733 1161 2049 1235 homines
2073 1163 2384 1238 Civitatis
2412 1165 2610 1236 Nove
2658 1172 2927 1235 tantum
2960 1171 3036 1234 et
3073 1182 3215 1234 non
3243 1161 3362 1233 alii
3388 1161 3535 1233 sine
3567 1182 3807 1236 eomm

999 1289 1357 1360 voluntate
1384 1286 1712 1358 emebant
1746 1294 1819 1357 et
1856 1286 2260 1359 vendebant
2292 1286 2689 1360 bominibus
2729 1285 3170 1358 venientibus
3204 1306 3367 1356 cum
3406 1284 3703 1358 navibus
3738 1286 3807 1360 in

999 1412 1151 1506 ripa
1180 1410 1488 1483 Civitatis
1514 1410 1707 1481 Nove
1738 1430 1783 1481 a
1818 1409 2102 1481 flumine
2123 1411 2345 1483 Cienti
2374 1432 2595 1504 usque
2620 1410 2713 1483 ad
2734 1408 2991 1481 flumen
3016 1409 3112 1481 de
3143 1410 3373 1480 Insula
3397 1408 3548 1481 sine
3574 1408 3808 1502 aliquo

1002 1535 1216 1606 datio.
1255 1535 1618 1605 Inventum
1648 1542 1753 1603 est
1783 1533 1992 1604 etiam
2024 1544 2094 1604 et
2124 1534 2489 1627 probatum
2532 1533 2723 1626 quod
2753 1532 2945 1605 curia
2983 1532 3097 1603 vel
3133 1532 3368 1603 nuncii
3404 1532 3596 1605 curie
3636 1531 3807 1606 nihil

1004 1657 1356 1728 habebant
1412 1655 1838 1750 temporibus
1891 1657 2303 1750 supradictis
2356 1658 2447 1729 ab
2498 1656 2894 1730 hominihus
2942 1655 3249 1727 Civitatis
3302 1656 3537 1746 Nove,
3586 1656 3718 1729 sed
3766 1676 3808 1727 a

1003 1782 1340 1853 navibus:
1380 1779 1478 1850 sic
1508 1778 1834 1850 videlicet
1865 1779 2056 1872 quod
2093 1780 2151 1850 si
2185 1790 2334 1851 erat
2374 1801 2621 1871 magna
2666 1780 2864 1850 navis
2894 1779 3106 1850 dabat
3147 1778 3402 1851 nuncio
3450 1779 3642 1851 curie
3687 1799 3812 1873 per

1004 1927 1251 2001 parum
1295 1923 1507 1974 unam
1554 1903 1798 1973 libram
1846 1903 2103 1997 piperis
2158 1914 2230 1975 et
2277 1925 2495 1974 unum
2536 1902 2836 1975 thorium
2886 1901 3022 1998 (2),
3067 1902 3201 1974 alie
3236 1923 3452 1998 parve
3491 1902 3811 1974 navicule

1003 2028 1284 2122 quando
1307 2027 1546 2098 decem
1569 2027 1852 2115 solidOS,
1883 2027 2164 2119 quando
2198 2028 2534 2121 quinque,
2562 2027 2946 2098 secundum
2974 2027 3165 2119 quod
3198 2034 3398 2097 erant
3427 2046 3679 2119 magne
3697 2027 3811 2098 vel

1004 2173 1242 2247 parve.
1280 2151 1420 2222 Nos
1451 2160 1683 2221 autem
1712 2149 1900 2244 apud
1933 2171 2142 2242 quem
2176 2150 2386 2242 digna
2424 2150 2834 2222 devotorum
2873 2150 3137 2243 premia
3173 2159 3629 2244 reponuntur,
3654 2169 3815 2247 pre·

1005 2276 1348 2348 dictorum
1394 2272 1704 2344 fidelium
1743 2283 2135 2345 nostrornm
2173 2274 2708 2367 supplicationes
2748 2273 2839 2344 ad
2875 2272 3338 2345 exauditionis
3376 2282 3613 2344 nostre
3654 2293 3814 2364 gra·

1003 2400 1171 2472 tiam
1215 2397 1584 2489 benignius
1631 2396 2110 2486 admittenteS,
2162 2398 2600 2469 attendentes
2643 2418 2922 2491 quoqne
2966 2407 3163 2488 grata
3217 2407 3290 2469 et
3336 2405 3621 2492 accepta
3664 2417 3812 2468 ser·

1001 2523 1169 2594 vitia
1205 2542 1341 2612 que
1377 2520 1672 2615 predicti
1712 2520 2077 2590 consilium
2119 2529 2196 2590 et
2228 2541 2594 2592 commune
2628 2519 2872 2592 fideles
2916 2520 3138 2592 nostri
3178 2520 3379 2592 nobis
3416 2531 3489 2592 et
3524 2520 3813 2616 imperio

1005 2645 1474 2717 exhibuerunt
1514 2642 1851 2713 hactenus
1892 2653 1963 2714 et
2003 2643 2288 2714 exibere
2318 2652 2647 2738 poterunt
2682 2644 2756 2715 in
2793 2651 2994 2714 antea
3028 2643 3369 2735 gratiora,
3408 2643 3498 2715 de
3536 2642 3813 2715 munifi-

1005 2769 1231 2840 centie
1271 2780 1504 2839 nostre
1543 2767 1763 2858 gratia
1792 2767 1953 2858 jura
1991 2776 2061 2837 et
2091 2767 2629 2838 consuetudines
2671 2766 3100 2862 supradictas
3139 2767 3270 2839 sibi
3324 2777 3395 2838 et
3441 2766 3815 2840 heredibus

1007 2892 1149 2963 suis
1179 2891 1252 2961 in
1279 2900 1692 2986 perpetuum
1726 2889 2055 2961 duximus
2088 2889 2596 2982 confirmanda,
2630 2891 3007 2963 dummodo
3045 2891 3116 2961 in
3152 2889 3291 2963 fide
3325 2912 3408 2963 ac
3444 2890 3814 2965 devotione

1007 3024 1243 3085 nostra
1278 3024 1348 3085 et
1381 3012 1649 3107 imperii
1688 3022 2161 3105 perseverent,
2197 3012 2509 3105 predicto
2533 3013 2689 3103 jure
2722 3024 2960 3085 nostro
2991 3024 3063 3085 et
3090 3014 3358 3112 imperii
3387 3014 3457 3085 in
3490 3014 3816 3110 predictis

1009 3137 1331 3208 omnibus
1391 3146 1771 3206 reservato,
1823 3137 2219 3206 Statnentes
2268 3145 2340 3206 et
2387 3136 2725 3232 imperiali
2766 3138 3155 3209 sancientes
3210 3137 3440 3209 edicto
3473 3148 3816 3232 quatenus

1008 3260 1200 3329 nulla
1232 3278 1530 3354 persona
1557 3257 1696 3327 alta
1725 3258 1836 3327 vel
1865 3256 2170 3349 humiliS,
2200 3258 2658 3331 ecclesiastica
2680 3261 2793 3331 vel
2827 3260 3185 3350 secularis,
3219 3261 3451 3333 nullus
3475 3261 3813 3352 marchio,

1009 3391 1314 3477 potestas
1345 3382 1492 3452 sive
1530 3390 1782 3472 rector,
1828 3381 2191 3452 consilium
2237 3403 2368 3454 nec
2406 3403 2775 3454 commune
2812 3393 3051 3455 contra
3089 3385 3430 3479 presentis
3476 3385 3818 3480 privilegii

1011 3505 1225 3577 nostri
1262 3516 1569 3576 tenorem
1600 3526 1775 3575 ausu
1815 3506 2179 3576 temerario
2212 3506 2451 3577 venire
2491 3515 2869 3602 presumat.
2915 3507 3117 3592 Quod
3161 3508 3282 3601 qui
3322 3509 3817 3604 presumpserit

1007 3638 1243 3726 preter
1291 3628 1832 3720 indignationem
1876 3630 2093 3701 nostri
2138 3630 2458 3701 culminis
2506 3652 2714 3724 quam
2773 3631 3112 3722 incurret,
3169 3641 3448 3704 centum
3499 3631 3817 3704 marchas

1007 3753 1274 3846 argenti
1307 3774 1435 3848 pro
1470 3774 1651 3848 pena
1688 3763 2089 3847 componat,
2129 3754 2501 3826 medietate
2531 3776 2804 3826 camere
2834 3764 3107 3847 nostre,
3146 3756 3412 3851 reliqua
3450 3757 3672 3852 passis
3702 3757 3814 3829 in·-

996 3878 1255 3970 juriam
1289 3875 1731 3973 applicanda.
1775 3876 1889 3948 Ad
1931 3876 2142 3969 hujus
2169 3884 2406 3948 autem
2442 3876 2979 3950 confirmationis
3013 3887 3248 3950 nostre
3289 3881 3694 3953 memoriam
3738 3890 3815 3952 et

1006 4002 1220 4072 robur
1243 4010 1585 4097 perpetuo
1624 4001 2035 4089 valiturum,
2083 4022 2374 4096 presens
2415 4002 2852 4097 privilegium
2883 4000 3033 4074 fieri
3072 4013 3145 4075 et
3178 4003 3406 4095 sigillo
3440 4003 3818 4096 majestatis

1009 4134 1242 4196 nostre
1263 4124 1601 4215 jussimus
1628 4123 2063 4195 communiri.

1083 4446 1155 4518 (t)
1191 4446 1320 4504 Inde
1345 4447 1512 4521 liquet
1550 4456 1732 4507 vetera
1775 4457 1983 4526 regesta
2021 4454 2586 4527 computationumque
2621 4455 2823 4513 rotulos
2850 4456 2905 4512 in
2938 4455 3198 4529 imperiali
3237 4455 3388 4512 curia
3421 4460 3728 4513 asservatos
3762 4463 3819 4512 et

1006 4557 1134 4600 cum
1156 4557 1291 4615 opus
1314 4543 1530 4602 adesset
1550 4547 1839 4619 requisitos
1868 4548 2055 4606 fuisse.

1079 4650 1153 4725 (Ξ)
1188 4651 1303 4709 Vox
1321 4651 1544 4711 tanim
1568 4662 1848 4730 oerrupta,
1873 4657 1980 4715 nisi
2007 4665 2187 4716 tmen
2214 4658 2496 4732 legendnm
2522 4659 2593 4718 sit
2612 4666 2670 4717 σε
2698 4676 2869 4718 nom
2890 4659 3091 4718 thuris.
