4364 5738
1002 583 1124 649 ss
1997 587 2429 653 multum
2475 589 2829 653 suenum
3438 591 3605 670 [Ami.
3638 592 3819 656 1255.

1007 718 1287 800 tionem
1337 717 1636 802 abbatis
1695 718 1949 802 Sancti
2000 720 2411 806 Salvatoris
2465 722 2562 805 de
2613 720 2865 806 Monte
2921 718 3223 803 Amiato
3281 726 3508 804 testes
3566 747 3824 806 eoram

1006 875 1086 933 se
1130 852 1383 934 venire
1421 850 1644 934 faciat
1687 859 1763 933 et
1818 853 2077 936 audiat
2127 879 2358 965 super
2408 853 2747 938 articulis
2795 853 2880 934 in
2928 852 3215 936 eisdem
3258 852 3527 937 litteris
3570 855 3824 939 inter-

1002 983 1234 1066 clusis
1269 1009 1797 1093 responsuros,

1163 1184 1411 1263 (Inedlt.
1441 1203 1518 1247 ex
1546 1186 1822 1265 original.
1853 1181 2123 1266 pergam.
2154 1191 2219 1250 in
2246 1190 2488 1252 archivo
2512 1191 2817 1269 diplomat.
2844 1189 3105 1251 Floreat.
3137 1185 3488 1266 asservato.)

1098 1356 1177 1426 In
1227 1355 1507 1427 nomine
1556 1356 1856 1428 Domini.
1904 1358 2154 1429 Amen.
2205 1358 2280 1430 In
2329 1360 2678 1454 presentia
2730 1359 2870 1430 mei
2913 1356 3162 1429 notarii
3206 1365 3279 1427 et
3328 1354 3604 1427 testium
3656 1356 3823 1426 sub-

1000 1478 1412 1572 scriptorum
1473 1478 1872 1551 M'anfredus
1931 1481 2346 1554 venerabilis
2412 1483 2629 1554 abbas
2690 1480 2925 1554 Sancti
2988 1478 3366 1551 Salvatoris
3439 1477 3529 1550 de
3588 1478 3821 1551 Monte

1001 1602 1275 1672 Amiato
1331 1602 1756 1696 presentavit
1819 1602 2102 1675 domino
2169 1604 2487 1699 Philippo
2544 1604 2635 1676 de
2693 1603 3084 1675 Brundusio
3158 1599 3495 1694 quasdam
3560 1600 3822 1672 litteras

1002 1726 1271 1796 clausas
1306 1725 1637 1816 sigillatas
1668 1726 1892 1818 sigillo
1927 1727 2191 1798 domini
2237 1728 2589 1820 Frederigi
2634 1726 3101 1822 imperatorie,
3152 1726 3226 1795 in
3266 1744 3410 1818 quo
3448 1723 3672 1814 sigillo
3710 1722 3821 1794 vi·

1001 1850 1297 1921 debatur
1334 1869 1587 1944 ymago
1618 1850 1833 1945 ipsius
1879 1851 2139 1923 domini
2190 1853 2621 1947 imperatoris
2657 1853 2989 1946 impressa
3035 1850 3286 1922 sedens
3328 1849 3403 1919 in
3451 1845 3817 1937 cathedra,

1000 1974 1294 2045 dextera
1326 1995 1538 2046 manu
1576 1985 1818 2047 tenens
1855 1986 2204 2071 sceptrum
2250 1988 2323 2049 et
2362 1978 2432 2047 in
2485 1977 2759 2048 sinistra
2797 1976 3089 2070 pallam3
3128 1975 3356 2045 littere
3397 1992 3566 2045 vero
3615 1970 3820 2062 sigilli

999 2107 1198 2168 erant
1243 2124 1260 2168 ε
1326 2125 1360 2163 «
1410 2099 1807 2169 Fredericus
1873 2101 1996 2170 Dei
2051 2102 2281 2192 qratia
2337 2102 2701 2193 imperator
2762 2102 3209 2171 Romanorum
3264 2118 3519 2190 semper
3564 2116 3819 2187 anqus-

997 2233 1128 2292 ωδ.
1164 2248 1200 2287 »
1237 2215 1547 2306 Quarum
1583 2223 1965 2295 litterarum
2003 2234 2201 2296 tenor
2232 2224 2389 2296 talis
2420 2234 2573 2295 est:

1090 2345 1523 2434 FredericuS,
1558 2346 1684 2417 Dei
1724 2347 1947 2438 gratia
1982 2348 2452 2419 Romanorum
2482 2348 2883 2441 imperator,
2920 2366 3196 2439 semper
3226 2351 3587 2436 augustus,
3624 2343 3818 2414 Iero-

994 2471 1260 2564 solyme
1306 2480 1377 2540 et
1420 2469 1651 2541 Sicilie
1694 2492 1855 2560 rex,
1902 2471 2234 2563 magistro
2286 2470 2603 2566 Philippo
2654 2472 2744 2543 de
2798 2469 3189 2541 Brundusio
3237 2468 3457 2560 judici
3507 2467 3578 2539 in
3625 2465 3817 2538 vica-

993 2594 1173 2664 riatu
1206 2592 1522 2684 Pandulfi
1555 2593 1644 2664 de
1679 2595 2090 2686 Fasianella,
2127 2593 2319 2665 fideli
2356 2616 2511 2685 suc,
2549 2595 2840 2687 gratiam
2880 2615 3077 2665 suam
3116 2604 3186 2664 et
3211 2593 3467 2664 bonam
3495 2591 3817 2685 volump-

995 2726 1234 2787 tatem.
1304 2716 1479 2801 Quia
1546 2717 1616 2787 in
1675 2718 2038 2810 questione
2098 2739 2237 2811 que
2291 2718 2588 2789 vertitur
2651 2718 2723 2788 in
2782 2739 3034 2810 magna
3088 2718 3279 2788 curia
3347 2724 3584 2787 nostra
3639 2715 3820 2785 inter

989 2840 1449 2915 Mainfredum
1485 2842 1811 2914 abbatem
1853 2842 2143 2914 ecclesie
2180 2843 2414 2915 Sancti
2445 2842 2824 2916 Salvatoris
2858 2841 2946 2914 de
2978 2843 3209 2913 Monte
3245 2840 3519 2913 Amiato
3552 2860 3645 2911 ex
3675 2860 3817 2911 una

992 2975 1186 3062 parte
1244 2975 1315 3037 et
1372 2965 1928 3058 Bonamgratiam
1992 2968 2512 3061 procuratorem
2570 2965 2738 3061 Pepi
2796 2974 2870 3037 et
2925 2964 3250 3037 Friderici
3310 2964 3401 3036 de
3452 2944 3664 3036 Iacob
3724 2984 3817 3035 ex

992 3091 1235 3180 altera,
1277 3098 1485 3160 testes
1517 3098 1678 3159 sunt
1705 3111 1798 3160 ex
1832 3099 2031 3183 parte
2067 3091 2234 3162 dicti
2268 3092 2540 3162 abbatis
2581 3111 2791 3186 super
2820 3090 3209 3161 interclusis
3237 3088 3542 3159 articulis
3574 3106 3813 3158 neces-

991 3211 1175 3281 sario
1204 3210 1663 3304 producendi,
1701 3211 2010 3305 ipsorum
2040 3212 2466 3285 audientiam
2500 3215 2623 3285 tibi
2674 3214 3003 3286 duximus
3037 3214 3106 3283 in
3134 3223 3371 3284 nostra
3402 3210 3591 3283 curia
3622 3231 3816 3282 eom-

993 3333 1425 3406 mittendam.
1505 3333 1841 3419 Quocirca
1903 3334 2221 3407 fidelitati
2289 3347 2407 3409 tue
2481 3338 2930 3432 precipiendo
3001 3336 3412 3408 mandamus
3470 3344 3817 3427 quatenus

990 3476 1233 3528 omnes
1289 3466 1499 3528 testes
1543 3477 1717 3548 quos
1752 3457 1978 3529 dictus
2027 3459 2245 3531 abbas
2296 3461 2419 3531 tibi
2464 3460 2962 3548 nominaverit,
3000 3480 3209 3552 cogas
3244 3460 3374 3530 sub
3397 3465 3602 3529 'certa
3634 3477 3814 3553 pena

990 3581 1231 3652 venire
1267 3601 1501 3652 coram
1538 3589 1638 3672 te,
1682 3581 2151 3676 perhibituros
2198 3604 2407 3679 super
2442 3584 2609 3679 ipsis
2652 3584 2959 3655 articulis
2997 3583 3462 3656 testimonium
3496 3580 3770 3653 veritati
3783 3606 3808 3668 ς,

991 3724 1167 3797 quos
1213 3703 1499 3798 incipias
1546 3713 1841 3797 utraque
1886 3716 2082 3799 parte
2125 3718 2447 3801 presente
2496 3709 2610 3780 vel
2649 3710 2867 3778 altera
2911 3728 2985 3778 se
3028 3706 3525 3779 contumaciter
3558 3705 3811 3776 absen-

993 3837 1212 3916 tante,
1252 3848 1552 3921 querens
1581 3848 1623 3897 a
1656 3828 1944 3898 testibus
1973 3828 2062 3899 de
2095 3851 2333 3922 causa,
2368 3831 2624 3926 specie,
2654 3833 2835 3918 loco,
2876 3840 3185 3924 tempore
3224 3841 3292 3902 et
3325 3830 3476 3901 aliis
3514 3828 3813 3900 circum-

990 3952 1258 4023 stantiis
1289 3951 1655 4043 diligenter
1696 3960 1766 4021 et
1808 3974 2047 4023 eorum
2094 3953 2281 4025 dicta
2327 3953 2624 4027 fideliter
2666 3954 2740 4025 in
2786 3952 3058 4048 scriptis
3104 3955 3386 4028 redacta
3427 3953 3557 4024 sub
3589 3952 3812 4043 sigillo

994 4085 1111 4147 tuo
1143 4075 1234 4146 ad
1267 4074 1528 4145 curiam
1558 4085 1866 4146 nostram
1898 4077 2247 4150 destinare
2277 4099 2634 4173 procures.

1087 4199 1335 4269 Datum
1371 4200 1614 4292 Fogie,
1652 4200 1921 4272 decimo
1956 4202 2323 4291 februarii,
2362 4202 2560 4273 tertia
2598 4202 3001 4274 indictione.

1087 4323 1163 4392 ln
1194 4323 1444 4413 quibus
1473 4324 1720 4394 litteris
1748 4334 1948 4415 erant
1977 4324 2072 4395 hii
2100 4326 2371 4398 articuli
2400 4325 2777 4397 interclusi.
2817 4327 2925 4397 Hii
2954 4336 3117 4397 sunt
3148 4325 3419 4396 articuli
3447 4345 3624 4418 quos
3650 4344 3808 4419 pro-

989 4445 1159 4515 bare
1208 4420 1506 4517 intendit
1556 4449 1954 4520 Manfredus
2013 4450 2232 4520 abbas
2288 4450 2686 4521 monasterii
2734 4451 2967 4521 Sancti
3023 4448 3396 4521 Salvatoris
3441 4446 3531 4519 de
3574 4448 3807 4520 Monte

990 4567 1290 4639 Amiato.
1342 4569 1382 4660 §
1425 4569 1587 4640 Vult
1627 4573 1921 4663 probare
1960 4573 2313 4666 proposita
2357 4574 2429 4643 in
2469 4574 2733 4645 libello.
2776 4575 2818 4667 5
2857 4577 3029 4646 Item
3081 4574 3237 4647 vult
3274 4572 3575 4667 probare
3618 4571 3810 4665 quod

980 4703 1291 4765 castrum
1344 4692 1673 4786 petitum,
1721 4694 1986 4767 scilicet
2029 4706 2332 4768 oastmm
2370 4692 2566 4768 Plani
2615 4696 3037 4790 Castagnarii
3076 4698 3222 4770 sive
3253 4697 3423 4769 villa
3459 4694 3549 4767 de
3593 4691 3807 4766 Plano
