4364 5738
542 624 744 686 lunicr.
775 623 868 700 5.]
1430 611 1826 676 HISTORIA
1873 608 2470 672 DIPLOMATICA.
3248 605 3367 668 487

2892 890 2955 901 -an

653 1177 995 1286 Angelus
1038 1177 1137 1258 de
1183 1174 1451 1280 Pavia‚
1501 1172 1867 1281 magister
1910 1179 2360 1280 procurator
2406 1169 2724 1279 Apuliae
2773 1168 2853 1249 in
2904 1178 3104 1250 terra
3146 1166 3362 1270 Bari,

541 1307 804 1417 vigore
876 1308 1216 1391 mandati
1280 1305 1695 1416 imperialis
1760 1304 1981 1413 cujus
2043 1314 2261 1387 tenor
2312 1302 2699 1409 inseritur,
2752 1300 3369 1409 procuratoribus

544 1438 799 1521 curiae
861 1439 942 1519 in
1016 1436 1397 1547 Monopoli
1460 1437 1776 1518 mandat
1836 1436 2040 1544 quod
2120 1436 2584 1545 praeceptori
2656 1431 2980 1515 fratrum
3050 1433 3372 1516 Sanctae

546 1570 830 1656 Mariae
866 1571 1506 1654 Theutonicorum
1533 1570 1610 1650 in
1649 1567 1924 1678 Apulia
1956 1569 2337 1678 quasdam
2373 1568 2651 1650 domus
2689 1568 2785 1649 ad
2814 1592 3008 1674 opus
3043 1591 3369 1648 eorum-

548 1702 726 1786 dem
769 1704 974 1813 apud
1009 1701 1471 1812 Monopolim
1510 1703 1901 1810 quondam
1938 1700 2372 1784 aedificatas
2411 1699 2705 1783 restitui
2743 1698 3045 1781 faciant.

711 1927 957 2008 (incdit.
981 1946 1058 1989 ex
1075 1945 1341 2006 pergam.
1365 1928 1638 2004 originali
1665 1931 1730 1987 in
1751 1927 1992 1989 archivo
2009 1944 2134 2005 reg.
2154 1927 2447 2004 Neapolit.
2477 1935 2777 1987 asservato
2798 1933 2859 1987 et
2882 1927 3190 1988 nobiscum
3218 1925 3370 1987 llbe-

785 2036 987 2096 raliter
1021 2035 1099 2096 ab
1125 2035 1389 2113 ejusdem
1412 2035 1636 2093 archivi
1661 2049 1895 2094 summo
1919 2034 2184 2110 praeside
2210 2033 2531 2093 liberaliter
2557 2032 3039 2112 communicata.)

645 2235 753 2308 Ex
787 2255 929 2329 quo
961 2233 1268 2329 suscepit
1301 2255 1582 2305 carnem
1624 2234 1713 2307 de
1753 2233 2036 2327 Virgine
2076 2233 2406 2306 ChristuS.
2445 2232 2651 2305 Anno
2695 2232 3060 2304 millesimo
3105 2232 3372 2305 ducen-

547 2358 793 2430 tesimo
818 2356 1352 2451 quadragesimo
1384 2357 1713 2452 septimo,
1757 2357 2143 2452 imperante
2189 2356 2473 2429 domino
2515 2366 2754 2429 nostro
2799 2356 3199 2444 Frederico‚
3246 2356 3372 2428 Dei

549 2481 769 2575 gratia
824 2479 1276 2552 invictissimo
1323 2490 1394 2551 et
1441 2479 1936 2571 gloriosissimo
2000 2480 2470 2552 Romanorum
2515 2479 2931 2573 imperatore
2981 2489 3053 2550 et
3096 2499 3375 2574 semper

550 2614 885 2698 augusto,
939 2623 1125 2675 anno
1166 2603 1499 2675 vicesimo
1550 2602 1845 2697 septimo
1896 2612 1968 2673 et
2020 2625 2182 2696 rege
2235 2604 2615 2675 Jerusalem
2656 2624 2842 2675 anno
2887 2602 3216 2674 vicesimo
3261 2625 3372 2675 se·

552 2728 818 2817 cundo,
850 2748 1015 2819 rege
1044 2747 1216 2798 vero
1248 2726 1477 2798 Sicilie
1507 2747 1693 2798 anno
1724 2726 2334 2820 quinquagesimo,
2382 2748 2621 2798 mense
2651 2726 2868 2820 junii,
2914 2726 3375 2799 nonodecimo

553 2849 666 2923 die
706 2851 1052 2943 ejusdem,
1096 2851 1475 2924 indictione
1520 2850 1788 2944 quinta.
1825 2850 1968 2923 Nos
2011 2852 2234 2944 Major
2272 2850 2646 2947 imperialis
2685 2852 3072 2947 Monopolis
3105 2850 3369 2943 judex,

552 2974 943 3070 Stephanus
998 2975 1086 3047 de
1138 2976 1416 3047 Matheo
1470 2975 1817 3063 notariuS,
1868 2974 2306 3047 Grimoaidus
2352 2976 2693 3048 Naucerio
2742 2976 2831 3048 de
2869 2975 3253 3071 Citopincto
3306 2985 3378 3049 et

550 3097 832 3193 Kyrileo
872 3099 1218 3188 notarim,
1254 3100 1471 3194 ipsius
1504 3108 1684 3170 terre
1717 3099 1942 3188 cives,
1990 3099 2294 3193 presenti
2327 3099 2583 3195 scripto
2610 3100 2907 3189 fatemur
2931 3101 3377 3174 Guillelmum

553 3219 643 3291 de
676 3220 1159 3292 Palarnucerio
1193 3230 1265 3292 et
1295 3221 1643 3293 notarium
1677 3223 2144 3292 Martesanum
2181 3223 2507 3295 concives
2536 3235 2849 3314 nostroS,
2894 3235 3378 3320 procuratores

554 3364 787 3415 rerum
824 3343 1015 3414 curie
1052 3343 1124 3414 in
1159 3343 1546 3438 Monopoli,
1582 3344 1965 3415 ostendisse
2006 3343 2208 3415 nobis
2249 3345 2524 3416 lieteras
2562 3347 2663 3418 eis
2705 3348 3139 3419 transmissas
3174 3370 3217 3419 a
3249 3349 3378 3421 do·

553 3466 744 3539 mino
770 3466 1041 3557 Angelo
1068 3466 1156 3538 de
1179 3468 1387 3539 Pavia
1418 3466 1506 3538 de
1528 3468 1659 3538 Mel
1666 3467 1858 3562 phia‚
1884 3466 2226 3561 imperiali
2256 3468 2584 3559 magistro
2610 3480 3057 3562 procuratore
3086 3472 3278 3543 curie
3305 3472 3378 3542 in

556 3600 740 3662 terra
781 3590 978 3679 Bari,
1023 3590 1239 3685 ipsius
1281 3590 1544 3662 domini
1585 3589 1836 3681 Angeli
1876 3589 2103 3682 sigillo
2147 3610 2352 3662 cereo
2393 3590 2750 3684 sigillatas,
2793 3592 3103 3676 Quarum
3151 3594 3376 3666 conti-

554 3715 791 3787 nentia
825 3715 979 3786 talis
1015 3725 1209 3786 erat:

652 3838 1117 3910 Prudentibus
1145 3838 1314 3910 viris
1337 3837 1704 3909 Guillelmo
1734 3836 1824 3909 de
1860 3838 2348 3910 Palarnucerio
2382 3849 2454 3911 et
2486 3839 2757 3912 notario
2790 3838 3181 3911 Martesano
3214 3862 3378 3936 pro·

558 3963 993 4034 curatoribus
1033 3985 1267 4035 rerum
1308 3962 1497 4033 curie
1544 3961 1616 4031 in
1656 3962 2043 4058 Monopoli,
2081 3962 2321 4034 amicis
2364 3963 2542 4053 suis,
2579 3962 2889 4054 Angelus
2925 3962 3014 4033 de
3049 3963 3256 4036 Pavia
3290 3963 3379 4036 de

555 4084 899 4179 Melphia,
931 4087 1306 4182 imperialis
1346 4084 1675 4176 magister
1719 4096 2129 4180 procurator
2171 4087 2362 4187 curie
2412 4087 2482 4157 in
2535 4097 2718 4158 terra
2756 4086 2948 4176 Bari,
2982 4089 3276 4159 salutem
3311 4097 3383 4161 et

557 4228 866 4280 amorem
925 4210 1297 4282 sincerum.
1346 4207 1457 4287 Ab
1498 4208 1839 4303 imperiali
1893 4210 2308 4282 excellentia
2359 4210 2747 4304 recepimus
2795 4209 3071 4282 licteras
3124 4210 3197 4283 in
3249 4212 3383 4285 hac

558 4332 780 4403 forma
814 4356 831 4401 ε
877 4333 1317 4424 Fredericus,
1361 4332 1488 4404 Dei
1528 4331 1778 4423 gratia,
1825 4339 1995 4420 etc.,
2034 4330 2306 4423 Angelo
2336 4331 2425 4404 de
2452 4333 2695 4422 Pavia,
2743 4343 2915 4424 etc„
2953 4335 3382 4409 Venerabilis

561 4466 931 4551 preceptor
983 4457 1234 4530 domus
1284 4459 1535 4529 Sancte
1579 4455 1794 4529 Marie
1834 4454 2417 4526 Theotonicorum
2465 4455 2537 4525 in
2583 4456 2833 4551 Apulia
2874 4456 3100 4531 fidelis
3147 4470 3385 4532 noster

564 4580 891 4674 exposuit
939 4580 1292 4653 humiliter
1344 4599 1579 4652 coram
1630 4578 1869 4668 nobiS,
1918 4578 2110 4670 quod
2156 4600 2317 4650 cum
2368 4579 2618 4652 domus
2667 4581 2817 4676 ipsa
2866 4605 2910 4655 a
2968 4585 3384 4657 monasterio

566 4702 800 4776 Sancti
831 4703 969 4776 Viti
1006 4704 1095 4776 de
1131 4703 1413 4776 Polinea
1439 4702 1817 4796 quamdam
1853 4711 2107 4774 terram
2140 4702 2214 4774 in
2249 4703 2600 4799 Monopoli
2631 4705 2725 4778 ad
2752 4727 3039 4779 censum
3073 4728 3382 4781 annuum

3457 1166 3745 1278 ἔξω.
