4364 5738
544 624 756 683 huto.
780 621 874 699 5.]
1433 620 1826 682 HISTORIA
1875 620 2473 683 mnoua'rch.
3249 622 3374 684 463

548 756 734 850 pella
765 757 946 827 facta
968 765 1075 827 est
1102 765 1175 827 et
1199 755 1332 827 sub
1364 776 1604 847 regum
1628 756 1856 827 Sicilie
1883 757 2164 852 speciali
2195 756 2623 853 protectione
2654 756 2809 848 fuit,
2829 756 3087 830 idcirco
3110 758 3369 830 factum

550 889 657 951 est
697 889 778 951 ut
815 879 1024 951 iidem
1069 879 1260 974 prior
1300 889 1371 951 et
1414 879 1648 951 clerici
1692 881 1911 951 multa
1956 880 2045 952 de
2091 901 2277 953 novo
2324 880 2892 976 attemptaverint
2928 891 3170 953 contra
3207 883 3370 974 jura

548 1001 968 1098 parochialia
1000 1011 1071 1073 et
1097 1001 1403 1074 debitam
1444 1003 1947 1095 subjectionem
1975 1001 2074 1100 (a)
2107 1026 2246 1097 que
2293 1004 2585 1077 ecclesia
2627 1004 2945 1076 Barensis
2989 1005 3372 1097 antiquitus

547 1145 821 1221 semper
855 1126 928 1196 in
965 1145 1048 1196 ea
1091 1123 1417 1196 habuisse
1463 1125 1896 1218 dignoscitur
1928 1128 2059 1199 sub
2094 1127 2390 1200 ducibus
2419 1127 2670 1221 Apulie
2698 1137 2770 1199 et
2798 1127 3077 1219 regibus
3109 1129 3361 1202 Sicilie.

427 1287 434 1290 -
544 1249 686 1321 Nos
718 1248 927 1340 igitur
954 1248 1394 1320 attendentes
1429 1249 1889 1322 ecclesiastice
1921 1251 2228 1343 justitie,
2259 1251 2695 1323 declaramus
2727 1273 3055 1346 expresse
3085 1253 3367 1347 privile-

545 1371 675 1463 giis
718 1372 855 1443 illis
901 1371 1111 1467 priori
1152 1381 1223 1442 et
1258 1372 1525 1443 clericis
1556 1371 1741 1443 dicte
1787 1373 2077 1444 ecclesie
2113 1373 2348 1445 Sancti
2390 1374 2652 1445 Nicolai
2692 1374 2782 1446 de
2819 1375 2993 1446 Baro
3025 1376 3368 1448 concessis

546 1495 718 1566 nihil
747 1496 960 1566 fuisse
988 1494 1425 1587 derogatum,
1459 1496 1900 1567 imminutum
1931 1498 2045 1568 vel
2079 1497 2429 1568 sublatum
2452 1497 2726 1590 juribus
2759 1498 3268 1593 parochialibus
3298 1509 3369 1571 et

544 1639 852 1712 congrue
881 1619 1290 1711 subjectioni
1329 1641 1466 1712 que
1503 1620 2073 1715 archiepiscopali
2110 1620 2399 1691 ecclesie
2432 1630 2870 1716 competunt,
2914 1631 2985 1693 et
3023 1624 3363 1718 archiepi-

545 1763 758 1838 scopo
783 1743 1092 1832 Barensi,
1109 1754 1436 1835 tanquam
1468 1743 1703 1814 abbati
1731 1743 1964 1815 Sancti
1989 1744 2255 1816 Nicolai
2289 1743 2671 1815 secundum
2703 1745 2977 1837 Rogerii
3007 1746 3186 1837 regis
3214 1768 3368 1842 pre-

544 1876 824 1961 ceptum
861 1876 933 1937 et
961 1867 1363 1939 Barensium
1408 1888 1786 1957 consensu,
1810 1870 2000 1961 juste
2035 1868 2383 1940 debentur
2411 1868 2482 1937 in
2522 1867 2768 1939 eadem
2806 1869 3098 1940 ecclesia
3133 1872 3367 1942 Sancti

539 1991 840 2080 Nicolai;
870 2001 1308 2062 reservantes
1338 2000 1606 2062 tantum
1634 1992 1836 2063 nobis
1860 1993 1977 2082 jus
1993 1989 2088 2088 (b)
2120 1991 2567 2087 protectionis
2598 1992 2915 2086 specialis
2951 2003 3021 2064 et
3052 1996 3364 2089 cappello

544 2125 778 2186 nostre
820 2115 1164 2216 prioratus
1211 2115 1719 2210 providentiam
1767 2125 1837 2186 et
1887 2114 2288 2187 reddituum
2339 2135 2580 2186 omnes
2627 2114 2962 2206 rationes»,
3003 2116 3256 2209 quibus
3291 2119 3362 2188 in

542 2239 751 2309 rebus
787 2239 1056 2309 nullum
1088 2239 1207 2331 jus
1236 2240 1351 2310 vel
1389 2260 1729 2311 canonem
1777 2237 2338 2334 archiepiscopus
2376 2238 2696 2309 Berensis
2732 2237 3057 2309 habuisse
3096 2249 3363 2311 certum

543 2371 671 2433 est.
708 2362 818 2434 Ad
850 2363 1050 2455 cujus
1081 2361 1568 2434 declarationis
1605 2373 1676 2434 et
1710 2363 1973 2454 jurium
2018 2361 2560 2435 confirmationis
2609 2362 2821 2434 robur
2857 2371 2929 2434 et
2964 2360 3359 2435 firmitatem
3480 2364 3507 2378 '

542 2481 782 2583 [hanc]
821 2486 1150 2581 paginam
1182 2485 1389 2557 scribi
1427 2496 1498 2557 et
1529 2486 1732 2579 sigilli
1765 2486 2011 2578 nostri,
2051 2497 2186 2558 etc.
2210 2485 2344 2582 (4).

2274 2797 2287 2801 -
2303 2793 2926 2804 -..um-,—

645 3092 1130 3174 Innocentius
1180 3119 1377 3201 papa
1424 3094 1828 3201 respondet
1870 3092 2251 3176 Ludovico
2304 3093 2466 3203 regi
2512 3091 2870 3175 Franciae
2914 3094 3123 3202 quod
3174 3118 3352 3175 cum
3433 3128 3742 3226 ξξέἒῖιῶ

539 3226 846 3306 nuntios
918 3225 1016 3307 ad
1081 3250 1160 3305 se
1231 3225 1521 3306 miserit
1563 3251 1702 3332 pro
1769 3250 1954 3332 pace
2005 3226 2202 3308 inter
2273 3225 2688 3308 Ecclesiam
2755 3236 2831 3308 et
2886 3223 3349 3309 Fridericum

537 3353 932 3463 quondam
1000 3355 1517 3438 Romanorum
1576 3356 2108 3463 imperatorem
2178 3355 2715 3460 reformanda,
2782 3356 2944 3463 ipse
2995 3359 3351 3440 eumdem

536 3488 864 3595 recipere
910 3485 1220 3592 annuit,
1281 3486 1703 3569 dummodo
1743 3485 1922 3568 velit
1977 3487 2271 3570 sincero
2328 3488 2582 3569 animo
2633 3486 2731 3568 ad
2768 3486 3347 3571 ecclesiasticam

535 3620 903 3701 unitatem
953 3617 1225 3700 redire.

697 3830 905 3909 (Edld.
939 3831 1288 3905 mrum„
1316 3825 1536 3889 annal.
1571 3825 1898 3904 κακίαι,
1927 3831 2004 3891 ad
2026 3847 2163 3891 ann.
2204 3839 2381 3910 12⁴6,
2409 3831 2445 3908 S
2470 3830 2661 3908 XXV,
2690 3845 2726 3890 e
2750 3837 2958 3909 regest.
2995 3831 3198 3889 Innoc.
3234 3830 3343 3906 IV,

773 3936 878 3997 lib.
913 3935 1023 4012 IV,
1050 3945 1118 3995 n⁰
1148 3934 1273 4012 82.)

616 4120 702 4203 (a)
743 4124 813 4182 In
842 4125 1126 4199 impresso
1153 4117 1337 4180 debite
1360 4116 1749 4201 abjectionis,
1780 4121 1948 4183 male.

617 4226 697 4307 (b)
743 4228 813 4288 In
840 4231 1123 4306 impresso
1128 4227 1297 4307 jun-e.

602 4515 677 4586 (4)
713 4514 869 4572 Omni
898 4529 1001 4588 ope
1027 4514 1263 4572 destituti
1290 4531 1399 4589 qua
1417 4517 1638 4588 juvante
1671 4521 1828 4570 notas
1853 4513 2011 4587 hujus
2036 4514 2345 4571 documenti
2379 4514 2656 4573 chronicas
2680 4517 2937 4577 exhibere
2971 4521 3332 4593 potuerimus,

528 4610 673 4667 circa
697 4617 910 4684 tempus
934 4626 1042 4684 quo
1065 4611 1228 4670 luerit
1250 4612 1577 4687 praecedens
1597 4610 1909 4669 mandatum
1931 4610 2186 4667 emissum
2212 4627 2318 4668 non
2344 4611 2463 4669 sine
2489 4614 2721 4687 quadam
2746 4615 3006 4691 probabili
3027 4621 3335 4692 conjectura

531 4707 674 4764 idem
701 4706 1042 4766 inseruimus.
