4364 5738
944 576 1023 634 70
1942 570 2368 631 munemel
2419 570 2763 630 SECUNDl
3380 568 3543 646 [Anu.
3579 568 3755 630 1242.

945 728 1315 804 personam
1368 728 1523 777 cum
1585 706 1969 777 sacerdotio
2019 727 2160 777 non
2211 705 2584 794 concedat,
2645 704 3054 798 relinquitur
3112 715 3191 775 ut
3248 705 3572 775 ostendat
3621 726 3760 798 quo

939 833 1098 924 jure
1128 830 1464 925 percipiat
1495 829 1861 900 sacerdotii
1896 829 2330 922 dignitatem.
2371 830 2447 899 In
2478 850 2700 901 vacua
2729 850 2868 901 non
2896 829 3113 918 venit,
3152 828 3319 899 dum
3347 828 3548 901 vobis
3584 830 3762 901 inest

950 955 1330 1026 authoritas
1363 953 1697 1046 eligendi3
1733 974 2115 1047 usucapere
2146 975 2287 1025 non
2322 953 2570 1047 potuit,
2595 953 2755 1045 quia
2792 961 3058 1023 tantum
3090 952 3417 1046 temporis
3451 952 3760 1023 nondum

952 1078 1175 1149 fluxit.
1212 1078 1486 1171 Emptio
1520 1087 1749 1148 vestra
1786 1088 2007 1148 cessat
2044 1099 2203 1148 cum
2236 1099 2344 1147 res
2382 1098 2574 1148 sacra
2609 1076 2697 1146 sit
2724 1077 2813 1146 ab
2840 1075 3029 1146 omni
3063 1075 3460 1147 venditione
3489 1077 3761 1171 penitus

952 1199 1200 1270 aliena.
1239 1199 1473 1270 Restat
1509 1197 1716 1289 igitur
1753 1206 1832 1267 ut
1865 1197 2051 1290 quod
2096 1219 2298 1268 suum
2340 1195 2487 1268 fieri
2529 1197 2806 1288 nequit,
2843 1208 3137 1292 occupet
3176 1197 3539 1269 violenter.
3587 1197 3763 1269 Con-

952 1322 1250 1394 siderate
1289 1323 1521 1414 itaque
1561 1321 1932 1413 diligenter
1967 1342 2093 1392 vos
2122 1321 2214 1392 ad
2256 1342 2551 1412 quorum
2589 1342 2835 1392 manus
2877 1321 3154 1414 respicit
3196 1330 3380 1392 totus
3423 1320 3760 1411 mundae,

948 1447 1117 1538 quid
1158 1455 1386 1516 vestre
1436 1445 1799 1539 prudentie
1849 1445 1936 1516 sit
1981 1446 2365 1536 agendum,
2412 1443 2802 1516 firmitatem
2855 1444 3156 1536 diligite,
3203 1445 3567 1518 veritatem
3617 1466 3761 1516 ser·

953 1580 1141 1658 vate,
1178 1571 1398 1639 Deum
1445 1569 1702 1656 timete,
1747 1569 2145 1639 resistentes
2177 1569 2470 1640 viriliter
2510 1569 2832 1663 pravitati
2870 1568 2981 1639 cui
3019 1569 3222 1639 nimis
3256 1569 3434 1640 colla
3483 1569 3766 1640 submit-

960 1693 1095 1763 titis
1125 1703 1194 1763 et
1222 1693 1440 1780 ultra3
1482 1692 1605 1762 sed
1653 1692 1882 1762 dicere
1928 1694 2288 1782 nolumuS‚
2323 1714 2412 1763 ne
2457 1694 2632 1765 forte
2665 1692 3026 1763 videamur
3065 1704 3469 1784 arroganter
3509 1715 3764 1788 ponere

959 1838 1037 1888 os
1071 1814 1198 1914 [in]
1232 1817 1483 1886 celum.
1528 1816 1729 1901 Quod
1762 1817 1818 1886 si
1858 1817 2155 1908 dignitas
2195 1839 2334 1889 non
2375 1817 2538 1888 facit
2583 1817 2934 1887 hominem
2973 1817 3472 1905 reverendum,
3511 1818 3568 1887 si
3600 1839 3767 1888 con-

963 1942 1234 2033 tagione
1278 1940 1613 2011 sordescit
1647 1941 2143 2035 improborum,
2176 1942 2232 2012 si
2259 1941 2566 2033 nequitia
2601 1942 2845 2035 prelati
2873 1940 3132 2012 decidit
3162 1941 3233 2011 in
3265 1951 3762 2035 contemptum,

958 2065 1125 2159 quid
1185 2075 1397 2136 restat
1448 2066 1576 2135 nisi
1629 2065 1819 2158 quod
1874 2065 2158 2159 indigna
2209 2077 2314 2136 est
2370 2066 2684 2137 confusio
2739 2065 3137 2156 dignitatis?
3186 2066 3566 2160 Eapropter
3618 2068 3769 2137 loco

956 2190 1135 2262 Petri
1174 2191 1376 2260 talem
1418 2188 1813 2284 pontificem
1851 2189 2104 2281 eligere
2139 2191 2564 2285 procurem,
2600 2190 2718 2283 qui
2755 2190 3001 2261 merito
3028 2188 3274 2261 Christi
3306 2191 3604 2262 vicarius
3635 2190 3770 2262 dici

957 2316 1204 2411 possit,
1259 2325 1494 2409 pastor
1531 2316 1757 2385 bonus
1803 2324 1873 2384 et
1915 2313 2253 2385 firmitatis
2294 2314 2601 2384 Ecclesie
2637 2323 3105 2404 conservator,
3153 2317 3352 2407 cujus
3392 2316 3769 2409 superemi-

962 2462 1134 2511 nens
1166 2441 1440 2510 claritas
1487 2448 1555 2509 et
1597 2438 1911 2508 doctrina
1957 2440 2100 2507 sole
2149 2438 2440 2508 lucidior
2488 2439 2821 2532 populum
2869 2439 3258 2510 illuminent
3294 2438 3763 2510 christianum.

963 2565 1106 2634 Nec
1147 2586 1395 2654 magna
1449 2562 1535 2631 sit
1579 2562 1798 2632 oratio
1839 2562 2019 2631 inter
2050 2584 2178 2631 vos
2223 2571 2342 2631 aut
2383 2564 2665 2652 longum
2714 2562 3072 2633 consilium
3116 2563 3206 2634 de
3253 2563 3604 2655 predicto,
3650 2563 3773 2633 sed

970 2687 1259 2781 Spiritus
1302 2686 1535 2757 Sancti
1569 2687 1786 2777 gratia
1831 2686 2173 2755 excitatus
2217 2696 2511 2777 exurgat
2568 2687 2674 2756 leo
2724 2687 3074 2758 dormiens
3119 2686 3207 2757 de
3253 2686 3500 2775 cubili,
3545 2686 3769 2778 rugitu

966 2811 1163 2902 cujus
1198 2810 1434 2881 mundi
1466 2811 1785 2905 princeps
1814 2808 1915 2905 (a)
1946 2811 2478 2882 contremiscant
2512 2807 2688 2906 (sir).

616 3407 839 3511 ‘333¹
1078 3388 1448 3490 Quidam,
1494 3397 1577 3468 ut
1612 3387 1939 3492 videtur,
1981 3387 2456 3494 imperatoris
2508 3385 2758 3468 fautor
2795 3385 2919 3495 (1)
2958 3387 3218 3469 scribit
3266 3387 3626 3470 invective
3682 3390 3778 3471 ad

971 3520 1393 3602 cardinales
1458 3546 1632 3602 cum
1705 3519 1974 3602 acerba
2047 3520 2553 3627 increpatione
2588 3581 2610 3625 ,
2683 3520 2864 3627 quia
2941 3547 3093 3602 non
3172 3533 3428 3603 creant
3497 3546 3777 3605 novum

965 3682 1268 3764 papam.

1129 3871 1318 3952 (Edit.
1358 3887 1454 3947 ap.
1492 3870 1655 3929 Petr.
1689 3865 1757 3926 de
1809 3868 1936 3926 Vin.
1971 3868 2164 3944 epist„
2201 3867 2303 3924 lib.
2343 3869 2392 3939 1,
2427 3884 2558 3944 cap.
2601 3869 2813 3940 xvn3
2849 3869 2983 3928 coll.
3017 3886 3153 3929 cum
3180 3872 3359 3930 variis
3391 3870 3535 3931 bibl.
3578 3869 3777 3931 Cesar.

1211 3979 1396 4039 Paris.
1434 3976 1761 4047 codicibu3‚
1796 3977 2104 4052 praecipue
2127 3970 2312 4050 fonds
2338 3971 3105 4053 Scine-Gemin·Harlay,
3135 3985 3200 4035 n⁰
3229 3972 3398 4056 455.)

1068 4140 1179 4209 Ad
1209 4160 1335 4210 vos
1373 4147 1478 4210 est
1511 4138 1645 4209 hoc
1678 4137 2006 4226 verbum,
2051 4132 2171 4203 filii
2205 4132 2497 4223 Effrem‚
2537 4135 2715 4205 male
2756 4134 3123 4207 tendentes
3153 4157 3428 4225 arcum,
3474 4145 3545 4206 et
3586 4138 3785 4231 pejus

1056 4326 1138 4406 (a)
1186 4327 1508 4404 Principes,
1540 4329 1651 4385 nisi
1687 4327 1998 4405 legendum
2040 4327 2116 4386 sit
2139 4327 2416 4405 princeps
2448 4327 2840 4386 contremiscat
2881 4332 2939 4386 et
2969 4326 3045 4386 ad
3073 4326 3434 4387 Frldericum
3475 4326 3780 4388 referatur.

1778 4494 3016 4503 ---——-—-.—-—-———--—--——..—-.--—-—-
3031 4495 3518 4503 ’,ψ-ψ.-

1042 4592 1110 4663 (t)
1149 4591 1299 4646 Hanc
1325 4588 1605 4662 epistolam
1629 4606 1789 4662 quam
1818 4591 1917 4663 ipsi
1946 4591 2216 4647 Friderico
2246 4590 2466 4660 quidam
2489 4590 2698 4646 codices
2726 4589 2998 4662 tribuunt,
3030 4607 3136 4649 non
3164 4589 3429 4664 imperiali
3453 4590 3596 4665 stylo
3626 4590 3788 4648 luisse

989 4689 1239 4762 scriptam
1255 4731 1269 4759 ,
1302 4695 1413 4744 tum
1437 4703 1502 4743 ex
1527 4703 1685 4744 sensu
1703 4729 1718 4756 ,
1747 4693 1860 4742 tum
1888 4704 1950 4743 ex
1977 4688 2145 4744 tonna
2170 4703 2330 4744 nemo
2352 4704 2454 4742 non
2478 4688 2866 4760 dijudicaverit.
