4364 5738
1003 582 1086 643 32
2004 574 2432 661 summum
2481 572 2827 634 sssculvm
3448 569 3612 653 [Λευ.
3653 571 3828 634 1242.

1103 711 1527 801 Fridericus,
1582 721 1751 798 etc.,
1815 709 2074 803 populo
2124 708 2588 797 Messanensi,
2648 716 2783 778 etc.
2844 705 3020 790 Quia
3074 706 3258 776 inter
3315 715 3585 776 ceteros
3642 707 3835 797 regni

1004 837 1223 908 nostri
1278 833 1522 907 fideles
1577 833 1857 928 speciali
1905 831 2345 926 prerogativa
2396 831 2729 926 populum
2799 851 3075 924 semper
3137 828 3512 901 dileximus
3571 830 3830 901 Messa-

1006 980 1332 1048 nensem‚
1373 958 1631 1030 idcirco
1677 968 1748 1028 et
1789 956 1878 1028 de
1930 954 2277 1051 prosperis
2318 954 2682 1025 eventibus
2732 953 2985 1025 nostris
3028 952 3286 1023 hilares
3329 974 3455 1024 vos
3505 974 3657 1024 esse
3709 975 3831 1024 cu·

1008 1084 1238 1179 pimus
1297 1093 1367 1153 et
1426 1083 1514 1154 de
1583 1081 1880 1152 sinistris
1938 1080 2034 1150 ita
2092 1079 2432 1150 condecet
2487 1077 2904 1150 contristari.
2970 1076 3148 1147 Nam
3202 1076 3479 1147 celestis
3538 1077 3834 1149 altitudo

1011 1207 1312 1295 consilii,
1349 1207 1549 1298 cujus
1582 1206 1856 1277 occulta
1886 1201 2150 1294 judicia
2182 1202 2508 1293 colligere
2543 1221 2752 1272 nemo
2788 1209 3052 1295 potest,
3102 1220 3187 1271 eo
3228 1199 3419 1292 quod
3467 1200 3834 1272 admiranti

1006 1355 1172 1404 vere
1201 1331 1607 1427 prophetica
1642 1330 1777 1401 sint
1811 1329 2103 1423 abyssus
2129 1349 2261 1399 nec
2296 1327 2502 1398 etiam
2531 1327 2813 1403 valeant
2836 1346 2879 1395 a
2908 1325 3320 1397 mortalibus
3347 1335 3493 1397 arte
3522 1326 3834 1417 qualibet

1006 1455 1393 1543 immutari,
1446 1475 1574 1525 nos
1625 1454 1696 1523 in
1745 1473 1890 1523 uno
1938 1452 2410 1523 membrorum
2461 1470 2757 1544 persone
2807 1457 3042 1519 nostre
3090 1447 3443 1542 potissimo
3490 1449 3835 1520 lanceavit

1007 1579 1448 1663 medullitus,
1498 1578 1667 1649 dum
1721 1576 2049 1647 februarii
2106 1574 2364 1645 mensis
2408 1573 2523 1645 die
2571 1574 2662 1644 X⁰
2697 1582 3011 1644 nostrum
3057 1571 3593 1667 primogenitum
3640 1573 3831 1644 illus-

1012 1713 1185 1772 trem
1237 1702 1463 1773 Sicilie
1509 1722 1747 1792 regem
1776 1698 2150 1770 Henricum
2185 1698 2278 1769 de
2307 1697 2449 1767 vite
2480 1696 2741 1785 medio,
2782 1695 2957 1790 proh
3002 1695 3245 1767 dolor!
3282 1697 3618 1767 evocavit.
3666 1696 3835 1780 Quis

1009 1836 1247 1921 posset
1312 1827 1575 1896 rivulos
1628 1826 2091 1919 lacrymarum
2146 1823 2614 1914 singultuosos
2657 1820 3072 1912 restringere
3129 1820 3301 1891 tanti
3354 1818 3474 1891 filii
3523 1819 3834 1914 pruden-

1012 1950 1175 2020 tiam
1213 1950 1301 2021 ad
1333 1948 1740 2020 memoriam
1777 1946 2221 2018 revocando?
2256 1945 2496 2030 Queve
2529 1944 2795 2037 lingua,
2835 1965 2974 2037 que
3016 1943 3340 2014 facundia
3387 1952 3522 2013 tam
3555 1941 3836 2032 gloriosi

1009 2073 1195 2164 regis
1246 2074 1607 2145 audaciam
1654 2070 2112 2167 compilaret?
2163 2068 2306 2142 Aut
2352 2069 2509 2162 quis
2551 2091 2747 2140 suam
2777 2078 3029 2163 ¹posset
3081 2068 3387 2138 calamus
3438 2065 3834 2138 describere

1011 2198 1448 2290 largitatem?
1489 2198 1638 2268 Heu
1680 2217 1830 2286 me,
1871 2195 2196 2287 inquam,
2247 2192 2343 2264 fili
2394 2193 2529 2283 mi,
2571 2191 2711 2263 beu
2746 2213 2896 2283 me,
2943 2212 3153 2284 quem
3199 2190 3425 2261 vereri
3469 2189 3836 2261 tenebatur

1008 2323 1300 2417 quilibet
1345 2322 1699 2410 inimicus,
1745 2321 2042 2393 dilectus
2083 2319 2173 2389 ab
2217 2316 2578 2406 omnibus,
2637 2327 2818 2387 terre
2864 2316 3198 2408 gaudium
3242 2314 3564 2385 universe
3598 2312 3655 2406 (l
3672 2312 3725 2408 ).
3764 2312 3834 2384 Si

1009 2467 1178 2517 vero
1217 2457 1409 2517 motu
1442 2445 1742 2515 naturali
1777 2453 2070 2537 paterno
2100 2442 2259 2532 jure
2300 2440 2627 2530 majestas
2671 2449 2908 2511 nostra
2955 2461 3081 2533 pro
3132 2449 3271 2509 tam
3309 2437 3594 2529 benigni
3624 2436 3833 2507 amis·

1012 2571 1203 2642 sione
1245 2568 1365 2638 fflii
1422 2569 1511 2639 ad
1566 2570 1906 2661 lacrymas
1951 2587 2026 2635 se
2067 2564 2437 2653 dissolvat,
2473 2564 2695 2634 multo
2735 2563 2980 2633 fortius
3021 2584 3184 2653 vos,
3224 2561 3603 2654 regnicole,
3644 2569 3834 2631 tanto

1013 2693 1297 2764 domino
1333 2692 1626 2762 viduati.
1666 2690 1768 2761 Sit
1815 2711 1979 2781 ergo
2029 2690 2349 2782 planctus
2388 2688 2515 2758 iste
2560 2687 2947 2759 communis
2984 2687 3055 2757 in
3102 2707 3382 2757 omnem
3428 2696 3716 2773 terram,
3765 2694 3837 2756 et

1014 2812 1187 2886 fines
1244 2814 1429 2886 orbis
1492 2823 1672 2885 terre
1732 2811 1941 2905 hujus
1987 2811 2268 2884 lamenti
2324 2812 2524 2884 dolor
2589 2813 2992 2907 perveniat,
3060 2811 3225 2904 quia
3275 2809 3443 2882 tanti
3514 2810 3834 2901 majestas

1012 2939 1344 3034 principis
1393 2939 1767 3009 multorum
1819 2937 2132 3032 deposcit
2177 2939 2557 3033 lacrymas,
2608 2957 2748 3030 que
2798 2936 3034 3006 multis
3080 2936 3365 3030 clypeus
3414 2934 3834 3005 defensionis

1013 3065 1241 3134 fuerat
1274 3073 1344 3132 et
1378 3061 1641 3132 salutis.
1681 3061 2044 3132 Cessarent
2082 3062 2386 3155 lacryme
2432 3070 2502 3131 et
2533 3061 2964 3152 singultuosa
3005 3068 3356 3130 cessarent
3386 3059 3636 3130 emissa
3680 3079 3832 3128 sus-

1012 3187 1189 3282 piria
1223 3186 1311 3256 de
1346 3182 1742 3278 profundiS,
1783 3184 1906 3255 sed
1946 3185 2189 3276 longos
2226 3183 2550 3255 derivant
2581 3183 2650 3253 in
2681 3183 2942 3255 rivulos
2974 3182 3092 3252 ubi
3124 3181 3384 3254 doloris
3410 3182 3834 3252 immensitas

1014 3328 1290 3402 semper
1337 3308 1629 3401 pullulat
1677 3315 1748 3377 et
1794 3307 2160 3378 excrescit.
2211 3307 2419 3377 Luxit
2466 3327 2769 3400 namque
2813 3306 3036 3377 David
3090 3304 3307 3376 filium
3356 3326 3557 3376 suum
3609 3304 3829 3376 Absa-

1014 3434 1286 3522 lonem,
1335 3441 1404 3501 et
1453 3429 1847 3524 patriarcba
1892 3431 2104 3503 Jacob
2154 3453 2356 3501 suum
2408 3429 2662 3526 Ioseph
2711 3427 2928 3499 filium
2976 3430 3293 3501 lamentis
3338 3428 3583 3519 variiS,
3627 3437 3833 3522 prout

1014 3554 1343 3647 legimus,
1381 3554 1793 3649 deploravit.

1018 3735 1683 3744 ——-—-——------—-----.--
1716 3737 1773 3741 --
1794 3736 1931 3741 ἶ.-.--,
1996 3735 2238 3741 -ῐ->-.,-.,
2259 3736 2296 3740 ,ff
2325 3736 2347 3739 ᾖ
2422 3735 2460 3739 ,-.
2487 3737 2498 3738 7
2531 3735 2634 3740 <-.7-
2667 3735 2702 3740 ,Η
2731 3734 2816 3739 .--γ
2841 3734 2910 3739 -Α--
2946 3734 2986 3739 .--
3009 3735 3029 3739 -
3055 3734 3212 3740 --,4-ἶ,.,.,,
3237 3735 3302 3740 ...-

1085 3837 1162 3906 (t)
1199 3834 1378 3904 Quum
1409 3834 1543 3889 haec
1571 3833 1801 3906 epistola
1828 3849 2008 3889 rerum
2043 3832 2261 3889 veritati
2293 3831 2560 3889 contraria
2595 3830 2810 3889 omuino
2849 3846 2883 3888 a
2920 3831 3371 3904 praecedentibus
3407 3830 3693 3905 discrepet,
3715 3837 3830 3888 tum

1016 3935 1208 4004 forma,
1236 3938 1351 3987 tum
1374 3946 1554 3996 sensu,
1586 3929 1829 3987 nonnulli
1860 3929 2124 3985 doctiores
2156 3929 2297 3994 inter
2319 3945 2454 4002 quos
2489 3929 2775 4002 praecipue
2798 3927 3106 4000 Staelinus,
3133 3944 3253 3986 eam
3284 3929 3353 3986 ad
3388 3928 3666 4003 exemplar
3701 3928 3832 3985 rbe-

1012 4028 1162 4085 torici
1198 4027 1320 4101 styli
1359 4043 1454 4099 pro
1495 4025 1792 4084 scolaribus
1829 4025 2129 4082 conlectam
2169 4024 2334 4083 fuisse
2374 4026 2821 4098 dijudicaverunt.
2862 4024 2920 4081 si
2957 4026 3078 4098 quis
3118 4041 3247 4084 vero
3281 4025 3722 4082 animadverterit
3759 4025 3831 4082 ad

1013 4124 1222 4180 Siculos
1245 4124 1405 4180 fuisse
1429 4125 1649 4181 missam
1678 4124 1748 4181 de
1778 4129 1951 4180 morte
1978 4122 2196 4180 Siciliae
2224 4123 2382 4195 regis,
2402 4125 2558 4196 cujus
2585 4138 2781 4179 nomen
2809 4128 2866 4178 et
2887 4122 3099 4179 titulum
3128 4123 3180 4179 in
3210 4122 3438 4196 publicis
3464 4121 3833 4180 instrumentis

1014 4218 1311 4275 Fridericus
1344 4222 1543 4277 servari
1564 4223 1829 4294 jusserat,
1860 4219 2037 4276 minus
2072 4218 2296 4276 forsitan
2323 4218 2609 4276 mirabitur
2642 4219 2785 4292 quod
2813 4219 3057 4277 notarius
3097 4219 3391 4293 imperialis
3427 4219 3513 4276 his
3547 4220 3833 4278 laudativis

1013 4314 1196 4372 verbis
1211 4317 1410 4373 utinen
1428 4317 1767 4375 dubitaverit.
1791 4317 1871 4374 ct.
1894 4317 2023 4390 quid
2040 4332 2202 4390 supra
2226 4316 2598 4387 disseruimus,
2615 4315 3012 4388 Introduction,
3027 4319 3210 4390 partie
3226 4315 3637 4390 diplomatiquo,
3658 4333 3713 4390 p.
3740 4333 3828 4374 tv.
