4364 5738
1077 570 1201 635 350
2087 574 2516 640 turonum!
2564 576 2914 641 suenum
3508 581 3667 666 [An
3707 582 3877 644 1245.

1076 711 1565 807 imperatores,
1597 730 1797 802 reges
1836 721 1908 782 et
1948 714 2300 808 principes
2334 734 2460 786 sen
2504 734 2979 808 quoscumque
3010 727 3412 807 magnates,
3437 719 3880 813 temporalem

1075 837 1558 908 auctoritatem
1604 836 1676 905 in
1718 852 1838 907 ees
1884 840 2356 931 temporaliter
2397 835 2830 928 exercendo,
2859 837 3290 911 absolvendo
3331 840 3545 911 etiam
3570 862 3613 912 a
3646 861 3880 912 saera—

1078 958 1331 1031 mentis
1360 956 1614 1053 quibus
1641 958 1940 1030 dominis
1966 960 2109 1031 suis
2134 958 2412 1033 vassalli
2453 972 2812 1051 tenentur,
2857 973 3100 1033 contra
3134 963 3454 1036 dontinus
3493 984 3882 1036 excomm-

1077 1083 1440 1154 nioetionis
1492 1082 1970 1155 tantummodo
2025 1085 2366 1155 sententia
2424 1087 2895 1179 promulgata,
2952 1085 3282 1178 qnodque
3328 1087 3692 1178 questione
3740 1087 3881 1158 sive

1078 1208 1508 1281 discensione
1554 1207 1731 1277 inter
1764 1207 2082 1279 dominos
2125 1220 2195 1279 et
2240 1211 2546 1280 vassalos
2591 1231 2714 1279 seu
2765 1209 2947 1280 inter
2986 1209 3162 1282 duos
3204 1210 3470 1281 nobiles
3514 1221 3590 1281 et
3624 1211 3881 1282 vicinos

1076 1330 1371 1403 invicem
1406 1331 1907 1402 contendentes
1942 1340 2147 1425 prout
2181 1333 2438 1403 assolet
2468 1344 2892 1423 emergente,
2924 1332 3217 1426 predicti
3249 1335 3496 1404 summi
3529 1332 3881 1428 pontifices

1075 1455 1163 1526 ad
1196 1455 1596 1549 petitionem
1628 1453 1835 1523 unius
1867 1454 2080 1547 partis
2116 1454 2591 1541 tantummodo
2626 1466 2858 1549 partes
2890 1476 3051 1525 suas
3087 1455 3556 1550 temporaliter
3579 1457 3877 1550 interpo-

1076 1590 1277 1669 nunt,
1310 1578 1608 1649 volendo
1642 1577 1827 1671 ipsos
1856 1577 2105 1649 invitos
2140 1578 2211 1648 in
2248 1601 2322 1649 se
2354 1580 2912 1673 compromittere
2944 1580 3056 1649 vel
3089 1580 3289 1650 aliter
3319 1579 3410 1651 ad
3445 1581 3875 1652 concordiam

1077 1701 1446 1774 cohercere
1493 1712 1563 1771 et
1603 1701 1952 1791 alligando
1995 1723 2068 1771 se
2116 1699 2438 1772 fidelibus
2483 1712 2724 1773 contra
2767 1702 3085 1773 dominos
3129 1713 3251 1773 aut
3292 1701 3410 1773 uni
3453 1703 3541 1773 de
3579 1705 3879 1797 partibus

1077 1824 1487 1920 supradictis
1528 1824 1716 1916 quod
1759 1845 1899 1894 non
1940 1823 2132 1917 prius
2178 1846 2420 1919 pacem
2470 1847 2628 1895 cum
2670 1824 2821 1895 aliis
2855 1824 3110 1896 saciant
3153 1846 3360 1917 quam
3408 1826 3726 1917 alligatos
3756 1826 3876 1897 sibi

1078 1960 1339 2045 ponant
1366 1949 1436 2018 in
1465 1969 1664 2042 pace,
1688 1946 2087 2043 recipiendo
2116 1948 2431 2018 similiter
2459 1948 2980 2042 promissionem
3010 1948 3099 2018 de
3128 1970 3271 2019 non
3299 1949 3615 2020 faciendo
3643 1971 3877 2043 pacem

1077 2095 1235 2145 cum
1276 2071 1573 2143 dominis
1610 2094 1650 2142 a
1687 2070 2041 2164 vassallis3
2083 2070 2246 2141 item
2295 2094 2387 2141 ex
2428 2093 2514 2142 eo
2547 2069 2736 2164 quod
2784 2070 3073 2165 predicti
3118 2071 3366 2141 summi
3415 2069 3776 2166 pontifices
3812 2073 3877 2142 in

1077 2195 1531 2291 prejudicium
1561 2194 2061 2286 jurisdictionis
2087 2204 2156 2266 et
2180 2192 2463 2266 honoris
2493 2217 2732 2287 regum
2764 2206 2833 2265 et
2854 2196 3239 2289 principum
3269 2195 3767 2290 predictorum,
3793 2194 3879 2267 ad

1080 2318 1479 2415 petitionem
1506 2318 1911 2388 clericorum
1942 2339 2061 2388 seu
2099 2319 2481 2413 laycorum,
2509 2318 2937 2409 cognitiones
2965 2338 3327 2390 causarum
3357 2318 3445 2390 de
3474 2320 3682 2390 rebus
3710 2330 3877 2390 tem·

1077 2445 1462 2541 poralibuS,
1501 2422 2046 2538 possessionibus
2109 2441 2565 2536 pheodalibus
2619 2464 2742 2513 seu
2797 2440 3246 2534 burgesaticis
3295 2443 3367 2513 in
3423 2442 3878 2515 ecclesiastico

1078 2566 1227 2640 foro
1274 2564 1663 2639 tractandas
1713 2567 2054 2661 recipiunt
2104 2577 2171 2636 et
2223 2566 2698 2658 committunt3
2745 2586 2906 2637 ecce
2955 2567 3141 2658 quod
3195 2587 3321 2637 nos
3362 2565 3453 2637 ad
3504 2567 3876 2660 predictam

1075 2693 1398 2784 injuriam
1431 2690 1863 2762 documentis
1898 2689 2335 2761 evidentibus
2362 2689 2865 2760 ostendendam
2902 2700 2973 2760 et
3003 2691 3219 2783 ipsam
3249 2711 3289 2759 a
3319 2690 3520 2761 nobis
3546 2699 3620 2761 et
3649 2691 3750 2761 eis
3776 2708 3878 2760 ra-

1078 2816 1495 2888 tionabiliter
1523 2813 2037 2903 removendam,
2061 2814 2461 2906 magistrum
2491 2815 2767 2884 Petrum
2797 2813 2885 2884 de
2911 2812 3128 2884 Vinea
3155 2834 3402 2906 magne
3433 2812 3622 2884 curie
3651 2820 3876 2883 nostre

1069 2942 1374 3033 judicem
1414 2951 1484 3009 et
1515 2940 1594 3009 G.
1636 2939 1723 3008 de
1756 2939 1930 3008 Ocra
1967 2938 2329 3026 clericum,
2367 2937 2655 3010 dilectos
2691 2935 2932 3008 fideles
2970 2948 3278 3026 nostrOS‚
3314 2936 3404 3007 ad
3440 2935 3511 3007 L.
3546 2936 3873 3006 illustrem

1076 3084 1308 3153 regem
1353 3063 1771 3132 Francorum
1810 3061 2243 3130 karissimum
2283 3061 2580 3130 amicum
2608 3071 2919 3131 nostrum
2948 3060 3369 3153 providimus
3398 3058 3869 3144 destinandos;

1076 3186 1442 3255 affectuose
1480 3194 1802 3274 rogantes
1832 3204 1915 3252 ac
1946 3184 2038 3254 ob
2073 3183 2430 3254 tuitionem
2466 3194 2537 3254 et
2568 3183 3161 3254 conservationem
3190 3182 3450 3273 jurium
3488 3191 3874 3253 nostrorum

1077 3318 1147 3379 et
1170 3307 1464 3400 imperii,
1489 3327 1729 3397 regum
1763 3306 2050 3376 aliorum
2083 3317 2152 3376 et
2178 3307 2569 3401 principum
2598 3327 2723 3377 seu
2749 3324 3347 3398 quorumcumque
3372 3305 3706 3376 nobilium
3735 3304 3876 3374 effi-

1076 3431 1328 3503 caciter
1353 3428 1781 3522 requirentes
1816 3428 2139 3500 eumdem
2173 3437 2254 3500 ut
2287 3429 2720 3520 congregatis
2754 3449 2986 3499 coram
3020 3449 3093 3498 se
3126 3427 3338 3522 laycis
3370 3427 3652 3521 paribus
3684 3426 3873 3517 regni

1075 3557 1181 3628 sui
1208 3556 1494 3649 aliisque
1519 3555 1863 3627 nobilibus
1898 3565 2087 3625 tanto
2121 3554 2401 3646 negotio
2434 3554 2818 3649 oportunis,
2846 3574 2973 3647 per
3001 3535 3262 3624 secum
3292 3553 3391 3622 eis
3419 3573 3628 3646 super
3657 3552 3872 3623 omni·

1076 3681 1207 3751 bus
1237 3679 1564 3773 predictis
1600 3687 1669 3749 et
1702 3676 1988 3769 singulis
2020 3677 2257 3748 audiat
2283 3678 2440 3769 jura
2476 3686 2735 3748 nostra.
2772 3677 3089 3747 Ceterum
3121 3676 3177 3746 si
3211 3674 3356 3771 ipse
3389 3675 3699 3769 predicta
3738 3696 3874 3745 non

1074 3803 1356 3874 duxerit
1384 3799 1902 3887 assummenda‚
1935 3821 2094 3870 cum
2130 3820 2257 3871 nos
2291 3800 2409 3894 qui
2442 3808 2722 3871 auctore
2756 3798 3046 3869 Domino
3093 3797 3360 3869 romani
3391 3797 3689 3892 imperii,
3724 3818 3874 3889 reg·

1075 3947 1324 3997 norum
1355 3925 1734 3996 Jerusalem
1766 3935 1837 3995 et
1868 3922 2091 3994 Sicilie
2122 3922 2564 3995 moderamur
2594 3921 2939 4011 habenaS,
2977 3932 3115 3992 tam
3157 3943 3510 3992 enormem
3558 3920 3873 4012 injuriam

1075 4061 1146 4121 et
1196 4060 1335 4122 tam
1382 4048 1749 4120 informem
1792 4045 2308 4140 usurpationem
2354 4044 2598 4116 diebus
2640 4044 2892 4115 nostris
2923 4044 3228 4114 tolerare
3274 4042 3612 4133 nolimus,
3646 4063 3873 4133 regem

1075 4163 1397 4244 eumdem
1437 4173 1627 4264 justa
1676 4191 1959 4264 precum
2021 4167 2511 4240 intercessione
2567 4189 2890 4259 rogamus
2943 4176 3286 4259 quatenus
3342 4165 3543 4236 nobis
3603 4186 3873 4236 causam

1075 4306 1416 4383 nostram,
1443 4315 1638 4364 suam
1677 4302 1748 4362 et
1784 4292 2080 4364 aliorum
2120 4290 2510 4384 principum
2548 4290 2839 4362 viriliter
2880 4287 3455 4382 prosequentibus
3491 4309 3566 4359 se
3604 4298 3872 4358 contra·

1077 4415 1257 4486 rium
1283 4436 1425 4485 non
1459 4424 1793 4510 opponat,
1816 4436 1947 4487 nec
1978 4415 2065 4486 de
2096 4433 2313 4505 regno
2344 4435 2471 4485 suo
2499 4413 2767 4507 aliquos
2800 4415 3035 4507 laycos
3064 4432 3188 4483 seu
3216 4410 3501 4481 clericos
3531 4423 3871 4504 tempora·

1076 4538 1235 4609 liter
1259 4537 1459 4610 nobis
1486 4539 1742 4632 opponi
1767 4538 2144 4633 permittat,
2167 4538 2576 4630 nullumque
2603 4536 2907 4631 presenti
2934 4555 3203 4606 summo
3233 4532 3539 4628 pontifici
3567 4555 3692 4604 seu
3718 4553 3870 4602 suc·

1078 4662 1463 4736 cessoribus
1515 4662 1655 4732 suis
1696 4674 1934 4734 contra
1976 4683 2103 4734 nos
2147 4661 2536 4744 discrimine
2577 4659 2881 4755 presenti
2923 4660 3219 4731 durante
3258 4657 3332 4728 in
3378 4678 3593 4751 regno
3632 4657 3745 4729 vel
3786 4653 3871 4726 de
