4364 5738
525 539 731 609 unm.
762 539 851 623 4.]
885 601 889 605 ,
1415 543 1811 619 lusson-m
1859 546 2453 635 mrtouA‘rlc‘a.
3234 561 3369 653 4133ss

526 671 898 751 diaconum
929 675 1346 770 cardinales,
1381 680 1568 754 viros
1598 683 1839 777 utique
1870 684 2210 781 sapientia
2245 683 2556 780 preditos
2586 695 2658 759 et
2682 687 3093 789 conspicuos
3121 693 3354 770 diver·

526 798 730 878 sime
753 799 1091 877 virtutum
1105 853 1128 892 ,
1162 800 1559 904 hujusmodi
1590 808 2004 900 promotioni
2020 809 2293 902 negotii
2316 808 2648 910 duximus
2666 787 3112 908 ‘deputandos
3127 870 3148 904 ‚
3185 790 3352 893 con-

527 943 724 995 cesso
755 923 858 996 eis
899 926 1105 1020 plene
1145 927 1509 1018 legationis
1546 929 1802 1021 officio,
1842 932 2022 1004 sicut
2061 954 2156 1003 ex
2187 931 2341 1004 aliis
2373 931 2618 1003 litteris
2654 955 2829 1026 quas
2860 958 3070 1035 super
3108 940 3351 1035 hujus·

524 1042 714 1115 modi
742 1046 1021 1137 negotio
1048 1048 1247 1119 vobis
1272 1049 1608 1123 mittimus
1634 1054 1909 1147 plenius
1935 1054 2307 1146 colligetis3
2341 1054 2578 1125 scituri
2594 1056 2787 1148 quod
2813 1078 2942 1129 nos
2970 1082 3097 1153 pro
3118 1075 3352 1138 vestra

522 1169 828 1259 generali
853 1173 1293 1264 procuranda
1324 1175 1548 1246 salute
1572 1176 1762 1269 quod
1792 1178 1884 1250 ad
1909 1199 2195 1272 presens
2228 1177 2561 1273 expedire
2587 1179 2935 1253 credimus
2966 1184 3350 1260 subsidium
3407 1165 3416 1170 “

523 1281 974 1365 destinamus.
1008 1294 1188 1367 Ecce
1220 1297 1389 1391 quid
1419 1299 1625 1371 vobis
1647 1301 1770 1393 qui
1804 1302 1937 1373 sub
1971 1301 2292 1373 laborum
2330 1300 2684 1395 penalium
2719 1323 3042 1398 pressura
3076 1309 3351 1400 gemitis

523 1439 607 1491 ac
653 1441 781 1514 per
834 1421 1236 1493 exactiones
1294 1432 1367 1494 et
1409 1425 1734 1500 collectas
1786 1426 2100 1499 assiduas
2154 1436 2459 1499 vestram
2500 1427 2843 1501 exinaniri
2892 1431 3349 1510 substantiam

524 1541 934 1637 deploran's',
978 1543 1071 1617 ad
1108 1546 1402 1644 salutem
1439 1548 1802 1644 expediat,
1851 1549 2023 1644 quid
2056 1550 2148 1624 de
2198 1549 2396 1623 vobis
2426 1551 2655 1646 anima
2687 1562 2922 1625 nostra
2954 1554 3340 1653 desideret,

522 1674 763 1759 aperte
794 1666 1075 1806 cernitis
1105 1678 1178 1741 et
1206 1670 1568 1746 manifeste
1597 1672 1888 1748 sentitis.
1923 1672 2230 1765 Cogitate
2256 1673 2490 1766 itaque
2520 1674 2731 1747 corde
2764 1676 2953 1773 vigili
2982 1688 3062 1751 ut
3096 1701 3134 1750 a
3164 1661 3346 1758 collo

520 1911 774 2005 quietis
804 1854 1061 2006 gaudio
1107 1913 1538 2009 reflorescat3
1587 1918 1817 2012 sitque
1857 1939 2119 1995 rumor
2135 1920 2208 1991 in
2247 1919 2574 2013 gentibus
2604 1892 2796 2017 quod
2838 1893 3110 1998 sicut
3048 1901 3354 2023 regnum

521 2046 833 2109 vestrum
873 2036 1233 2111 nobilitate
1290 2040 1511 2112 multa
1560 2049 1634 2113 et
1692 2041 1867 2113 mira
1910 2049 2019 2112 est
2069 2041 2388 2114 ubertate
2431 2045 2918 2140 conspicuum,
2958 2047 3057 2122 ita
3102 2049 3342 2128 divina

521 2158 798 2232 favente
830 2162 1139 2256 potentia
1168 2183 1412 2236 secura
1444 2163 1534 2237 sit
1562 2164 1881 2237 libertate
1922 2163 2284 2237 decorum.
2311 2242 2320 2250 ,

616 2285 867 2358 Datum
898 2286 1253 2378 Lugduni,
1284 2288 1375 2361 vl
1403 2287 1737 2362 kalendas
1767 2288 1971 2381 maii,
2009 2309 2197 2361 anno
2223 2289 2339 2363 111.

1887 2556 1980 2629 11.

542 2715 547 2718 ’
673 2731 867 2815 (Edit.
899 2751 994 2813 ap.
1027 2724 2141 2804 Ramann„Annal.eccles.,adann.
2191 2729 3136 2813 1246,§X1V,ellb.111epist.
3169 2755 3329 2813 cur„

751 2837 1755 2917 n⁰17.—H6r1.nn,Kais.Fm‹L
1787 2839 1869 2915 11,
1898 2839 2181 2918 append.
2212 2839 2282 2900 n·
2314 2847 2411 2913 80,
2442 2855 2477 2899 e
2505 2838 2640 2899 cod.
2661 2839 2977 2917 vallicell„
2996 2843 3056 2903 J.
3080 2844 3286 2923 55.)

608 3029 1084 3119 Innocentius,
1124 3039 1294 3120 etc.,
1336 3026 1736 3101 Theobaldo
1772 2984 2135 3099 Francisco
2172 3034 2245 3097 et
2286 3025 2627 3098 universis
2659 3027 2813 3098 aliis
2855 3027 2943 3099 de
2977 3019 3192 3124 regno
3224 3028 3343 3102 Si-

511 3152 667 3225 cilie
709 3152 802 3223 ad
841 3152 1284 3224 devotionem
1333 3153 1638 3227 Romane
1678 3149 1984 3222 Ecclesia
2019 3148 2316 3221 reversis
2347 3148 2663 3244 spiritum
2703 3151 2969 3223 consilii
3008 3147 3323 3226 sanioris,

510 3274 887 3347 illustravit
923 3296 1134 3370 super
1168 3294 1297 3345 vos
1328 3274 1573 3347 faciem
1611 3294 1806 3346 suam
1833 3272 2168 3345 Dominus
2188 3323 2224 3367 „
2243 3281 2512 3344 vestras
2544 3294 2588 3343 a
2615 3272 2990 3348 Pharaonis
3019 3269 3340 3349 dominio

512 3397 967 3471 subducendo
997 3418 1329 3493 personas
1360 3405 1431 3468 et
1462 3418 1580 3471 eas
1610 3396 1887 3467 illorum
1930 3417 2222 3492 operum
2256 3396 2672 3491 applicando
2703 3398 2947 3469 studiis
2974 3399 3044 3469 in
3075 3401 3336 3495 quibus

510 3522 601 3595 ad
632 3523 927 3595 salutem
964 3521 1160 3615 regni
1192 3520 1419 3593 Sicilie
1461 3529 1872 3615 procuratur
1905 3518 2132 3591 honor
2170 3514 2246 3590 *e't
2287 3517 2745 3615 tranquillitas
2774 3521 3079 3593 Ecclesie
3119 3524 3334 3613 gene-'

511 3646 700 3718 ralis.
735 3646 838 3718 De
879 3646 1013 3718 hoc
1048 3654 1286 3717 sautem
1331 3644 1404 3714 in
1445 3643 1876 3716 consolatore
1908 3642 2324 3714 merentium
2357 3641 2638 3714 domino
2677 3644 2839 3715 Jesu
2880 3642 3142 3716 Christo
3173 3642 3323 3743 ple-

509 3792 670 3842 nam
716 3769 1068 3843 consecuti
1119 3767 1445 3857 letitiam,
1492 3766 1785 3839 fratrum
1834 3775 2228 3855 nostrorum
2290 3765 2796 3839 communicato
2845 3766 3167 3858 consilio,
3227 3766 3324 3839 ita

508 3893 939 3988 providimus
977 3891 1165 3986 quod
1214 3912 1338 3985 pro
1381 3889 1856 3984 redemptione
1894 3889 2110 3984 ipsius
2152 3890 2349 3982 regni
2394 3910 2671 3961 omnem
2714 3888 3138 3982 diligentiam
3189 3889 3325 3962 ha-

508 4017 818 4088 beamus.
850 4012 1128 4114 [Subdit
1161 4015 1339 4086 duos
1366 4013 1777 4106 cardinales,
1806 4013 1896 4085 de
1924 4013 2177 4107 quibus
2197 4013 2282 4082 ⁴in
2316 4011 2604 4106 epistola
2634 4011 3095 4105 praecedente
3123 4034 3322 4084 men-

509 4139 603 4213 tio
634 4137 739 4231 fit,
776 4140 868 4213 ad
903 4139 1197 4211 ferenda
1222 4139 1388 4234 ipsis
1420 4136 1680 4210 auxilia
1726 4139 1796 4208 in
1840 4159 2134 4231 regnum
2176 4136 2444 4208 Siciliae
2484 4131 2722 4231 mitti.]
2767 4135 2906 4208 Vos
2948 4136 3180 4228 itaque
3232 4136 3321 4210 de

505 4246 838 4352 militibus
881 4262 1157 4359 tyranni
1192 4261 1470 4358 reprobi
1508 4261 1667 4332 facti
1717 4261 1986 4354 pugiles
2022 4258 2290 4331 domini
2336 4259 2372 4331 J
2374 4279 2499 4331 esu
2535 4256 2818 4347 Christi,
2864 4259 3216 4359 celebrem
3246 4260 3320 4333 in

506 4395 883 4480 conspectu
927 4385 1236 4479 gentium
1284 4385 1499 4460 vestri
1547 4386 1805 4484 famam
1846 4383 2147 4457 nominis
2194 4381 2539 4459 constanti
2583 4381 2816 4454 animo
2864 4391 2936 4453 et
2976 4382 3322 4461 indefesso

505 4509 839 4604 ampliare
878 4510 1124 4606 spiritu
1170 4507 1539 4599 studeatis,
1595 4507 1668 4579 in
1717 4507 1908 4579 illam
1959 4500 2161 4602 spem
2196 4503 2486 4577 firmiter
2542 4514 2963 4598 exurgentes
3012 4507 3203 4600 quod
3261 4509 3320 4581 si

505 4632 727 4705 virtus
755 4631 1084 4705 Altissimi
1115 4654 1243 4728 per
1272 4632 1582 4705 vestrum
1611 4630 2094 4738 ministerium,
2124 4629 2536 4702 devotorum
2566 4630 2873 4702 Ecclesie
2900 4640 3318 4725 cooperante
