4364 5738
1037 572 1162 632 240
2044 570 2468 636 ralnssmct
2512 569 2862 635 stentem
3490 569 3654 651 [An.
3686 569 3867 634 1244.

1035 706 1343 779 conflare
1402 707 1745 801 potentias
1798 717 2219 798 cogerentur
2269 707 2341 779 in
2395 726 2649 794 unum,
2685 704 3091 799 priusquam
3150 704 3482 799 temporis
3528 715 3869 800 opportu-

883 871 900 879 -
1038 831 1256 903 nitate
1291 840 1603 925 captata,
1637 831 1752 901 vel
1789 830 2058 925 pacatis
2096 831 2291 904 italie
2328 829 2678 924 partibus,
2710 827 2897 900 inter
2925 848 3055 900 nos
3089 838 3164 901 et
3198 828 3578 904 Ecclesiam
3612 829 3870 904 unione

1035 964 1275 1028 secuta
1306 951 1548 1048 (quam
1592 963 1768 1025 teste
1809 974 2140 1049 supremo
2180 952 2459 1046 judice,
2495 973 2771 1046 semper
2812 951 3233 1026 ambivimus
3277 962 3350 1027 et
3392 972 3609 1045 quam
3652 952 3870 1027 hostis

1037 1077 1323 1149 humani
1351 1078 1569 1149 nostri
1601 1078 1878 1168 generis
1913 1077 2331 1150 discriminis
2366 1077 2650 1167 avidus,
2679 1076 3029 1149 subtiliter
3067 1075 3405 1149 hactenus
3438 1074 3862 1171 impedivit),

1036 1202 1480 1275 unanimibus
1509 1202 1693 1276 votis
1732 1211 1809 1273 et
1846 1202 2099 1274 votivis
2138 1201 2455 1295 presidiis
2489 1222 2741 1275 vacare
2784 1221 3169 1295 possemus.
3203 1201 3420 1293 igitur
3455 1210 3691 1275 vestra
3728 1202 3865 1274 cir-

1030 1327 1459 1421 cumspectio
1501 1347 1649 1398 non
1691 1326 2016 1415 miretur,
2071 1326 2132 1397 si
2188 1326 2576 1399 Romanum
2627 1324 3006 1420 principem
3058 1336 3132 1398 et
3169 1325 3865 1420 Hierosolymitanum

1031 1450 1125 1521 ad
1170 1449 1599 1520 iracundiam
1651 1448 2136 1521 vehementem
2194 1458 2340 1521 tam
2394 1447 2653 1522 sinistri
2702 1467 2913 1521 casus
2962 1447 3212 1520 infesta
3265 1446 3509 1520 relatio
3557 1445 3864 1539 qtiadam

1035 1572 1444 1665 indignitate
1501 1572 1903 1645 commovit.
1944 1572 2156 1645 Vobis
2210 1581 2449 1646 autem
2500 1580 2574 1645 et
2622 1570 2871 1645 ceteris
2927 1580 3110 1644 term
3166 1569 3589 1665 principibus
3636 1572 3861 1646 eccle-

1033 1696 1324 1768 siasticis
1375 1707 1448 1767 et
1488 1694 1863 1766 mundanis
1901 1695 1975 1765 in
2030 1694 2419 1767 cismarinis
2459 1693 2724 1768 deliciis
2771 1693 3271 1782 existentibus,
3310 1693 3479 1766 dum
3525 1694 3858 1768 barbam-

1035 1840 1190 1889 rum
1240 1819 1546 1911 nequitia
1602 1815 1775 1889 fides
1823 1827 2061 1890 nostra
2115 1817 2562 1912 deprimitur,
2606 1817 3130 1891 crudelitatibus
3182 1815 3488 1891 hostium
3548 1815 3860 1892 fidelium

1033 1942 1325 2035 reliquie
1368 1941 1824 2031 trucidantur,
1877 1961 2365 2035 perversorum
2420 1940 2695 2032 injuriis
2752 1940 3197 2037 pulchritudo
3239 1940 3477 2035 templi
3518 1940 3858 2015 Dominici

1031 2065 1472 2159 deturpatur,
1512 2064 1653 2135 illic
1695 2085 1824 2159 pro
1866 2061 2005 2136 fide
2051 2075 2294 2138 nostra
2351 2064 2697 2138 servanda
2747 2063 3170 2155 confligitur,
3212 2072 3286 2136 et
3320 2084 3368 2135 a
3418 2063 3855 2138 vincentibus

1033 2189 1262 2283 palma
1303 2189 1589 2260 victorie
1641 2199 1711 2261 et
1753 2209 1799 2258 a
1843 2188 2255 2261 cadentibus
2292 2209 2554 2262 corona
2604 2187 2917 2282 martyrii
2967 2186 3279 2261 hilariter
3328 2195 3768 2282 expectatur,
3812 2208 3856 2260 a

1029 2313 1231 2383 nobis
1275 2313 1346 2382 in
1396 2313 1545 2384 istis
1591 2308 1959 2408 [partibus]
2004 2311 2193 2384 bella
2241 2312 2391 2404 geri
2444 2312 2741 2406 placuit,
2785 2312 3015 2386 nullos
3066 2309 3386 2385 habiturn
3438 2310 3846 2406 triumphos.

1028 2438 1330 2529 ideoque
1366 2436 1878 2530 quantumlibet
1913 2455 2225 2506 esaemus
2251 2435 2438 2524 iusta
2471 2433 2863 2510 turbatione
2897 2434 3265 2525 commoti,
3302 2455 3428 2528 per
3466 2434 3852 2530 predictum

1027 2563 1311 2630 fratrem
1369 2561 1441 2630 S.
1497 2558 1833 2642 nuncium
1889 2557 2206 2648 ejusdem
2266 2556 2653 2651 patriarche
2672 2611 2695 2648 ,
2746 2580 2960 2650 quem
3029 2568 3171 2633 tam
3234 2558 3584 2633 cismarini
3639 2580 3849 2652 quam

1023 2682 1467 2754 *transmarini
1501 2682 1978 2754 discriminum
2009 2682 2215 2754 radix
2241 2692 2317 2755 et
2353 2702 2600 2756 caussa
2636 2703 2776 2756 non
2825 2683 3078 2773 latent,
3112 2691 3189 2756 et
3217 2704 3429 2775 quem
3462 2684 3659 2758 velut
3692 2704 3847 2779 pre·

1025 2805 1290 2879 clarum
1337 2805 1726 2876 membrum
1775 2805 2081 2878 Eccloeie
2136 2806 2330 2878 nulla
2376 2805 2571 2880 labes
2617 2805 3026 2902 suspicionis
3075 2807 3413 2902 aspergit,
3464 2817 3727 2885 certam
3774 2818 3847 2884 et

1021 2930 1522 3023 acceptabilem
1558 2930 1851 3000 formam
1883 2928 2077 3023 pacis
2110 2930 2426 3024 accipere
2469 2930 2959 3021 credebamus3
2988 2950 3200 3022 quam
3234 2930 3449 3007 salvis
3480 2932 3738 3007 nostris
3772 2943 3844 3008 et

1021 3053 1202 3123 sacri
1249 3052 1518 3146 imperii
1556 3053 1776 3122 nostri
1812 3052 2088 3143 juribus
2131 3049 2312 3147 (que
2362 3053 2707 3127 minorare
2764 3053 3203 3145 sacrilegium
3246 3054 3635 3150 credimus)
3679 3057 3845 3131 tole·

1023 3195 1178 3245 rare
1226 3196 1621 3269 possemus;
1662 3196 1875 3268 quam
1903 3174 2141 3267 etiam,
2177 3175 2343 3247 licet
2374 3177 2819 3251 vulneratum
2872 3177 3282 3253 universalis
3328 3179 3603 3270 negocii
3647 3201 3839 3256 com·

1021 3298 1470 3369 modum'vix
1506 3296 1830 3370 ammodo
1857 3299 2341 3393 tempestivam
2372 3299 2693 3395 accipiat,
2724 3300 2966 3376 utilem
3000 3310 3232 3377 tamen
3272 3310 3346 3377 et
3379 3304 3837 3380 messarim

1021 3422 1317 3515 forsitan·
1347 3420 1749 3516 reportabit.

642 3975 920 4075 simut.
1120 3971 1589 4075 fridericuS,
1646 3964 2164 4052 Romanorum
2215 3969 2656 4082 imperator,
2712 3969 3061 4082 potestati
3109 3980 3186 4051 et
3235 3966 3553 4051 consilio
3607 3962 3830 4048 Man-

1011 4116 1188 4201 tuae
1242 4105 1556 4189 mandat
1608 4112 1694 4187 ut
1735 4100 2057 4187 Iohanni
2112 4101 2209 4184 de
2266 4099 2781 4212 Lobdenburg
2824 4127 2968 4216 pro
3030 4099 3352 4186 servitiis
3402 4094 3700 4211 imperii
3747 4094 3827 4174 in

1009 4236 1544 4321 alemanniam
1603 4235 1813 4321 eunti
1873 4260 2008 4342 per
2060 4235 2403 4349 ipsorum
2460 4234 2886 4323 districtum
2944 4234 3045 4321 de
3110 4258 3375 4316 securo
3444 4228 3825 4316 conductu

1006 4366 1402 4473 providere
1431 4366 1695 4453 velint.

1163 4548 1411 4627 (Inedlt.
1438 4566 1519 4609 ex
1535 4556 1661 4613 τά.
1689 4550 1947 4612 chartul.
1965 4552 2134 4610 civit.
2160 4549 2462 4625 Mum-e,
2478 4554 2657 4627 ems
2676 4552 2916 4627 copiam
2936 4566 2982 4613 a
3001 4568 3070 4615 se
3095 4551 3511 4627 merirum
3532 4547 3631 4611 vit·
3651 4558 3819 4623 00⁰·

1241 4658 1374 4733 glus
1395 4654 1753 4719 &eumerus
1773 4657 2119 4721 hunnum
2141 4655 2454 4723 nobiscum
2476 4654 2989 4733 communicavit.)
