4364 5738
576 523 776 582 lxmcr.
815 517 896 602 1.]
1480 515 1870 577 HISTORIA
1921 514 2509 577 MPLOMATICA.
3278 517 3390 578 113

577 677 788 749 quam
850 651 1348 725 ecclesiasticos
1401 652 1493 723 ad
1539 651 1841 743 aliquem
1897 659 2122 720 tutum
2171 651 2402 722 locum
2454 659 2533 721 ut
2582 671 2709 743 per
2758 671 2833 721 se
2881 651 2995 721 vel
3046 653 3391 725 solemnes

578 779 859 851 nuntios
885 778 1050 849 illuc
1075 776 1385 865 veniant,
1416 776 1603 847 etde
1635 774 1924 846 consilio
1958 773 2231 845 concilii
2258 783 2499 867 parata
2537 783 2643 844 est
2673 774 3066 846 satisfacere
3095 775 3388 871 principi

581 903 639 975 si
666 902 737 974 in
761 901 995 993 aliquo
1020 920 1182 971 eum
1209 898 1368 971 lesit
1391 881 1462 969 et
1486 917 1815 969 revocare
1845 896 2258 968 sententiam
2282 895 2341 967 si
2366 917 2576 989 quam
2605 897 2932 988 injustam
2960 908 3199 971 contra
3227 922 3386 972 eum

582 1026 773 1115 tulit,
811 1034 1071 1097 etcum
1102 1022 1293 1095 omni
1325 1021 1856 1093 mansuetudine
1888 1029 1960 1092 et
1988 1019 2491 1109 misericordia,
2529 1030 2868 1111 quantum
2902 1043 3061 1094 cum
3098 1025 3390 1098 Domino

582 1159 653 1224 et
685 1150 950 1221 honore
984 1146 1291 1219 Ecclesie
1326 1144 1477 1217 fieri
1512 1154 1774 1240 potest,
1818 1144 2124 1238 recipere
2160 1145 2252 1214 ab
2291 1164 2376 1214 eo
2420 1143 2957 1216 satisfactionem
2993 1145 3083 1218 de
3125 1147 3393 1241 injuriis

582 1281 654 1345 et
704 1271 982 1344 offensis
1036 1271 1167 1342 sibi
1204 1280 1276 1343 et
1320 1271 1463 1341 suis
1512 1267 1854 1361 irrogatis.
1911 1270 2083 1339 Item
2134 1267 2268 1340 hoc
2317 1267 2488 1339 sciat
2540 1267 2862 1362 princeps
2911 1272 3102 1363 quod
3150 1293 3394 1345 omnes

581 1399 842 1468 amicos
891 1403 963 1466 et
1009 1393 1426 1466 adherentes
1482 1392 1788 1465 Ecclesie
1846 1393 2000 1464 vult
2053 1391 2358 1464 Ecclesia
2402 1392 2472 1461 in
2526 1412 2698 1485 pace
2749 1415 3009 1486 ponere
3059 1415 3142 1468 ac
3188 1398 3395 1491 plena

582 1518 955 1592 securitate
984 1518 1320 1611 gaudere,
1355 1516 1548 1610 quod
1575 1537 1934 1610 nunquam
1967 1516 2099 1588 hac
2140 1516 2504 1589 occasione
2533 1516 2799 1610 possint
2838 1518 3070 1590 subire
3111 1520 3396 1613 aliquod

581 1641 982 1718 discrimen.

2510 1959 2961 1968 -—----——··.-———

694 2217 1174 2302 Innocentius
1223 2216 1320 2299 IV
1376 2241 1573 2325 papa
1626 2213 1914 2296 nuntiis
1970 2214 2129 2297 suis
2184 2215 2283 2297 ad
2331 2216 2860 2324 imperatorem
2913 2216 3168 2298 missis
3222 2242 3400 2298 res-

590 2351 906 2461 pondet,
946 2351 1296 2460 querelas
1331 2348 1694 2458 principis
1743 2345 2201 2454 refellend03
2241 2373 2371 2440 eos
2420 2360 2679 2433 monet
2716 2349 2927 2458 quod
2967 2348 3171 2457 apud
3223 2375 3401 2432 eum

591 2494 676 2567 ut
717 2485 813 2567 de
855 2509 1040 2592 pace
1089 2481 1494 2566 salubriter
1536 2480 1928 2589 provideat
1977 2480 2367 2588 insistant,
2406 2491 2480 2562 et
2528 2482 2673 2563 nisi
2730 2507 2811 2564 se
2856 2508 3033 2564 cum
3078 2481 3402 2564 humili-

589 2627 741 2701 tate
775 2616 1282 2723 inclinaverit,
1320 2615 1668 2723 protinus
1700 2614 2037 2697 redeant.

752 2831 1015 2910 (Edlder.
1047 2832 1394 2905 Rarum„
1423 2826 1643 2891 Amul.
1676 2824 1887 2900 eccles..
1918 2828 1996 2889 ad
2017 2844 2164 2891 ann.
2200 2836 2378 2907 12⁴3,
2406 2824 2453 2909 3
2480 2829 2649 2892 XVII
2678 2838 2738 2893 et
2763 2849 2956 2913 seqq„
2981 2850 3015 2896 e
3042 2843 3253 2915 regest.
3287 2839 3403 2901 In-

828 2956 989 3013 noc.,
1023 2939 1128 3000 llh.
1159 2939 1222 3017 I,
1250 2950 1317 2998 n·
1349 2946 1456 3012 89,
1487 2936 1644 2998 male
1669 2944 1872 2998 tamen
1911 2936 2189 2997 indicatis
2223 2937 2649 3015 chronologicis
2685 2942 2841 3000 notis
2879 2958 3015 3002 cum
3050 2943 3135 3004 lbi
3179 2944 3408 3024 legatur

831 3042 949 3104 VII
975 3060 1166 3105 nonas
1192 3043 1662 3122 septembris.—
1686 3044 1907 3121 Pnnrz,
1934 3042 2200 3103 Menum.
2236 3040 2429 3104 Germ.
2461 3040 2625 3117 laist„
2653 3050 2697 3105 t.
2726 3045 2832 3124 lv,
2863 3065 2924 3125 p.
2958 3049 3124 3128 342.)

694 3228 1167 3319 Innocentius,
1214 3238 1383 3320 etc.,
1436 3228 1954 3324 archiepiscopo
1993 3228 2531 3323 Rothomagensi
2576 3245 2648 3306 et
2689 3236 3011 3333 episcopo
3052 3243 3406 3334 quondam

593 3351 967 3425 Mutinensi
999 3360 1070 3422 et
1102 3352 1340 3424 abbati
1371 3353 1603 3424 Sancti
1635 3353 1939 3426 Facundi
1971 3353 2232 3425 nuntiis
2260 3352 2654 3450 Apostolice
2690 3361 2912 3455 Sedis,
2946 3373 3080 3436 etc.
3116 3367 3408 3443 Litteras

593 3483 863 3547 vestras
889 3476 1190 3568 benigne
1216 3476 1607 3571 recepimus
1633 3485 1705 3547 et
1731 3496 1970 3547 earum
2003 3486 2315 3550 tenorem
2347 3481 2557 3573 pleno
2584 3483 2986 3578 collegimus
3020 3489 3397 3566 intellectu.

597 3600 777 3670 Sane
808 3599 990 3670 inter
1023 3608 1253 3671 cetera
1282 3621 1420 3693 que
1456 3600 1603 3694 ipse
1640 3599 1866 3673 littere
1907 3601 2391 3695 continebant,
2427 3607 2817 3700 accepimus
2854 3612 3046 3703 quod
3087 3615 3407 3712 princeps

596 3742 806 3817 super
841 3723 1258 3816 quibusdam
1288 3724 1378 3795 de
1413 3724 1615 3797 nobis
1647 3724 2093 3817 conqueritur
2128 3735 2200 3798 et
2228 3728 2460 3820 aliqua
2497 3729 2941 3805 nihilominus
2975 3757 3018 3806 a
3058 3737 3260 3811 nobis
3293 3741 3402 3811 in-

598 3854 862 3917 stanter
902 3845 1242 3939 exposcit.
1294 3847 1505 3921 Porro
1559 3847 1617 3918 si
1680 3847 1781 3918 rei
1837 3848 2095 3920 veritas
2148 3860 2220 3922 et
2279 3853 2607 3947 temporis
2668 3856 2965 3947 qualitas
3012 3858 3406 3953 diligentius

596 3966 1077 4059 attenduntur,
1117 3990 1251 4040 nec
1282 3990 1406 4041 sue
1438 3970 1509 4040 in
1544 3971 1675 4044 hac
1707 3981 1902 4066 parte
1934 3976 2219 4066 querele
2256 3996 2387 4048 nec
2417 3976 2731 4070 petitioni
2773 3979 2964 4051 locus
2998 3981 3089 4053 ad
3121 4004 3407 4076 presens

600 4111 750 4163 esse
801 4091 1103 4164 videtur.
1165 4093 1342 4164 Nam
1386 4114 1547 4166 cum
1603 4097 1911 4169 Romana
1965 4098 2274 4171 Ecclesia
2338 4110 2743 4171 cunctorum
2800 4099 3109 4175 fidelium
3156 4128 3409 4199 gerens

600 4236 836 4305 curam
870 4217 1271 4314 frequenter
1305 4218 1397 4290 ad
1430 4219 1739 4293 diversas
1771 4223 2018 4295 mundi
2046 4232 2280 4318 partes
2315 4223 2580 4314 legatos
2621 4223 2871 4317 dirigat
2907 4248 2999 4300 ne
3038 4244 3409 4330 postponat

600 4339 919 4412 absentes
945 4363 1241 4434 quorum
1275 4352 1549 4416 tenetur
1582 4365 1957 4440 procurare
1984 4346 2306 4433 salutem,
2346 4355 2418 4417 et
2448 4346 2519 4415 in
2557 4348 3038 4425 Lombardiam
3078 4358 3243 4430 olim
3280 4383 3408 4457 pro

601 4462 785 4533 illius
834 4472 1012 4536 terre
1059 4467 1355 4540 utilitate
1403 4469 1756 4540 communi
1804 4470 2109 4558 legatum
2159 4468 2443 4541 duxerit
2495 4471 2984 4548 destinandum
3002 4532 3023 4569 ,
3083 4481 3406 4577 idemque

603 4587 921 4681 princeps
959 4600 1327 4684 postquam
1367 4592 1624 4664 fuimus
1660 4593 1753 4664 ad
1786 4591 2055 4687 apicem
2100 4592 2350 4664 summi
2387 4598 2814 4690 apostolatus
2848 4605 3208 4697 assumpti,
3244 4608 3404 4677 reli·-

759 4711 861 4774 v1.
3017 4735 3086 4785 15

3507 2262 3731 2315 Anagnia

3499 2318 3552 2359 28
3572 2295 3771 2370 ungu-tl.
