4364 5738
568 574 898 654 Inmer..2.]
1471 577 1868 640 HISTORIA
1915 578 2508 641 DIPLoMATch.
3006 645 3011 654 ,
3279 575 3401 638 223

571 708 1022 802 confidimus,
1068 711 1590 806 compositionis
1636 714 1922 786 modum
1986 713 2219 786 studio
2263 714 2526 785 arbitrii
2570 712 2786 786 vestri
2831 732 3043 805 super
3076 710 3401 783 omnibus

570 833 879 906 articulis
930 834 1262 908 duximus
1318 836 1944 929 committendum;
2000 849 2231 911 ratum
2276 836 2580 909 babituri
2636 834 2970 930 quicquid
3019 855 3148 929 pro
3199 845 3400 929 parte

569 967 833 1048 nostra,
881 957 1150 1029 ratione
1194 958 1463 1051 previa,
1505 962 1907 1054 statueritis.
1946 963 2126 1035 Illud
2161 972 2397 1034 autem
2437 960 2800 1053 adjicimus
2830 968 2910 1029 ut
2943 957 3015 1028 in
3051 958 3397 1052 composi-

568 1080 754 1154 tione
778 1081 1049 1177 imperii
1076 1102 1218 1153 non
1242 1081 1597 1154 minuatur
1614 1084 1915 1176 dignitas
1942 1084 2170 1157 necin
2194 1084 2660 1156 satisfactione
2690 1081 3104 1154 excellentia
3129 1082 3400 1173 injuriis

564 1208 1034 1301 propulsetur.
1079 1208 1170 1279 Et
1209 1227 1374 1279 ecce
1407 1207 1496 1280 de
1540 1210 1757 1281 latere
1794 1219 2033 1283 nostro
2067 1210 2405 1281 mittimus
2435 1209 2526 1280 ad
2568 1230 2696 1280 vos
2702 1259 3085 1280 ............
3126 1203 3234 1303 (1)
3275 1228 3401 1301 per

563 1348 777 1422 quem
809 1329 1146 1424 quicquid
1178 1330 1585 1404 inveneritis
1621 1333 1710 1405 de
1741 1334 1954 1407 modo
1987 1333 2505 1428 compositionis
2544 1332 2614 1402 in
2648 1340 2882 1403 mente
2916 1329 3294 1425 apostolica
3329 1338 3401 1401 et

565 1452 1067 1525 venerabilium
1136 1453 1428 1526 fratrum
1483 1465 1876 1530 vestrorum
1904 1511 1925 1548 ,
1995 1456 2467 1552 expectationi
2537 1463 2772 1527 nostre
2831 1453 3079 1526 vestris
3152 1453 3398 1525 litteris

564 1577 961 1650 remittatis.

669 2046 1135 2153 FridericuS,
1190 2049 1711 2132 Romanorum
1761 2049 2203 2155 imperator,
2261 2048 2359 2128 ad
2420 2046 3046 2154 supplicationem
3111 2046 3391 2128 civium

566 2178 1042 2288 Aquensium
1091 2179 1433 2262 fidelium
1491 2206 1805 2262 suorum
1823 2240 1846 2286 ,
1887 2179 2373 2289 privilegium
2420 2204 2466 2260 a
2519 2178 2899 2261 Friderico
2952 2177 3200 2284 primo
3253 2173 3393 2260 avo

564 2336 705 2393 suo
741 2311 1029 2394 eisdem
1059 2337 1262 2395 anno
1296 2315 1533 2416 1166,
1576 2314 1628 2393 8
1660 2312 2024 2422 januarii,
2056 2311 2443 2393 indultum
2480 2323 2820 2412 renovat,
2863 2309 3127 2392 inserit
3164 2320 3393 2419 atque

561 2442 987 2525 confirmat.

723 2653 918 2734 (Edit.
953 2672 1052 2734 ap.
1084 2656 1313 2736 Lumo,
1342 2654 1759 2728 Reicloearchiv,
1789 2665 1838 2717 t.
1869 2657 2039 2735 xm,
2072 2675 2132 2734 p.
2169 2666 2268 2718 53.
2298 2687 2377 2700 -
2404 2656 2675 2728 Lunonr,
2711 2650 2851 2714 Coll.
2882 2660 3117 2727 statut„
3150 2673 3210 2731 p.
3246 2664 3383 2715 417.

801 2793 882 2807 -
906 2761 1097 2840 me,
1132 2759 1274 2823 Cod.
1312 2760 1619 2842 Aquensis,
1649 2770 1699 2822 t.
1732 2762 1785 2836 1,
1815 2780 1876 2840 p.
1915 2772 2051 2822 113.
2085 2762 2257 2822 Bulla
2286 2777 2464 2821 aurea
2488 2761 2606 2821 filis
2634 2763 2830 2820 sericis
2855 2761 3019 2820 rubri
3045 2758 3259 2820 coloris
3283 2777 3388 2837 ap·

801 2883 983 2942 pensa
1007 2866 1186 2948 erat.)

656 3052 735 3122 In
778 3051 1060 3123 nomine
1102 3063 1339 3125 sancte
1393 3065 1465 3126 et
1503 3054 1862 3126 individue
1914 3053 2292 3143 TrinitatiS,
2336 3073 2569 3125 amen.
2611 3052 2995 3126 Fridericus
3040 3055 3388 3127 secundus

558 3170 798 3243 divina
838 3173 1117 3245 favente
1159 3175 1529 3247 clementia
1567 3177 2034 3248 Romanorum
2062 3175 2442 3270 imperator
2476 3197 2752 3270 semper
2784 3187 3146 3270 augustuS,
3189 3179 3385 3250 Jeru-

557 3294 775 3366 salem
808 3304 881 3367 et
907 3296 1133 3368 Sicilie
1161 3319 1314 3370 rex.
1344 3299 1554 3371 Iustis
1585 3309 1979 3372 nostrorum
2002 3298 2315 3372 fidelium
2347 3300 2794 3395 petitionibus
2827 3302 3385 3374 condescendere

555 3418 872 3510 cogimur
905 3441 1082 3513 quas
1107 3421 1241 3493 nisi
1277 3422 1750 3495 favorabiliter
1788 3423 2228 3515 audiremus,
2272 3425 2464 3517 quod
2507 3424 2694 3515 juste
2736 3426 2996 3519 petitur
3036 3447 3159 3519 per
3200 3426 3386 3517 inju-

554 3542 729 3615 riam
783 3542 1135 3636 denegare
1191 3546 1617 3618 videremur.
1671 3549 2058 3643 Eapropter
2110 3570 2240 3643 per
2294 3569 2582 3643 presens
2628 3549 3064 3641 privilegium
3110 3549 3386 3620 noverit

557 3676 697 3738 tam
729 3688 1017 3761 presens
1047 3677 1196 3741 etas
1225 3691 1437 3762 quam
1478 3692 1883 3743 successura
1924 3671 2292 3766 posteritas
2321 3671 2515 3765 quod
2555 3669 2970 3742 Wilhelmus
3000 3670 3382 3742 advocatus

554 3790 935 3884 Aquensis,
987 3794 1327 3902 Heni-icus
1367 3796 1582 3885 frater
1622 3796 1773 3887 ejus
1816 3795 2361 3867 triscamerarius
2403 3805 2641 3866 noster
2682 3804 2753 3865 et
2789 3793 3256 3866 Theodoricus
3289 3794 3379 3866 de

553 3913 1057 4010 Orlouesberge
1088 3915 1332 3990 fideles
1358 3918 1613 4010 nostri,
1649 3919 1876 3991 nuntii
1908 3918 2163 3991 civium
2202 3918 2633 4012 Aquensium
2651 3971 2672 4009 ,
2709 3939 2837 4012 pro
2864 3926 3061 4012 parte
3091 3916 3377 3988 univer·

555 4035 771 4109 sitatis
817 4039 1114 4112 civitatis
1160 4041 1475 4134 ejusdem
1529 4053 1926 4117 nostrorum
1976 4041 2291 4115 fidelium
2337 4041 2692 4137 quoddam
2740 4039 3175 4133 privilegium
3233 4040 3378 4113 divi

553 4161 830 4251 augusti
877 4161 1315 4257 imperatoris
1359 4165 1686 4239 Friderici
1726 4167 1841 4240 avi
1882 4166 2100 4239 nostri
2145 4164 2478 4237 memorie
2524 4163 2897 4235 recolende
2941 4163 3377 4236 universitati

555 4282 863 4375 predicte
895 4286 1275 4360 liberaliter
1304 4287 1573 4361 dudum
1598 4289 1947 4363 indultum
1980 4298 2219 4362 nostro
2254 4287 2538 4360 culmini
2570 4295 3083 4381 presentarunt,
3119 4288 3378 4384 suppli·

625 4593 702 4666 (4)
740 4595 1064 4654 Persuasum
1102 4597 1369 4658 babemus
1401 4616 1501 4675 pro
1526 4599 1744 4658 nomine
1777 4598 1981 4656 omisso
2013 4596 2372 4671 supplendum
2404 4610 2526 4655 esse
2552 4597 2619 4654 R.
2652 4598 2902 4655 comitem
2935 4598 3273 4671 Tolosanum,
3305 4601 3376 4659 de

551 4691 742 4761 quoin
765 4690 884 4751 loco
907 4695 1255 4767 praelaudato
1280 4698 1486 4756 mentio
1509 4695 1591 4756 fit.

3552 2074 3696 2130 Ρίώ,

3522 2133 3730 2182 uzu-to.
