4364 5738
1012 561 1136 624 332
2004 571 2433 633 rnlnssmcl
2481 573 2826 634 suenum
3441 576 3606 654 [Anu.
3643 578 3815 640 1245.

1252 708 1319 757 η’
1348 698 1683 777 asason&
1708 702 2127 781 Nom-Dama,
2158 715 2226 765 n⁰
2248 714 2395 779 202,
2428 713 2489 767 et
2516 708 2640 768 uss
2662 708 2997 788 flav-ymo,
3040 708 3147 769 fol.
3183 718 3292 770 105
3333 725 3542 785 verso,
3578 714 3643 771 in
3676 712 3819 774 bibl.

1251 803 1480 865 Musaei
1511 807 1885 888 Britannici.)

1108 977 1549 1066 FredericuS,
1584 981 1707 1051 Dei
1740 982 1961 1073 gratia
1994 984 2462 1054 Romanorum
2499 984 2875 1078 imperator
2910 1006 3184 1079 semper
3220 996 3591 1076 augustus,
3633 987 3819 1059 leru-

1009 1100 1225 1170 salem
1259 1111 1330 1171 et
1359 1102 1587 1174 Sicilie
1620 1124 1781 1191 rex,
1822 1105 2104 1198 prelatis
2145 1107 2620 1193 ecclesiarum,
2667 1108 3034 1180 comitibus
3065 1118 3136 1179 et
3169 1109 3580 1195 baronibus,
3620 1110 3818 1181 nobi-

1010 1223 1190 1293 libus
1226 1237 1297 1294 et
1331 1225 1671 1296 universis
1702 1247 1829 1320 per
1865 1248 2157 1319 regnum
2190 1230 2437 1321 Anglie
2481 1230 2869 1301 constitutis
2913 1231 3168 1322 quibus
3199 1242 3555 1325 presentes
3597 1232 3818 1304 littere

1009 1354 1284 1416 ostense
1314 1346 1596 1438 fuerint,
1621 1347 1893 1419 devotis
1923 1360 1994 1420 et
2020 1351 2260 1422 amicis
2289 1352 2460 1442 suis,
2487 1354 2780 1424 salutem
2806 1363 2878 1424 et
2898 1375 3107 1425 omne
3133 1354 3421 1425 bonum.
3452 1355 3593 1425 Etsi
3619 1375 3818 1427 cause

1008 1479 1244 1539 nostre
1285 1470 1620 1559 justitiam
1668 1471 1974 1562 vulgaris
2018 1473 2200 1543 fame
2250 1475 2688 1567 proloquium
2743 1484 2814 1546 et
2857 1477 3233 1547 multorum
3275 1475 3580 1549 veridica
3629 1477 3815 1548 testi-

1006 1591 1238 1662 monia
1270 1593 1680 1663 nunciorum
1719 1594 1812 1665 ad
1847 1594 2315 1667 universitatis
2350 1608 2581 1669 vestre
2617 1598 2932 1669 notitiam
2972 1598 3383 1693 perduxisse
3418 1598 3806 1690 credamus3

1009 1715 1172 1806 quia
1208 1725 1437 1786 tamen
1469 1741 1486 1786 ε

1496 1915 1719 1987 Segnius
1746 1915 1957 1971 irritant
1985 1918 2224 1972 animum
2253 1917 2488 1974 demissa
2516 1934 2614 1991 per
2640 1933 2855 1989 aurem,

1495 2012 1666 2079 Quam
1698 2028 1818 2084 quae
1841 2020 1967 2069 sunt
1989 2014 2159 2069 oculis
2181 2013 2424 2086 subjecta
2452 2013 2727 2084 fidelibus,
2857 2014 2927 2086 (t)

1000 2203 1221 2296 ipsam
1280 2223 1524 2297 puram
1582 2214 1652 2275 et
1705 2205 1966 2277 nudam
2010 2207 2373 2277 veritatem
2421 2228 2784 2301 processus
2833 2227 3041 2301 quem
3093 2215 3334 2277 contra
3387 2227 3516 2278 nos
3564 2209 3804 2278 summi

998 2327 1360 2420 pontifices
1395 2328 1729 2401 hactenus
1764 2329 2194 2419 habuerunt,
2231 2340 2465 2401 vestro
2498 2330 2897 2424 conspectui
2929 2340 3430 2423 presentamus.
3469 2330 3578 2401 Ad
3615 2332 3806 2422 cujus

998 2451 1497 2545 inspectionem
1538 2452 1920 2546 plenariam
1970 2462 2041 2523 et
2074 2462 2410 2523 attentam
2455 2474 2498 2523 a
2542 2463 2644 2525 tot
2685 2453 3111 2546 temporibus
3155 2462 3231 2522 et
3276 2452 3524 2524 diebus
3567 2453 3803 2524 vestris

999 2575 1305 2666 negociis
1330 2575 1703 2669 deputatis,
1735 2598 1953 2646 unum
1995 2576 2342 2648 sufficiens
2371 2587 2642 2671 tempus
2676 2588 2746 2649 et
2788 2578 2971 2649 diem
3004 2578 3205 2649 nobis
3238 2577 3533 2648 adfectio
3578 2589 3801 2648 vestra

998 2698 1373 2788 concedat;
1415 2698 1606 2792 quod
1640 2700 1696 2769 si
1730 2700 1999 2770 licuerit
2027 2700 2419 2788 attendere,
2459 2688 2745 2772 consilia
2774 2711 3005 2771 vestra
3036 2710 3221 2771 recte
3252 2700 3717 2789 considerent,
3746 2701 3798 2770 si

997 2823 1203 2895 fuerit
1234 2822 1305 2893 in
1339 2822 1773 2916 pontificibus
1799 2824 2050 2896 nostris
2081 2822 2494 2918 pontificalis
2522 2824 2952 2896 rectitudinis
2985 2825 3208 2914 zeluS,
3256 2823 3314 2895 si
3354 2823 3556 2895 nobis
3602 2833 3702 2895 tot
3735 2832 3800 2894 et

1000 2947 1204 3016 tantis
1246 2947 1512 3037 injuriis
1548 2947 1878 3017 lacessitis
1907 2949 2095 3038 justa
2146 2947 2467 3018 debuerit
2510 2957 2633 3018 aut
2682 2947 2936 3018 debeat
2977 2946 3288 3018 defensio
3332 2946 3697 3037 denegari,
3743 2945 3795 3015 si

938 3125 945 3134 .
997 3069 1276 3140 demum
1308 3068 1553 3138 Christi
1594 3069 1831 3139 vicarii
1858 3069 2104 3141 Christi
2140 3071 2332 3141 vices
2362 3070 2836 3164 impleverint,
2874 3080 2946 3141 et
2980 3070 3036 3140 si
3082 3069 3592 3164 predecessoris
3621 3068 3794 3140 Petri

993 3211 1421 3264 successores
1469 3190 1780 3280 ejusdem
1825 3191 2182 3262 imitentur
2235 3194 2677 3287 exemplum3
2728 3192 3167 3292 considerent
3208 3192 3417 3263 etiam
3458 3213 3598 3285 quo
3644 3192 3794 3282 jure

993 3314 1259 3388 censeri
1297 3313 1549 3384 debeat
1587 3312 1856 3383 validus
1883 3336 2248 3407 processus
2283 3315 2678 3406 hujusmodi
2717 3325 2954 3386 contra
2996 3336 3123 3387 nos
3159 3315 3468 3404 habitus,
3506 3315 3619 3385 vel
3661 3333 3794 3406 quo

993 3437 1271 3509 nomine
1309 3435 1717 3529 nuncupari,
1751 3436 1811 3507 si
1837 3435 1972 3507 dici
1998 3438 2228 3508 valeat
2258 3439 2597 3508 sententia
2629 3458 2838 3529 quam
2860 3437 3085 3528 judex
3115 3438 3586 3531 incompetens
3623 3456 3793 3531 pro-

993 3560 1352 3652 mulgavit.
1403 3559 1577 3629 Nam
1619 3559 1747 3629 etsi
1788 3579 1915 3630 nos
1962 3569 2195 3630 nostre
2242 3558 2574 3631 catholice
2609 3559 2770 3631 fidei
2807 3560 3044 3631 debito
3076 3570 3531 3651 suggerente,
3576 3559 3790 3629 mani-

991 3685 1353 3757 festissime
1397 3685 1732 3752 fateamur
1774 3681 2094 3751 collatam
2140 3703 2182 3751 a
2221 3682 2514 3753 Domino
2557 3692 2990 3754 sacrosancte
3033 3683 3340 3754 Romane
3380 3681 3578 3754 Sedis
3620 3680 3792 3750 anti-

989 3807 1129 3879 stiti
1183 3806 1563 3901 plenariam
1608 3804 1679 3874 in
1734 3803 2206 3897 spiritualibus
2254 3813 2704 3897 potestatem,
2754 3814 2834 3875 ut
2878 3815 3556 3898 quantumcumque,
3608 3800 3789 3896 quod

987 3931 1192 4019 absit,
1230 3931 1318 4000 sit
1348 3930 1464 4000 ille
1499 3936 1849 4023 peccator,
1885 3927 2074 4018 quod
2110 3926 2184 3996 in
2218 3937 2399 3998 terra
2435 3928 2776 4020 ligaverit,
2815 3928 2907 3998 sit
2937 3928 3142 3999 etiam
3170 3929 3458 4020 ligatum
3486 3928 3559 3997 in
3591 3926 3782 4015 ceIiS,

989 4063 1060 4123 et
1116 4052 1306 4145 quod
1349 4051 1633 4123 solverit
1682 4048 1772 4119 sit
1810 4050 2152 4140 solutum3
2207 4071 2550 4142 nusquam
2592 4060 3072 4122 verumtamen
3117 4052 3369 4142 legitur
3408 4050 3644 4121 divina
3682 4047 3786 4118 vel

989 4175 1290 4245 humana
1322 4176 1473 4266 lege
1521 4172 1652 4243 sibi
1682 4192 2119 4261 concessum,
2160 4172 2352 4263 quod
2388 4175 2754 4245 transferre
2800 4194 2927 4267 pro
2981 4174 3174 4245 libito
3206 4174 3423 4267 possit
3468 4171 3781 4267 imperia,

987 4304 1109 4365 aut
1135 4296 1223 4365 de
1256 4294 1621 4388 puniendis
1654 4295 2122 4388 temporaliter
2161 4295 2233 4365 in
2271 4294 2657 4389 privatione
2698 4317 3072 4387 regnorum
3117 4296 3399 4387 regibus
3446 4306 3569 4366 aut
3612 4303 3785 4364 terre

982 4415 1411 4512 principibus
1436 4415 1773 4508 judicare.
1811 4418 1987 4488 Nam
2023 4418 2187 4489 licet
2225 4418 2319 4489 ad
2358 4440 2519 4490 eum
2564 4418 2653 4490 de
2689 4420 2849 4512 jure
2892 4429 2960 4489 et
3005 4439 3196 4489 more
3233 4420 3573 4511 majorum
3622 4436 3782 4488 con·

1056 4669 1125 4744 (t)
1161 4669 1398 4739 nour„
1428 4668 1531 4724 Ars
1555 4668 1772 4741 poetic„
1796 4667 1890 4725 lib.
1919 4669 2009 4726 111.
