4364 5738
1080 525 1201 588 382
2069 526 2495 588 Fltmmuct
2544 527 2893 589 ssscunm
3506 531 3668 612 [Ans.
3706 531 3878 594 1245.

1081 661 1267 732 tione
1308 670 1379 732 et
1417 662 1734 755 pactione
1779 672 1859 735 ut
1898 664 2031 735 sub
2085 664 2259 734 tanti
2303 660 2645 757 pontificis
2694 662 3188 736 mundiburdio
3233 674 3305 735 et
3350 664 3750 739 defensione
3796 668 3885 739 ab

1079 785 1269 857 omni
1328 785 1883 857 adversariorum
1934 788 2190 879 injusta
2243 785 2502 860 lesione
2549 785 2819 879 protegi
2869 796 3152 880 possent
3204 797 3275 858 et
3323 787 3693 860 defensari.
3743 793 3885 862 Hoc

1080 929 1324 980 revera
1358 918 1440 979 ut
1481 910 1716 981 felices
1747 911 2211 1001 negotiatores
2245 909 2629 1004 prudenter
2659 909 3006 998 fecerunt,
3048 909 3349 1003 primum
3378 923 3664 1006 propter
3691 934 3880 1007 spem

1076 1034 1219 1105 vite
1251 1041 1488 1103 eterne
1520 1033 1613 1104 ob
1653 1033 2125 1105 remissionem
2158 1042 2601 1126 peccatorum
2628 1031 2938 1102 omnium
2966 1042 3328 1125 parentum
3355 1044 3826 1127 postumorum
3849 1087 3869 1124 ,

1076 1156 1747 1248 consanguineorum
1780 1137 2328 1251 propinquorum
2350 1207 2370 1244 ,
2404 1166 2477 1226 et
2505 1154 2884 1225 amicorum
2911 1154 3255 1248 simulque
3287 1157 3597 1228 omnium
3632 1158 3723 1230 ad
3754 1180 3871 1229 cu-

1077 1281 1248 1351 riam
1267 1301 1463 1350 suam
1487 1279 2003 1372 pertinentium,
2022 1280 2114 1350 ob
2140 1278 2544 1351 memoriam
2567 1298 2844 1370 quoque
2865 1298 3136 1370 regum,
3163 1278 3668 1373 episcoporum,
3686 1281 3870 1376 prin·

1074 1404 1306 1498 cipum
1346 1412 1417 1473 et
1456 1403 1763 1472 omnium
1798 1402 2108 1496 predicte
2148 1403 2323 1473 celle
2365 1410 2620 1472 statum
2665 1410 2737 1471 et
2773 1399 3111 1472 honorem
3158 1402 3590 1493 diligentium
3645 1412 3717 1474 et
3754 1402 3873 1474 de-

1076 1525 1507 1596 fendentium
1539 1534 1748 1616 atque
1764 1525 2074 1595 omnium
2109 1545 2391 1618 prorsus
2415 1523 2660 1595 Christi
2693 1521 3029 1613 fidelium,
3053 1535 3123 1594 et
3150 1535 3357 1618 prout
3388 1546 3590 1618 posse
3616 1525 3871 1596 suberit

1076 1660 1154 1720 ut
1184 1649 1451 1719 cunctis
1478 1647 1720 1719 Christi
1753 1648 2172 1742 pauperihus
2205 1645 2591 1718 beneficum
2622 1646 2762 1717 illic
2789 1645 3072 1741 patefiat
3094 1649 3644 1742 receptaculum;
3672 1648 3870 1741 hujus

1075 1770 1611 1845 confirmationis
1648 1792 1687 1840 a
1730 1770 2003 1842 duobus
2051 1770 2445 1864 apostolicis
2489 1770 2765 1840 Urbano
2815 1769 3075 1841 scilicet
3127 1770 3434 1844 secundo
3488 1781 3560 1843 et
3600 1773 3870 1844 Pascale

1075 1895 1380 1967 secundo
1413 1894 1575 1965 bina
1613 1903 1852 1964 tenent
1880 1893 2239 1988 privilegia
2271 1893 2341 1963 in
2374 1892 2627 1984 quibus
2653 1901 2723 1963 et
2759 1892 2893 1964 hoc
2929 1893 3269 1964 sancitum
3303 1903 3408 1966 est
3444 1906 3524 1966 ut
3555 1895 3866 1986 quando-

1074 2039 1350 2110 cunque
1379 2028 1572 2111 patre
1602 2039 1729 2088 suo
1761 2017 2099 2110 spirituali
2134 2017 2359 2087 orbati
2391 2016 2672 2104 fuerint,
2708 2015 2838 2108 ipsi
2867 2014 3179 2107 ejusdem
3202 2017 3601 2089 monasterii
3634 2016 3867 2088 fratres

1071 2142 1373 2212 habeant
1411 2141 1698 2211 liberam
1730 2149 2141 2234 potestatem
2168 2138 2550 2210 secundum
2584 2139 2890 2229 regulam
2927 2139 3145 2209 sancti
3184 2138 3535 2210 Benedicti
3582 2139 3761 2209 inter
3797 2160 3867 2210 se

1070 2266 1185 2338 vel
1209 2264 1672 2355 undecunque
1700 2263 2044 2334 voluerint
2068 2264 2394 2333 abbatem
2422 2262 2551 2333 sibi
2570 2282 2711 2333 non
2732 2262 2954 2333 solum
2975 2262 3304 2354 eligendi,
3330 2262 3455 2334 sed
3476 2262 3684 2333 etiam
3706 2284 3863 2333 con-

1073 2389 1428 2459 stituendi.
1451 2388 1768 2458 Preterea
1794 2397 1872 2456 ut
1897 2387 2071 2456 nulli
2096 2385 2563 2471 sacerdotum,
2595 2405 2836 2474 regum
2860 2385 2971 2455 vel
3004 2384 3261 2456 ducum
3277 2395 3399 2455 aut
3416 2385 3743 2455 comitum
3757 2384 3864 2456 vel

1072 2511 1537 2603 quarumlibet
1578 2529 2030 2604 personarum
2060 2508 2264 2579 liceat
2290 2508 2364 2577 in
2406 2528 2489 2577 eo
2523 2508 2675 2578 loco
2701 2506 2967 2597 aliquas
3005 2506 3133 2578 sibi
3162 2507 3601 2600 proprietatis
3631 2506 3863 2578 condi-

1074 2635 1323 2721 tioneS,
1344 2655 1487 2704 non
1516 2631 1911 2703 hereditarii
1930 2631 2134 2722 juris,
2169 2652 2308 2701 non
2343 2629 2732 2718 advocatie,
2758 2650 2900 2700 non
2924 2630 3292 2722 cujuslibet
3316 2630 3675 2722 potestatis
3696 2625 3860 2726 [vel]

1070 2756 1564 2851 usurpationiS,
1596 2776 1733 2847 que
1767 2754 2066 2825 libertati
2103 2752 2500 2825 monasterii
2536 2761 2809 2841 noceat,
2847 2753 3241 2824 vendicare.
3279 2751 3715 2824 Advocatum
3741 2753 3863 2823 sibi

1070 2879 1535 2953 constituendi
1555 2880 1865 2949 utabbas
1897 2879 2102 2949 etiam
2130 2899 2286 2948 cum
2318 2877 2459 2947 suis
2487 2877 2810 2948 fratribus
2833 2877 3121 2948 liberam
3150 2876 3404 2947 habeat
3430 2886 3855 2970 potestatem,

1071 3015 1139 3074 et
1171 3004 1227 3074 si
1256 3004 1313 3073 is
1342 3001 1780 3095 postmodum
1811 3000 2226 3072 monasterio
2259 3000 2516 3069 inutilis
2548 2999 2791 3088 suerit,
2822 3009 3085 3071 remoto
3114 3020 3197 3070 eo
3230 3000 3441 3069 alium
3468 2999 3852 3069 constituat.

1066 3125 1432 3194 Decretum
1465 3144 1742 3214 quoque
1771 3123 1867 3193 ibi
1898 3131 2001 3193 est
2032 3132 2110 3192 ιιι
2141 3122 2317 3192 nulli
2347 3121 2627 3193 omnino
2661 3121 3012 3192 hominum
3052 3122 3255 3192 liceat
3283 3122 3467 3192 idem
3504 3122 3858 3193 cenobium

1068 3257 1325 3317 temere
1359 3245 1762 3338 perturbare
1789 3255 1910 3316 aut
1937 3244 2247 3316 subditas
2276 3245 2341 3315 ei
2370 3245 2836 3340 possessiones
2866 3245 3165 3334 auferre,
3194 3245 3504 3316 minuere
3530 3246 3644 3316 vel
3666 3254 3863 3316 teme·

1060 3369 1259 3441 rariis
1306 3368 1789 3438 vexationibus
1820 3369 2141 3461 fatigare,
2195 3367 2319 3439 sed
2351 3369 2584 3439 omnia
2623 3369 2887 3459 integre
2934 3379 3429 3441 conserventur
3469 3389 3711 3440 eorum
3743 3389 3857 3462 pro

1061 3514 1358 3586 quorum
1400 3492 1895 3563 sustentatione
1937 3514 2021 3563 ac
2064 3492 2565 3583 gubernatione
2606 3512 2931 3563 concessa
2967 3500 3129 3561 sunt
3172 3492 3410 3562 usibus
3454 3491 3857 3562 omnimodis

1058 3617 1442 3711 profutura.
1482 3616 1558 3684 In
1591 3613 1728 3685 fine
1757 3616 2038 3686 additur
2067 3626 2147 3685 ut
2186 3615 2243 3684 si
2275 3614 2429 3705 quis
2461 3614 2532 3683 in
2569 3614 2943 3684 crastinum
2980 3612 3530 3707 archiepiscopus
3560 3623 3682 3684 aut
3717 3614 3855 3707 epi-

1059 3760 1347 3832 scopus,
1383 3739 1753 3831 imperator
1783 3747 1904 3808 aut
1936 3758 2102 3826 rex,
2146 3716 2296 3807 duit
2333 3738 2445 3811 vel
2497 3735 2834 3822 marchi0,
2878 3758 3110 3807 comes
3152 3747 3273 3808 aut
3317 3738 3703 3809 vicecomes
3743 3746 3856 3807 aut

1058 3882 1354 3957 persona
1386 3861 1695 3953 quelibet
1739 3861 2202 3931 ecclesiastica
2243 3861 2353 3930 vel
2389 3859 2715 3931 secularis
2748 3859 2954 3951 hujus
3005 3859 3510 3930 constitutionis
3543 3860 3855 3954 paginam

1057 3986 1281 4056 sciens
1322 3993 1561 4055 contra
1597 4005 1750 4054 eam
1793 3995 2048 4052 temere
2086 3981 2341 4075 venire.
2364 3976 2833 4075 temptaverit,
2876 3983 3183 4054 secundo
3232 3983 3523 4055 tertiove
3556 4004 3852 4055 commo-

1057 4108 1241 4178 nitus
1282 4108 1339 4179 si
1370 4130 1512 4179 non
1542 4107 2004 4178 satisfactione
2043 4127 2345 4197 congrua
2384 4105 2889 4195 emendaverit,
2926 4107 3282 4201 potestatis
3310 4106 3726 4199 honorisque
3755 4106 3854 4176 sui

1058 4230 1391 4319 dignitate
1438 4240 1669 4301 careat
1716 4246 2048 4323 reumque
2099 4251 2173 4299 se
2218 4228 2456 4299 divino
2506 4228 2765 4319 judicio
2811 4229 3106 4301 existere
3152 4230 3240 4300 de
3286 4239 3681 4324 perpetrata
3726 4227 3851 4299 ini-

1059 4352 1320 4443 quitate
1350 4361 1720 4443 cognoscat
1755 4362 1965 4445 atque
1994 4374 2035 4423 a
2072 4352 2530 4423 sacratissimo
2558 4373 2846 4446 corpore
2876 4352 3152 4423 Domini
3183 4352 3398 4425 nostri
3418 4353 3581 4424 lesu
3613 4350 3853 4424 Christi

1057 4472 1324 4544 alienus
1374 4473 1494 4544 fiat
1542 4489 1612 4545 et
1655 4476 1725 4545 in
1776 4486 2089 4546 extremo
2136 4475 2458 4546 examine
2509 4475 2813 4546 districte
2863 4476 3110 4546 ultioni
3159 4476 3537 4567 subjaceat.
3587 4473 3853 4546 Cunctis

1057 4605 1290 4667 autem
1338 4595 1563 4667 eidem
1603 4598 1755 4669 1000
1792 4600 1979 4689 justa
2017 4599 2452 4670 servantibus
2492 4599 2582 4670 sit
2628 4604 2773 4694 pax
2820 4599 3096 4671 nomini
3143 4578 3359 4671 nostri
3404 4600 3566 4671 Jesu
3615 4596 3851 4670 Christi
