4364 5738
1041 563 1167 627 ⁴oe
2035 567 2469 630 nimime!
2508 566 2865 630 §liceum
3484 563 3649 642 [stim.
3685 562 3867 625 124⁷.

1044 697 1559 793 quantumlibet
1583 699 1674 770 sit
1697 700 2088 794 sumptibus
2118 711 2437 793 onerata,
2470 691 2642 774 tunc
2682 720 2761 772 se
2791 698 3218 793 jussionibus
3248 697 3504 769 nostris
3533 696 3869 770 exhibent

1043 821 1466 894 indefessam
1498 844 1660 895 cum
1702 844 1903 895 casus
1947 833 2021 896 et
2054 846 2264 898 cause
2296 847 2372 898 se
2403 825 2765 918 ingerunt,
2794 842 2955 897 cum
2988 822 3080 894 ad
3113 840 3522 894 succursum
3562 821 3895 898 celerem⁴

1043 945 1325 1017 utilitati
1359 948 1728 1037 conjuncta
1762 943 2193 1046 [necessitas]
2225 949 2483 1021 amicos
2527 947 2927 1044 persuadet.
2968 946 3133 1017 Sine
3175 945 3516 1039 scriptura
3553 944 3865 1038 profecto

1043 1068 1156 1172 vel
1185 1067 1434 1140 nuntio
1469 1068 1645 1139 scire
1676 1090 1805 1141 vos
1823 1069 2184 1141 credimus
2208 1080 2549 1162 quantum
2578 1091 2676 1141 ex
2705 1077 2934 1140 castro
2965 1077 3036 1139 et
3065 1067 3231 1138 villa
3257 1066 3491 1137 Pontis
3520 1065 3861 1156 Tremuli,

1045 1188 1216 1263 dum
1238 1192 1311 1263 in
1338 1189 1478 1265 fide
1503 1203 1740 1265 nostra
1759 1192 2190 1288 persisteret,
2214 1192 2416 1267 nobis
2434 1201 2506 1265 et
2527 1192 2782 1266 nostris
2812 1200 3048 1287 posset
3074 1190 3322 1263 afferre
3338 1188 3858 1284 compendium,

1042 1323 1520 1419 quantumque
1560 1326 1933 1413 propterea
1972 1317 2031 1388 si
2065 1316 2136 1388 in
2165 1325 2439 1411 partem
2466 1315 2888 1390 contrariam
2918 1315 3244 1404 cederet,
3288 1335 3503 1406 grave
3544 1313 3637 1384 de
3680 1311 3861 1383 facili

1043 1434 1486 1532 dispendium
1524 1437 1906 1530 timeretur,
1946 1440 2141 1510 velut
2172 1439 2244 1510 in
2281 1440 2483 1532 cujus
2515 1438 2782 1532 gremio
2808 1458 2853 1509 a
2878 1437 3082 1509 nobis
3112 1446 3192 1508 et
3218 1435 3476 1507 nostris
3507 1434 3603 1506 ad
3631 1444 3861 1529 partes

1042 1557 1320 1650 Ligurio
1359 1568 1431 1630 et
1473 1559 1568 1631 ad
1602 1582 1730 1632 nos
1760 1560 2016 1633 abinde
2049 1562 2388 1657 precipuo
2426 1583 2549 1633 seu
2582 1560 2914 1652 singulari
2947 1559 3118 1654 quin
3147 1559 3387 1653 ‚potius
3415 1553 3856 1655 [necessario]

1043 1681 1236 1753 aditu
1259 1685 1689 1774 remanente,
1716 1694 2046 1779 tanquam
2070 1685 2554 1758 deficientibus
2570 1685 2728 1757 aliis
2749 1684 3021 1757 viarum
3044 1682 3404 1779 passagiis,
3429 1681 3593 1753 inde
3615 1698 3856 1776 super-

1044 1814 1151 1876 est
1175 1805 1380 1877 unica
1417 1806 1630 1879 clavis
1664 1816 1736 1879 et
1756 1810 1976 1899 janua
2006 1831 2146 1903 que
2176 1810 2434 1882 nostris
2456 1808 2783 1882 fidelibus
2804 1828 3123 1880 reserare
3159 1815 3388 1901 potest
3426 1814 3499 1876 et
3530 1804 3856 1876 claudere

1044 1929 1406 2000 transitum
1447 1939 1518 2001 et
1559 1952 1975 2022 regressum.
2017 1933 2188 2005 Cum
2234 1933 2472 2026 igitur,
2502 1932 2674 2004 villa
2716 1931 2866 2026 ipsa
2905 1931 3086 2002 sicut
3120 1949 3347 2023 nuper
3379 1927 3780 2021 accepimus
3812 1947 3855 1998 a

1041 2048 1205 2123 fidei
1254 2064 1488 2125 nostre
1539 2054 1835 2126 servitiis
1881 2055 2241 2146 deviante,
2280 2065 2585 2127 castrum
2634 2055 3023 2150 predictum
3079 2054 3151 2124 in
3204 2062 3443 2124 nostra
3486 2051 3855 2123 devotione

1040 2171 1340 2246 fideliter
1369 2189 1803 2270 perseveret,
1842 2187 2034 2251 tanto
2065 2201 2192 2251 vos
2226 2177 2471 2252 fideles
2504 2187 2780 2251 nostros
2822 2198 3034 2271 super
3079 2176 3216 2248 hoc
3250 2176 3434 2247 vires
3460 2170 3852 2272 [exercere]

1042 2298 1328 2392 expedit
1357 2300 1622 2372 virilius
1655 2310 1992 2395 quantum
2024 2303 2095 2373 in
2124 2302 2525 2394 hujusmodi
2557 2302 2833 2374 casibus
2863 2301 2983 2393 qui
3013 2321 3277 2372 moram
3304 2321 3445 2371 non
3478 2297 3759 2392 capiunt
3784 2306 3854 2367 et

1039 2423 1112 2493 in
1144 2425 1398 2516 quibus
1442 2426 1879 2518 negotiorum
1917 2439 2313 2500 nostrorum
2352 2429 2661 2501 omnium
2702 2451 2865 2525 pars
2908 2449 3159 2520 magna
3190 2434 3534 2517 versatur,
3572 2423 3852 2496 evidens

1040 2545 1128 2618 de
1170 2547 1353 2619 facili
1390 2559 1667 2644 pararet
1699 2550 1937 2623 dilatio
1975 2552 2497 2624 detrimentum.
2530 2552 2907 2624 Fidelitatis
2941 2572 3107 2644 ergo
3138 2560 3367 2623 vestre
3400 2548 3849 2621 constantiam

1034 2691 1163 2765 per
1192 2692 1404 2765 quam
1433 2672 1832 2764 hujusmodi
1859 2677 2102 2747 morbo
2137 2675 2465 2771 precipue
2493 2674 2841 2747 credimus
2873 2674 3207 2746 adhibere
3236 2673 3604 2761 medelam,
3633 2669 3854 2764 requi·

1034 2795 1254 2868 rimus
1282 2805 1354 2868 et
1384 2796 1744 2869 hortamur
1765 2808 2028 2872 attente
2061 2801 2393 2895 quatinus
2414 2799 2602 2873 sicut
2628 2811 2936 2892 unquam
2962 2799 3257 2891 gratiam
3290 2805 3596 2869 nostram
3625 2794 3848 2888 diligi-

1036 2920 1125 2993 tis
1154 2930 1226 2992 et
1250 2920 1590 2993 honorem
1617 2944 1702 2995 ac
1727 2945 1961 2995 coram
1994 2925 2197 2997 nobis
2223 2927 2535 2999 favorem
2564 2933 2635 2996 et
2657 2923 2949 3017 gratiam
2978 2923 3229 3017 cupitis
3259 2921 3600 3012 invenire,
3618 2919 3847 2992 statim

1029 3045 1238 3136 juxta
1265 3046 1778 3139 requisitionem
1810 3048 2153 3119 Frederici
2187 3048 2274 3120 de
2305 3047 2676 3121 Antiochia
2708 3047 2979 3119 comitis
3006 3046 3213 3137 Albe,
3242 3045 3584 3137 generalis
3613 3042 3849 3117 vicarii

1036 3148 1315 3257 Tuscis,
1355 3168 1587 3240 dilecti
1617 3156 1737 3239 filii
1775 3170 2029 3262 nostri,
2067 3171 2180 3243 cui
2217 3171 2473 3243 exinde
2504 3171 2903 3261 scribimus,
2938 3170 3343 3263 quantatem
3379 3168 3690 3261 ejusdem
3720 3187 3843 3239 ne·

1034 3289 1204 3383 gotii
1232 3287 1628 3383 diligentius
1648 3291 2118 3385 advertenteS,
2150 3293 2244 3366 ad
2268 3295 2864 3390 recuperationem
2892 3293 3055 3365 ville
3083 3292 3393 3388 predicte
3414 3301 3485 3362 et
3504 3291 3845 3363 defensio-

1031 3420 1195 3486 nem
1229 3395 1648 3507 'hujusmodi
1686 3414 1889 3488 castri
1935 3417 2370 3511 congregatis
2405 3418 2670 3490 viribus
2724 3425 3044 3513 potenter
3089 3425 3161 3487 et
3207 3415 3524 3487 celeriter
3564 3435 3843 3486 succur-

1031 3538 1233 3629 ratiS,
1261 3539 1381 3611 'si'c
1435 3561 1643 3637 super
1688 3536 1822 3611 hiis
1857 3546 1938 3611 'et
1973 3530 2448 3634 pacificatione
2485 3534 2710 3613 Strate
2756 3538 3099 3611 Lunisane
3145 3530 3451 3610 studium
3490 3528 3739 3610 efficax
3776 3547 3847 3609 et

1030 3662 1247 3733 robur
1285 3672 1356 3733 et
1396 3662 1664 3735 animos
1713 3673 2122 3736 exercentes
2161 3674 2241 3735 ut
2279 3686 2475 3759 spem
2521 3685 2734 3758 quam
2779 3663 2869 3735 de
2914 3663 3114 3735 vobis
3155 3662 3461 3754 gerimus
3499 3661 3572 3731 in
3617 3654 3843 3732 animo

1028 3783 1451 3855 fructuosam
1483 3784 1685 3856 nobis
1722 3805 1817 3855 ex
1848 3807 2059 3880 opere
2093 3787 2605 3860 demonstretis.
2645 3788 2776 3858 Pro
2806 3785 2946 3858 fide
2980 3785 3262 3879 quidem
3297 3794 3529 3856 tenere
3560 3804 3688 3856 vos
3715 3804 3839 3855 vo·

1026 3908 1260 3979 lumus
1286 3906 1477 4002 quod
1504 3908 1696 3978 nulla
1726 3908 1927 3979 nobis
1952 3910 2343 4003 prestitistis
2369 3910 2706 3982 hactenus
2735 3911 2845 3981 vel
2876 3908 2947 3979 in
2973 3918 3184 3980 antea
3213 3907 3507 4002 possetis
3537 3915 3841 4001 prestare

1027 4028 1118 4104 ad
1146 4015 1477 4126 placitum
1511 4031 1843 4126 obsequia
1873 4032 2211 4125 gratiora,
2232 4044 2346 4104 'ex
2383 4032 2783 4126 hujusmodi
2816 4030 3150 4104 laudabili
3186 4029 3671 4126 prosecutione
3698 4050 3841 4100 ser-

1024 4155 1175 4228 vitii
1205 4156 1294 4227 ad
1322 4155 1789 4228 universitatis
1812 4167 1883 4227 et
1905 4155 2396 4251 singularitatis
2423 4167 2654 4229 vestre
2682 4155 3045 4229 commoda
3076 4164 3308 4227 nostre
3334 4151 3839 4246 magnificentie

1028 4277 1390 4351 dexteram
1418 4282 1806 4374 specialiter
1838 4281 2307 4373 obligantibus
2340 4281 2773 4353 debitricem.
2809 4281 2951 4352 Nos
2984 4280 3170 4350 enim
3202 4280 3271 4348 in
3312 4277 3634 4372 proximo
3664 4285 3838 4346 tem-

1025 4402 1214 4499 poris
1236 4405 1704 4496 oportunitate
1729 4414 2030 4500 captata,
2063 4405 2137 4476 in
2166 4426 2382 4476 manu
2409 4404 2570 4477 forti
2601 4413 2677 4476 et
2704 4402 2905 4497 copia
2930 4402 3414 4474 thesaurorum
3438 4399 3542 4471 sic
3565 4398 3658 4470 ad
3682 4397 3840 4469 ulti·

1023 4549 1218 4600 mum
1275 4528 1763 4601 exterminium
1818 4541 2215 4604 nostrorum
2252 4529 2640 4602 rebellium
2690 4537 2765 4601 et
2804 4538 3067 4600 statum
3112 4525 3422 4598 fidelium
3474 4519 3836 4619 pacificum

1022 4650 1575 4746 procurandum,
1614 4652 1913 4746 negotiis
1942 4653 2097 4726 aliis
2125 4652 2585 4750 pretermissis
2610 4660 2844 4749 partes
2867 4651 3060 4725 Italie
3087 4647 3609 4744 magnificenter
3646 4664 3841 4741 repe·
