4364 5738
588 477 792 537 umor.
822 470 918 556 2.]
1492 467 1891 531 nisronm
1940 470 2537 534 nirtounriefl.
3297 472 3415 535 193

683 606 1110 695 FridericuS,
1151 603 1280 676 Dei
1313 603 1535 697 gratia
1565 604 2034 675 Romanorum
2068 605 2447 702 imperator
2489 628 2766 702 semper
2804 617 3178 698 augustuS,
3214 609 3412 680 Jeru-

586 732 806 805 salem
838 740 911 803 et
937 728 1165 801 Sicilie
1199 748 1376 822 rex,
1411 727 1765 822 potestati,
1808 729 2097 801 consilio
2130 740 2204 802 et
2236 730 2587 803 communi
2618 730 3059 822 Pergamensi
3091 730 3416 803 fidelibus

587 855 733 928 suis
764 851 1059 948 gratiam
1090 873 1289 924 suam
1318 860 1389 922 et
1419 852 1677 922 bonam
1709 850 2168 925 voluntatem.
2200 853 2498 927 Nuntios
2526 863 2796 926 vestros
2833 854 3088 926 latores
3119 873 3416 949 presen-

589 976 765 1049 tium
793 974 1036 1048 fideles
1068 983 1341 1046 nostros
1367 994 1545 1066 quos
1578 971 1670 1044 ad
1700 983 2009 1046 nostram
2044 976 2465 1070 presentiam
2488 974 2911 1067 destinastis,
2948 984 3141 1048 tanto
3160 975 3416 1068 Jocun-

592 1099 751 1173 dius
793 1098 1208 1172 excellentia
1239 1108 1473 1169 nostra
1505 1096 1683 1169 vidit
1711 1097 2116 1191 gratiusque
2147 1099 2451 1195 suscepit
2481 1109 2745 1193 quanto
2777 1108 2850 1169 et
2886 1109 3201 1171 nostrum
3230 1098 3419 1194 ipsos

593 1221 1009 1314 gaudentius
1044 1221 1557 1316 beneplacitum
1590 1221 2026 1316 expectavit3
2060 1232 2132 1294 et
2178 1222 2310 1318 ipsi
2348 1232 2679 1316 tanquam
2716 1221 2972 1294 conscii
3010 1243 3095 1293 ac
3134 1241 3420 1295 veraces

592 1351 825 1419 vestre
877 1345 1228 1418 fidelitatis
1282 1347 1729 1440 interpretes,
1786 1342 1997 1418 fidem
2016 1398 2038 1439 ,
2092 1347 2551 1419 constantiam
2569 1398 2591 1439 ,
2646 1347 3042 1418 voluntates
3092 1354 3163 1416 et
3205 1344 3421 1418 corda

594 1478 828 1542 vestra
865 1469 935 1540 in
970 1478 1348 1564 conspectu
1379 1478 1619 1542 nostro
1651 1468 2023 1542 devotione
2054 1470 2443 1562 gratissima
2491 1478 3006 1565 presentarunt.
3042 1467 3309 1553 Quibus
3345 1469 3418 1540 in

596 1592 910 1665 auditulo
954 1605 1192 1664 nostro
1251 1592 1616 1664 commisse
1679 1591 1811 1663 sibi
1859 1593 2225 1685 legationis
2283 1593 2588 1666 officium
2646 1592 3095 1688 implentibus
3158 1590 3419 1665 conde·

595 1724 861 1806 center,
914 1735 1008 1787 ex
1046 1713 1353 1809 ipsorum
1397 1714 1581 1786 inter
1632 1722 1864 1785 cetera
1918 1714 2251 1788 relatione
2293 1713 2683 1810 recepimus
2725 1715 2954 1785 zelum
2996 1722 3308 1787 vestrum
3352 1723 3424 1786 et

592 1846 836 1910 votum
884 1837 1176 1909 anxium
1221 1838 1475 1932 quibus
1512 1835 1895 1908 adventum
1942 1848 2258 1910 nostrum
2299 1837 2390 1910 ad
2439 1848 2673 1932 partes
2719 1847 2986 1909 vestras
3029 1837 3417 1931 exquiritis.

595 1960 707 2033 Ad
733 1959 870 2032 hoc
903 1971 1135 2032 tamen
1177 1956 1392 2056 [cum]
1426 1980 1570 2030 non
1597 1959 1829 2031 minus
1861 1960 2105 2033 utilem
2132 1982 2345 2054 quam
2377 1960 2841 2032 necessariam
2872 1960 3269 2052 ingerentes
3312 1958 3423 2055 (P)

598 2082 928 2154 ardenter
971 2095 1109 2156 tam
1152 2092 1392 2154 nostre
1432 2103 1727 2178 persone
1771 2083 2193 2178 presentiam
2241 2104 2451 2177 quam
2495 2082 2878 2177 potentiam
2916 2084 3168 2155 virium
3215 2082 3424 2156 affec·

601 2205 798 2294 tatis,
830 2208 1140 2301 profecto
1179 2228 1390 2301 super
1432 2206 1568 2278 hoc
1604 2207 1854 2278 vestris
1895 2205 2259 2279 desideriis
2293 2215 2531 2278 nostra
2563 2225 2841 2300 semper
2870 2206 3225 2301 proposita
3261 2228 3428 2279 con-

599 2338 915 2421 current3
956 2338 1028 2400 et
1059 2338 1675 2423 quantumcunque
1712 2330 1783 2400 in
1815 2330 2128 2426 partibus
2154 2330 2329 2422 istis,
2367 2329 2548 2400 sicut
2587 2349 2731 2400 non
2765 2338 2872 2400 est
2905 2329 3105 2401 vobis
3132 2328 3429 2402 abscon·

600 2450 859 2543 ditum,
903 2474 1137 2524 rerum
1188 2453 1391 2525 nobis
1429 2453 1787 2525 molimina
1831 2452 2203 2546 grandium
2253 2452 2557 2524 mundus
2602 2452 2965 2544 ingesserit
3016 2463 3139 2524 aut
3186 2454 3432 2546 quevis

600 2573 1034 2648 diversarum
1075 2578 1482 2648 facultatum
1528 2577 1885 2649 obstacula
1927 2577 2189 2649 malitia
2234 2576 2563 2670 temporis
2600 2576 3018 2671 apportarit,
3058 2576 3434 2671 specialem

604 2698 696 2771 ad
734 2720 864 2772 vos
911 2699 1165 2773 mentis
1201 2700 1528 2772 intuitum
1578 2700 2051 2796 speculatione
2092 2700 2424 2773 continua
2473 2698 2893 2791 direximus,
2944 2700 3190 2772 modos
3231 2700 3431 2774 inve·

605 2824 756 2897 nire
780 2823 1041 2917 jugiter
1072 2824 1458 2918 cogitantes
1485 2834 1558 2896 et
1589 2824 1739 2898 vias
1765 2825 2020 2919 quibus
2051 2824 2165 2897 hic
2197 2822 2551 2898 collocatis
2581 2821 3084 2896 discordiarum
3110 2822 3435 2897 fluctibus

607 2958 731 3041 aut
764 2948 1059 3040 sedatis,
1097 2949 1397 3021 liberum
1443 2949 1538 3021 ad
1578 2971 1708 3022 vos
1753 2948 2082 3023 veniendi
2116 2949 2428 3021 volatum
2476 2957 2619 3019 tam
2661 2945 3172 3041 presentialiter
3222 2967 3434 3039 quam

609 3072 1079 3165 potentialiter
1116 3072 1558 3145 haberemus·
1595 3073 1906 3166 Cumque
1948 3073 2158 3145 talem
2197 3070 2271 3143 in
2312 3070 2514 3144 nobis
2555 3068 2765 3142 anxie
2803 3069 3185 3143 voluntatis
3225 3070 3433 3143 affec·

614 3204 764 3265 tum
808 3193 929 3265 diu
978 3194 1162 3265 inter
1199 3216 1328 3267 nos
1366 3205 1438 3266 et
1475 3195 1853 3268 Ecclesiam
1903 3206 2201 3269 matrem
2238 3204 2548 3268 nostram
2588 3203 2739 3266 orta
2789 3192 3124 3267 dissentio
3167 3194 3434 3289 specia-

613 3316 773 3389 liter
829 3316 1239 3412 impediret,
1287 3340 1419 3390 nec
1470 3318 1851 3391 adventum
1903 3329 2219 3392 nostrum
2277 3318 2372 3390 ad
2418 3339 2548 3391 vos
2599 3315 2752 3391 fieri
2810 3339 3013 3414 posse
3071 3317 3435 3392 commode

613 3438 1040 3529 videremuS,
1073 3440 1206 3511 nisi
1238 3441 1430 3536 prius
1463 3450 1755 3512 matrem
1795 3452 1868 3514 et
1904 3440 2124 3514 filium
2160 3441 2398 3513 invida
2432 3438 2704 3513 dudum
2743 3441 3238 3512 sceleratorum
3276 3462 3437 3536 per·

616 3563 942 3635 versitate
979 3564 1328 3655 sejunctos
1363 3563 1594 3636 debite
1627 3564 1817 3661 pacis
1846 3564 2134 3638 affectus
2168 3573 2241 3636 et
2276 3572 2516 3637 mutue
2559 3562 2950 3637 dilectionis
2987 3564 3227 3636 oscula
3269 3585 3438 3637 cou-

619 3686 892 3777 nirent,
929 3687 1282 3758 nonnullis
1326 3688 1568 3782 mundi
1615 3687 2024 3783 primatibus
2054 3686 2148 3760 ad
2187 3687 2322 3759 hoc
2361 3684 2965 3782 interponentibus
3003 3698 3442 3781 partessssuas

618 3830 792 3904 quas
844 3807 939 3881 ad
992 3808 1069 3881 id
1130 3811 1472 3902 generalis
1528 3811 1771 3884 mundi
1837 3820 2060 3885 status
2115 3810 2551 3901 adduxerat,
2610 3809 2853 3882 audire
2903 3810 3198 3881 verbum
3252 3811 3443 3904 pacis

620 3932 918 4004 libenter
947 3931 1360 4028 incepimuS,
1401 3944 1473 4005 et
1504 3934 1604 4007 sic
1637 3936 1821 4008 inter
1849 3957 1979 4008 nos
2018 3945 2091 4007 et
2122 3934 2540 4025 Ecclesiam,
2578 3931 3028 4028 preveniente
3067 3932 3290 4025 gratia
3319 3935 3442 4006 Dei

622 4053 843 4125 nostri
875 4054 996 4148 qui
1032 4057 1196 4128 facit
1225 4067 1523 4151 utraque
1559 4080 1778 4129 unum
1814 4069 1886 4130 et
1927 4078 2348 4152 quocunque
2388 4055 2543 4127 vult
2583 4051 2795 4125 corda
2830 4074 3074 4145 regum
3114 4055 3439 4148 inclinat,

624 4187 858 4272 optate
893 4180 1081 4275 pacis
1113 4179 1384 4254 firmata
1423 4191 1588 4253 sunt
1621 4181 1858 4254 federa
1899 4192 1972 4255 et
2000 4182 2226 4255 omnis
2253 4180 2494 4254 odiose
2538 4175 2806 4249 dudum
2847 4178 3139 4251 materia
3176 4179 3444 4253 dissen-

627 4298 842 4373 sionis
876 4306 1210 4392 exclusa,
1230 4326 1372 4397 quo
1402 4327 1570 4377 vere
1602 4327 1687 4377 ac
1720 4306 1986 4379 stabilis
2017 4313 2337 4401 speratur
2366 4300 2660 4373 firmiter
2689 4299 2870 4373 inter
2906 4324 3036 4374 nos
3074 4302 3447 4377 concordia

629 4422 914 4495 unitatis
958 4436 1419 4519 proventura3
1474 4428 1872 4522 factumque
1918 4437 2025 4499 est
2070 4428 2168 4499 ita
2207 4436 2290 4499 ut
2326 4424 2513 4496 vires
2562 4432 2874 4513 nostras,
2924 4448 3098 4521 quas
3137 4427 3446 4500 locorum

630 4544 993 4618 diversitas
1038 4548 1292 4642 quibus
1343 4561 1649 4623 nostram
1694 4549 1942 4622 adesse
1987 4549 2411 4646 presentiam
2459 4547 2859 4643 oportebat,
2915 4551 3328 4644 segregabat
3374 4550 3448 4623 in

788 4673 896 4736 vl.
3053 4685 3127 4738 as
