4364 5738
588 1109 888 1163 [Pebmriod

966 597 1044 657 as
1962 601 2391 666 rmnmucl
2442 606 2791 666 sncnnm
3007 594 3025 625 ³
3403 608 3565 685 [Asu.
3601 608 3776 670 1242.

1378 869 2087 880 ——.-..—.-——--—--
2116 876 2127 881 -

1076 1129 1539 1237 FridericuS‚
1593 1129 2113 1214 Romanorum
2167 1132 2607 1240 imperator,
2664 1132 3035 1215 universis
3082 1131 3505 1215 abbatibus
3572 1132 3789 1240 regni

973 1263 1091 1345 sui
1138 1262 1396 1344 scribit
1455 1265 1551 1346 de
1606 1275 1847 1345 morte
1899 1264 2101 1374 regis
2145 1264 2476 1347 Heinrici
2530 1265 2667 1346 filii
2720 1266 2880 1368 sui,
2945 1278 3020 1348 et
3083 1276 3170 1347 ut
3210 1264 3376 1375 ejus
3431 1264 3788 1375 exequias

973 1395 1294 1479 solemni
1329 1396 1476 1478 ritu
1517 1396 1923 1478 celebrent.

1137 1610 1328 1690 (Edit.
1356 1628 1453 1688 ap.
1488 1611 1654 1672 Petri
1678 1608 1748 1670 de
1788 1612 1920 1672 Vin.
1951 1611 2148 1691 epist„
2174 1612 2277 1672 lib.
2308 1612 2432 1690 111,
2461 1629 2592 1689 cap.
2621 1614 2684 1691 Ι,
2714 1620 2775 1673 et
2797 1630 2894 1691 ap.
2918 1614 3066 1673 Rioc.
3098 1612 3167 1674 de
3186 1611 3485 1675 S.-Germ.
3518 1610 3784 1675 Chi-onie.

1212 1719 1289 1779 nd
1318 1735 1464 1779 ann.
1503 1727 1677 1796 1242,
1712 1737 1787 1780 ex
1813 1720 2110 1798 encyclica
2138 1720 2340 1781 abbati
2368 1724 2587 1781 montis
2613 1722 2842 1782 cassini
2869 1720 3140 1800 directa.)

1055 1906 1468 1997 FridericuS,
1490 1916 1624 1978 etc.
1645 1907 2110 1980 Misericordia
2129 1907 2225 2001 pii
2245 1907 2457 2001 patris
2473 1909 2694 1979 severi
2707 1908 2962 2000 judicis
2979 1909 3407 1980 exuberante
3419 1908 3785 2000 judicium,

973 2030 1270 2101 Heinrici
1295 2031 1732 2123 primogeniti
1755 2030 1874 2102 filii
1899 2030 2116 2103 nostri
2142 2032 2361 2103 fatum
2376 2030 2434 2127 (l
2451 2030 2479 2127 )
2497 2031 2735 2123 lugere
2755 2032 3260 2126 compellimur,
3281 2031 3790 2127 lachrymarum

971 2155 1062 2226 ab
1084 2154 1339 2225 intimis
1363 2155 1702 2227 educente
1728 2165 1976 2226 natura
2003 2155 2372 2246 diluvium,
2402 2155 2593 2248 quod
2619 2155 3007 2250 lachrymas
3041 2156 3301 2227 offense
3336 2157 3535 2227 dolor
3565 2164 3635 2226 et
3649 2156 3792 2247 jus-

973 2279 1132 2350 ticie
1166 2280 1350 2370 rigor
1381 2279 1792 2350 intrinsecus
1824 2277 2312 2350 obfirmabant.
2353 2279 2788 2351 Mirabantur
2826 2280 3110 2351 forsitan
3144 2279 3276 2352 diri
3300 2255 3538 2375 vpatres
3579 2278 3795 2351 invio-

972 2413 1119 2475 tum
1153 2402 1446 2498 publicis
1474 2403 1787 2474 hostibus
1824 2404 2142 2474 Cesarem
2176 2401 2418 2474 dolore
2452 2403 2832 2475 domestico
2864 2404 3169 2499 potuisse
3208 2404 3525 2475 convinci
3573 2430 3590 2473 ε
3635 2404 3795 2475 sub-

963 2528 1193 2619 jectus
1226 2538 1331 2598 est
1363 2536 1597 2597 tamen
1629 2526 2001 2617 cujuslibet
2034 2525 2364 2620 principis
2394 2526 2691 2618 animus,
2743 2529 3190 2621 quantumvis
3227 2527 3512 2619 rigidus,
3547 2537 3792 2598 nature

971 2650 1393 2723 dominantis
1413 2649 1727 2743 imperio.
1771 2649 1922 2733 Que
1952 2670 2109 2718 cum
2146 2649 2331 2720 vires
2355 2671 2513 2720 snas
2534 2662 2817 2722 exercet
2848 2651 2917 2722 in
2950 2652 3355 2745 quemlibet,
3375 2674 3573 2744 reges
3591 2661 3659 2722 et
3678 2652 3792 2722 Ce-

970 2795 1160 2845 sares
1198 2796 1339 2845 non
1376 2773 1711 2865 agnoscit.
1748 2773 2070 2845 Fatemur
2102 2774 2441 2866 siquidem
2471 2775 2661 2868 quod
2702 2776 2822 2869 qui
2861 2776 3001 2847 vivi
3036 2777 3217 2869 regis
3255 2776 3579 2872 superbia
3608 2774 3791 2846 flecti

970 2898 1439 3003 nequivimn8‚
1461 2921 1699 2970 sumus
1722 2899 2035 2990 ejusdem
2059 2896 2181 2969 filii
2205 2898 2423 2970 nostri
2452 2921 2616 2970 casu
2642 2901 2989 2972 commoti.
3016 2903 3267 2973 Sumus
3293 2911 3523 2972 tamen
3551 2923 3791 2972 eorum

970 3046 1102 3096 nec
1124 3024 1327 3119 primi
1350 3045 1481 3094 nec
1502 3022 1753 3113 ultimi,
1776 3023 1895 3114 qui
1920 3021 2217 3094 filiorum
2242 3023 2657 3094 detrimenta
2686 3025 3336 3117 transgredientium
3361 3026 3796 3121 pertulerunt

972 3159 1043 3220 et
1067 3147 1514 3219 nihilominus
1541 3160 1698 3242 post
1721 3168 1957 3218 eorum
1989 3148 2233 3217 funera
2263 3146 2739 3240 deploramnt.
2763 3148 2971 3218 Luxit
2993 3170 3290 3242 namque
3317 3148 3537 3220 David
3568 3146 3793 3219 triduo

972 3271 1509 3370 primogenitum
1543 3269 1963 3342 Absalonem
2001 3293 2017 3334 ε
2057 3270 2227 3342 etin
2255 3271 2561 3365 Pompeii
2593 3273 2834 3363 generi
2869 3273 2975 3342 sui
3008 3273 3307 3363 cinereS,
3339 3274 3691 3345 fortunam
3725 3283 3796 3342 et

973 3398 1274 3469 animam
1304 3395 1524 3466 soceri
1561 3395 2073 3489 persequentiS‚
2115 3392 2522 3487 magnificus
2559 3395 2674 3465 ille
2707 3395 2927 3466 Julius
2968 3396 3233 3490 primus
3267 3396 3472 3468 Cesar
3507 3403 3791 3489 paterne

974 3521 1250 3618 pietatis
1278 3519 1576 3591 officium
1612 3528 1683 3589 et
1713 3518 2103 3613 lachrymas
2129 3539 2270 3590 non
2304 3519 2609 3609 negavit.
2647 3521 2708 3589 N
2711 3540 2791 3590 ec
2819 3519 3016 3591 dolor
3044 3520 3418 3591 acerrimus
3446 3541 3540 3590 ex
3575 3529 3796 3590 trans-

974 3646 1328 3740 gressione
1355 3655 1730 3739 conceptus
1759 3652 1864 3715 est
1891 3642 2142 3714 efficax
2172 3643 2576 3737 parentibus
2599 3643 2942 3715 medicina
2973 3643 3254 3733 doloriS,
3294 3643 3463 3735 quin
3496 3642 3567 3711 in
3599 3641 3794 3713 obitu

972 3769 1273 3843 filiorum
1306 3779 1552 3841 natura
1584 3777 1935 3862 pungente
1956 3821 1975 3857 ,
2014 3790 2155 3839 non
2189 3767 2471 3840 doleant
2502 3775 2744 3838 contra
2779 3775 3097 3838 naturam
3132 3787 3175 3838 a
3209 3765 3367 3837 filiis
3401 3765 3792 3836 irreveren-

976 3906 1082 3967 ter
1115 3896 1380 3968 offensi.
1428 3894 1758 3965 Nolentes
1789 3890 2000 3983 igitur
2031 3902 2100 3962 et
2127 3890 2334 3963 etiam
2374 3912 2513 3960 non
2550 3891 2865 3962 valentes
2893 3890 3073 3960 circa
3102 3889 3392 3985 predicti
3424 3888 3545 3960 filii
3580 3888 3794 3960 nostri

976 4019 1241 4092 obitum
1285 4019 1604 4089 omittere
1646 4037 1785 4109 que
1826 4023 1989 4087 sunt
2030 4015 2269 4109 patriS‚
2303 4013 2616 4086 fidelitati
2674 4023 2790 4085 tue
2851 4013 3273 4108 presentium
3319 4022 3557 4084 tenore
3605 4033 3796 4083 man-

1256 4217 1369 4223 ---
1416 4215 1815 4222 .-.-.,-.-4--.---..-,-,...,ᾼ-Ὶ
3265 4206 3414 4216 ’,η’-α

1051 4325 1123 4400 (4)
1165 4345 1191 4379 α
1218 4324 1417 4380 Eodem
1446 4337 1630 4380 mense
1660 4321 1930 4380 februario
1966 4319 2228 4377 Henricus
2251 4318 2641 4391 primogenitus
2678 4318 3017 4393 imperatoris
3049 4325 3228 4377 tentus
3264 4319 3405 4392 apud
3433 4319 3799 4376 Martoranum

982 4423 1207 4481 naturali
1237 4433 1411 4478 morte
1436 4420 1756 4491 defungitur.
1788 4439 1814 4470 1>
1843 4419 1991 4474 Κίος.
2020 4417 2081 4474 do
2108 4417 2171 4474 S.
2205 4419 2385 4475 Germ.
2415 4417 2692 4487 Chronic„
2727 4418 2796 4473 ad
2824 4433 2955 4474 ann.
2988 4420 3147 4474 ⁴242.
3173 4417 3255 4472 Ex
3287 4416 3590 4473 testimonio
3621 4422 3799 4472 tamen

981 4521 1274 4579 Benvenuti
1312 4518 1592 4574 Imolensis
1628 4522 1683 4572 et
1723 4516 1950 4573 aliorum
1990 4515 2261 4572 noscimus
2295 4515 2618 4585 Henricum,
2661 4515 2814 4587 quasi
2858 4515 2969 4572 vita
2999 4515 3363 4588 desperatum,
3390 4529 3451 4570 se
3480 4529 3547 4569 ex
3573 4529 3714 4586 equo
3743 4512 3794 4568 in

979 4618 1355 4696 praecipitium
1391 4613 1678 4686 projecisse
1703 4612 1834 4669 dum
1868 4628 1899 4667 a
1931 4627 2146 4668 carcero
2171 4627 2271 4668 suo
2293 4612 2571 4668 Neocastri
2614 4613 2971 4668 Martoranum
3007 4613 3323 4682 ducet-etun
3362 4627 3469 4683 quo
3510 4608 3796 4667 translatus

982 4734 1107 4776 mox
1132 4712 1395 4788 expiravit
1421 4717 1476 4768 et
1498 4709 1639 4783 apud
1667 4708 1973 4766 Cusentiam
2004 4707 2246 4780 sepultus
2272 4713 2374 4764 est.
