4364 5738
984 620 1064 679 '14
1977 619 2401 680 Palm-:mel
2453 619 2799 680 SECUNDI
3419 621 3584 700 [Ami.
3621 624 3795 685 1243.

984 757 1169 828 bona
1216 778 1458 828 eorum
1520 757 1800 828 mobilia
1845 764 1916 828 et
1960 755 2338 826 immobilia
2380 776 2519 849 que
2563 777 2753 828 nunc
2804 764 3041 827 tenent
3086 764 3158 828 et
3202 756 3559 851 possident
3612 769 3681 830 et
3730 760 3798 829 in

983 889 1191 951 antea
1228 880 1530 974 legitime
1570 879 1665 953 ad
1714 881 1897 975 ipsos
1938 889 2253 975 spectare
2288 889 2651 974 poterunt,
2687 879 2818 950 sub
2855 880 3235 973 majestatis
3280 891 3514 954 nostre
3561 892 3633 954 et
3668 883 3798 954 im-

982 1004 1157 1099 perii
1186 1005 1615 1099 protectione
1651 1004 2023 1098 recipimus
2055 1002 2376 1100 speciali3
2419 1013 2491 1075 et
2529 1003 2977 1076 concedimus
3006 1024 3090 1076 ac
3131 1003 3467 1099 imperiali
3504 1008 3800 1078 auctori-

984 1136 1124 1201 tate
1164 1127 1653 1201 confirmamus
1700 1129 1963 1201 eisdem
1996 1128 2190 1222 quod
2233 1127 2408 1229 nulli
2450 1127 2714 1200 civitati
2758 1149 2989 1221 neque
3036 1129 3387 1200 communi
3430 1150 3561 1201 nec
3596 1129 3799 1201 alicui

980 1252 1306 1347 potestati
1362 1253 1548 1347 ipsos
1574 1273 1707 1323 nec
1739 1250 2213 1346 possessiones
2243 1271 2375 1321 nec
2407 1249 2726 1322 homines
2759 1272 3001 1322 eorum
3039 1273 3511 1346 supponemus
3539 1250 3640 1349 (a)
3672 1253 3802 1326 nisi

979 1375 1181 1447 nobis
1211 1385 1283 1447 et
1317 1375 1690 1448 heredibus
1726 1375 1981 1447 nostris
2016 1375 2137 1468 qui
2167 1374 2369 1447 nobis
2404 1374 2476 1445 in
2505 1374 2796 1469 imperio
2825 1375 3228 1466 succedent,
3268 1376 3390 1447 sed
3430 1375 3521 1448 ad
3560 1397 3802 1449 manus

983 1509 1252 1572 nostras
1287 1510 1358 1570 et
1395 1499 1798 1595 specialium
1832 1499 2233 1571 nuntiorum
2268 1507 2665 1570 nostrorum
2694 1518 2870 1592 quos
2907 1499 3003 1570 ibi
3034 1521 3164 1595 pro
3202 1507 3510 1594 tempore
3547 1510 3804 1573 statue-

981 1641 1177 1712 mus,
1234 1642 1411 1716 quos
1451 1621 1658 1694 etiam
1692 1622 1788 1693 ihi
1840 1621 2012 1693 tales
2057 1631 2363 1693 statuere
2403 1620 2837 1716 disponimus
2877 1644 3052 1715 quos
3094 1623 3525 1694 Excellentie
3570 1633 3801 1695 nostre

980 1742 1225 1817 fideles
1263 1755 1333 1818 et
1379 1745 1479 1817 eis
1524 1746 1728 1818 utiles
1771 1766 2269 1839 agnoscemus;
2314 1745 2693 1817 retinentes
2735 1767 3011 1841 semper
3051 1746 3238 1840 ipsos
3279 1767 3437 1817 cum
3482 1747 3800 1820 omnibus

980 1869 1181 1942 bonis
1221 1869 1364 1942 suis
1410 1879 1775 1965 exemptos
1814 1879 1887 1941 et
1917 1870 2212 1961 liberos,
2264 1879 2335 1941 et
2379 1869 2752 1941 eximimus
2798 1891 2919 1942 eos
2964 1880 3035 1941 et
3075 1870 3453 1942 liberamus
3490 1872 3582 1942 ab
3612 1872 3799 1944 omni

979 2012 1193 2065 onere
1228 2002 1299 2063 et
1316 1992 1799 2085 jurisdictione
1830 1993 2056 2065 omnis
2088 1993 2388 2066 civitatis
2437 2046 3349 2066 ............
3398 2003 3478 2066 ut
3508 2015 3638 2067 nec
3672 1996 3800 2090 ipsi

979 2136 1110 2188 nec
1157 2139 1269 2189 res
1321 2138 1453 2188 nec
1498 2116 1817 2190 homines
1872 2139 2114 2189 eorum
2158 2127 2301 2188 tam
2348 2117 2421 2187 in
2463 2118 2762 2189 castellis
2804 2139 3015 2211 quam
3064 2117 3137 2189 in
3184 2118 3368 2190 villis
3414 2117 3801 2191 habitantes

975 2239 1280 2334 aliquem
1339 2254 1729 2337 respectum
1775 2241 2223 2334 subjectionis
2258 2240 2587 2331 habeant,
2620 2241 2752 2313 nisi
2805 2250 3074 2313 tantum
3120 2240 3211 2314 ad
3268 2241 3805 2314 dominationem

975 2366 1356 2457 majestatis
1398 2377 1633 2438 nostre
1682 2377 1753 2439 et
1797 2366 2273 2461 predictorum
2313 2364 2655 2436 heredum
2706 2375 3141 2457 nostrorum3
3168 2365 3564 2439 inhibentes
3605 2377 3676 2438 et
3705 2366 3803 2438 eis

973 2486 1263 2561 firmiter
1292 2490 1757 2583 precipientes
1792 2499 1874 2560 ut
1903 2510 2036 2560 nec
2074 2488 2349 2583 placitis
2390 2510 2522 2560 nec
2551 2490 3020 2581 jurisdictioni
3067 2491 3410 2563 dictarum
3446 2490 3801 2562 civitatum

974 2632 1050 2683 se
1092 2612 1532 2704 aliquatenus
1573 2611 1890 2704 obligent
1928 2633 2059 2683 nec
2100 2611 2336 2704 aliquo
2382 2612 2591 2684 modo
2633 2613 3068 2685 submittent.
3128 2612 3239 2686 Ad
3288 2612 3419 2685 hec
3468 2614 3804 2709 imperiali

975 2734 1386 2808 auctoritate
1446 2757 1797 2809 cassamus
1856 2744 1928 2806 et
1988 2735 2216 2806 irritas
2279 2757 2613 2808 vocamus
2667 2758 2912 2809 omnes
2970 2747 3245 2809 tenutas
3308 2759 3350 2809 a
3406 2738 3802 2810 consulibus

975 2860 1474 2955 cujuscumque
1507 2860 1805 2934 civitatis
1869 2871 2109 2933 contra
2162 2881 2283 2933 eos
2356 2871 2428 2933 et
2486 2860 2805 2934 homines
2847 2883 3088 2933 eorum
3161 2861 3398 2953 dataS,
3437 2873 3798 2959 propterea

946 2985 1165 3080 ,quod
1206 2987 1583 3058 noluerunt
1623 3007 1698 3056 se
1738 3006 1869 3056 nec
1904 2984 2225 3056 homines
2261 3007 2423 3057 suos
2461 3008 2593 3058 nec
2629 2995 2884 3057 terram
2927 3007 3125 3057 suam
3164 2987 3505 3079 subjicere
3538 2986 3801 3079 judicio

975 3108 1368 3200 civitatum;
1411 3111 1866 3182 decernentes
1900 3118 1981 3179 ut
2012 3108 2157 3202 ipse
2189 3118 2426 3181 tenute
2453 3108 2544 3182 ad
2574 3110 2919 3201 legitimos
2947 3110 3214 3204 priores
3250 3110 3570 3182 dominos
3598 3112 3801 3183 abso·

974 3232 1120 3303 lute
1156 3233 1421 3325 absque
1455 3231 2002 3303 contradictione
2029 3232 2342 3326 qualibet
2372 3244 2840 3324 revertantur,
2861 3233 3192 3305 videlicet
3226 3235 3575 3327 Corvaria,
3607 3235 3802 3306 Cala-

974 3376 1229 3445 vorna,
1264 3355 1757 3447 Sarciabolchi,
1799 3356 2405 3449 Montegragnum,
2440 3358 2771 3449 Calanna,
2809 3357 3098 3429 Cesano.
3142 3356 3484 3452 Imperiali
3523 3379 3800 3452 quoque

974 3477 1385 3551 auctoritate
1419 3479 1835 3575 precipimus
1868 3499 1910 3549 a
1940 3479 2366 3550 Lucensihus
2410 3479 2794 3552 reedificari
2833 3491 3086 3573 castra,
3123 3482 3388 3554 scilicet
3423 3483 3798 3572 Bozanum,

972 3603 1368 3675 Anelanum
1398 3613 1470 3675 et
1495 3604 1874 3692 Lacunam,
1910 3625 2047 3697 que
2080 3603 2153 3673 in
2188 3603 2519 3675 damnum
2559 3604 2866 3676 fidelium
2900 3613 3296 3677 nostrorum
3332 3606 3802 3702 predictorum

973 3726 1499 3819 destruxerunt,
1538 3738 1607 3798 et
1645 3725 2093 3797 nihilominus
2134 3725 2252 3798 illa
2289 3727 2380 3798 ab
2424 3728 2523 3800 eis
2560 3728 2823 3800 destrui
2863 3729 3284 3826 precipimus
3318 3751 3457 3823 que
3503 3730 3573 3800 in
3606 3729 3800 3801 dam·

971 3871 1142 3922 num
1191 3850 1596 3924 eorumdem
1652 3848 1960 3921 fidelium
2003 3860 2401 3922 nostrorum
2459 3863 2870 3944 erexerunt,
2924 3853 3253 3926 videlicet
3305 3854 3797 3943 Urbizzanum,

974 3974 1422 4048 Sclaccanum
1484 3985 1557 4047 et
1612 3973 2012 4045 Albianum.
2058 3974 2512 4068 Quecumque
2566 3998 2738 4049 vero
2798 3977 3042 4050 civitas
3091 3980 3204 4051 vel
3255 3998 3623 4051 commune
3667 3995 3801 4069 que

975 4100 1388 4195 proscriptas
1433 4100 1632 4171 datas
1677 4119 1801 4169 seu
1852 4105 2127 4168 tenutas
2175 4096 2270 4169 ad
2318 4099 2739 4194 prescriptos
2784 4099 3028 4174 fideles
3073 4113 3345 4174 nostros
3387 4101 3616 4174 redire
3659 4119 3801 4172 non

976 4222 1363 4316 permiserit
1395 4225 1511 4295 vel
1541 4222 2014 4319 impediverit,
2053 4230 2176 4293 aut
2207 4221 2266 4294 si
2298 4223 2572 4294 Lucana
2608 4223 2853 4296 civitas
2886 4225 3239 4298 destructa
3271 4236 3497 4298 castra
3528 4224 3628 4296 eis
3660 4242 3801 4295 non

981 4343 1483 4418 reedificaverit
1506 4356 1577 4418 et
1603 4354 1999 4419 constructa
2031 4367 2174 4418 non
2204 4345 2629 4419 destruxerit
2664 4347 2842 4420 sicut
2889 4350 3207 4445 superius
3245 4358 3353 4421 est
3391 4366 3800 4443 expressum

978 4470 1093 4540 vel
1118 4479 1401 4563 propter
1418 4469 1551 4541 hoc
1576 4490 1696 4541 eos
1726 4470 1840 4541 vel
1869 4468 2187 4541 homines
2216 4491 2457 4541 eorum
2485 4471 2631 4541 sive
2668 4479 2922 4543 terram
2947 4474 3255 4569 ipsorum
3283 4471 3634 4545 offendere
3654 4470 3801 4542 sive

981 4593 1215 4664 ledere
1243 4593 1713 4682 attentaverit,
1734 4614 1775 4663 a
1800 4593 2158 4683 majestate
2192 4602 2427 4666 nostra
2457 4595 2568 4665 vel
2600 4615 2642 4665 a
2675 4604 2864 4668 certo
2897 4599 3145 4670 nuntio
3176 4608 3415 4669 nostro
3446 4594 3794 4667 citabitur.

1061 4732 1145 4814 (a)
1190 4735 1260 4794 In
1291 4736 1576 4811 impresso
1606 4748 1941 4811 supponere.
