4364 5738
625 1131 773 1176 ehem
786 1163 800 1186 ,

645 1188 789 1241 junio.

948 570 1072 632 542
1945 573 2374 639 tammum
2424 574 2778 639 sneunm
3376 568 3545 659 [Amr.
3577 578 3755 642 1247.

1053 1119 1516 1228 FridericuS,
1597 1120 2113 1204 Romanorum
2161 1121 2609 1231 imperator,
2669 1122 2994 1207 Guidoni
3055 1120 3433 1232 Dalphino
3497 1121 3756 1205 comiti

948 1252 1282 1337 Viennae
1326 1266 1401 1337 et
1449 1253 1765 1337 Albonis
1803 1255 2369 1365 consanguineo
2405 1265 2479 1338 et
2518 1255 2722 1338 fideli
2779 1281 2918 1339 suo
2976 1256 3423 1339 comitatum
3475 1253 3757 1363 Vapin-

946 1412 1249 1470 oensem
1311 1400 1386 1471 et
1445 1388 2062 1471 Ebredunensem
2127 1415 2217 1471 ac
2288 1389 2545 1472 omnia
2617 1389 2767 1472 alia
2821 1388 2985 1500 ejus
3049 1389 3253 1472 bona
3309 1386 3753 1496 confirmat,

943 1521 1435 1631 conceditque
1481 1522 1763 1605 allodia
1817 1534 1972 1605 tam
2023 1524 2103 1604 in
2158 1523 2537 1633 praedicto
2596 1522 3045 1632 Vapincensi
3109 1533 3183 1606 et
3231 1521 3759 1605 Ebredunensi

945 1680 1181 1762 quam
1253 1654 1332 1737 in
1388 1655 1793 1739 Viennensi
1857 1665 1931 1741 et
1990 1656 2306 1739 Albonis
2366 1667 2440 1740 et
2507 1657 3204 1767 Gratianopolitano
3275 1654 3759 1740 comitatibus

943 1790 1376 1874 constituta.

1097 1991 1352 2072 (Inedlt.
1381 1994 1446 2053 in
1471 1991 1698 2054 collect.
1729 1993 2080 2069 Fontanleu‚
2104 2010 2200 2070 ap.
2227 1992 2376 2055 Blbl.
2413 1991 2605 2054 Cesar.
2639 1993 2854 2064 Parim,
2889 1991 3137 2051 Preuves
3163 1987 3232 2050 de
3257 1987 3435 2054 thiu.
3472 1989 3554 2051 du
3581 1992 3760 2052 Dau-

1149 2113 1154 2119 “
1173 2096 1379 2178 plaiae,
1405 2107 1446 2161 t.
1483 2101 1563 2171 Π,
1595 2116 1729 2177 pars
1757 2100 2037 2176 secunda,
2067 2100 2112 2161 f.
2151 2109 2362 2173 374-6,
2400 2100 2590 2161 Titus
2616 2105 2963 2160 concernunt
2987 2096 3048 2158 Ia
3076 2095 3208 2158 ville
3241 2096 3311 2158 de
3339 2097 3493 2179 Gap,
3519 2100 3617 2159 fol.
3656 2107 3757 2177 1⁷,

1179 2221 1256 2265 ex
1277 2211 1649 2281 transumpto
1668 2208 1810 2265 anni
1834 2214 1985 2265 1429
2007 2208 2225 2266 mensis
2245 2206 2521 2266 februarii
2543 2204 2945 2282 Gratianopoli
2967 2204 3124 2265 facto
3148 2221 3253 2281 per
3273 2207 3535 2266 notarios
3560 2208 3762 2266 curiae

1179 2310 1384 2371 Jacobi
1422 2312 1496 2372 de
1527 2311 1793 2372 Godabla
1821 2312 2347 2389 Gratianopolitani
2388 2311 2660 2373 officialis
2678 2359 2694 2384 ,
2743 2312 2948 2373 eodem
2973 2311 3195 2373 Jacobo
3235 2312 3609 2390 privilegium
3637 2313 3759 2373 ori-

1187 2418 1378 2497 ginale
1404 2417 1640 2480 vidente
1656 2464 1674 2496 ‚
1704 2419 1934 2498 legente
1960 2423 2019 2479 et
2044 2417 2356 2480 transcribi
2376 2417 2670 2499 jubente.)

1039 2592 1478 2683 FredericuS,
1513 2593 1639 2665 Dei
1670 2594 1901 2686 gracia
1934 2594 2399 2666 Romanorum
2434 2593 2809 2688 imperator
2840 2614 3114 2688 semper
3150 2601 3521 2685 augustuS,
3554 2593 3755 2664 Jeru-

943 2721 1157 2793 salem
1214 2728 1287 2791 et
1334 2719 1559 2791 Sicilie
1611 2740 1763 2790 rex,
1808 2719 2261 2790 Benemeritis
2314 2739 2738 2790 cessaremus
2792 2717 3156 2812 providere
3215 2715 3574 2806 fidelibus,
3624 2717 3758 2787 nisi

940 2845 1159 2939 gratie
1212 2843 1569 2940 plenitudo
1622 2844 1911 2916 suadeat
1961 2853 2031 2916 et
2082 2843 2530 2916 set-viciorum
2584 2843 3099 2937 quodammodo
3150 2841 3500 2936 gratitudo
3564 2862 3756 2914 com-

940 2972 1153 3065 pellat
1181 2979 1262 3040 ut
1289 2968 1454 3041 dum
1489 2968 1797 3040 fidelium
1830 2978 2025 3060 grata
2060 2978 2592 3040 remunerantur
2627 2968 2995 3061 obsequia,
3034 2967 3206 3039 fiant
3247 2967 3445 3062 quasi
3481 2988 3604 3061 per
3634 2966 3757 3038 de·

940 3096 1162 3166 bitum
1191 3093 1517 3186 gratiora.
1554 3094 1686 3165 Per
1718 3114 2002 3189 presens
2044 3094 2281 3187 itaque
2318 3092 2751 3187 privilegium
2798 3102 3040 3165 notum
3086 3093 3374 3164 facimus
3414 3091 3756 3163 universis

942 3217 1212 3313 imperii
1264 3217 1481 3288 nostri
1540 3214 1860 3287 fidelibus
1905 3226 2041 3287 tam
2085 3216 2521 3311 presentibus
2571 3238 2778 3308 quam
2828 3217 3070 3288 futuris
3117 3216 3308 3310 quod
3348 3238 3475 3288 nos
3528 3224 3756 3289 atten-

941 3343 1187 3415 dentes
1241 3338 1451 3411 fidem
1502 3340 1745 3434 puram
1797 3349 1869 3411 et
1922 3340 2364 3412 devotionem
2419 3340 2756 3413 sinceram
2809 3363 3018 3434 quam
3064 3341 3286 3433 Guigo
3332 3338 3750 3434 DalphinuS‚

940 3487 1172 3540 comes
1205 3466 1615 3537 Viennensis
1669 3474 1740 3536 et
1781 3465 2104 3555 AlboniS,
2158 3465 2452 3537 dilectus
2501 3466 3057 3557 consanguineus
3106 3474 3177 3536 et
3224 3463 3449 3537 fidelis
3487 3472 3746 3551 noster,

940 3613 1104 3686 erga
1138 3592 1565 3683 majestatem
1608 3600 1912 3662 nostram
1946 3590 2184 3679 habet,
2221 3588 2737 3662 considerantes
2775 3610 3055 3683 quoque
3086 3597 3280 3681 grata
3311 3586 3587 3659 servitia
3614 3605 3752 3677 que

940 3717 1282 3809 majestati
1310 3725 1545 3787 nostre
1577 3736 1851 3809 semper
1882 3713 2199 3785 exhibuit
2234 3723 2304 3785 et
2336 3713 2669 3787 exhibere
2695 3713 2946 3808 poterit
2975 3713 3042 3782 in
3075 3714 3419 3801 futurum,
3454 3711 3546 3783 ad
3582 3732 3749 3804 sup-

938 3841 1379 3936 plicationem
1409 3861 1607 3910 suam
1631 3861 1839 3933 quam
1869 3860 1962 3909 ex
1992 3838 2201 3909 animi
2235 3840 2455 3930 gratia
2486 3839 2865 3909 clementer
2890 3837 3316 3927 admisimuS,
3348 3835 3748 3907 comitatum

938 3966 1439 4062 Vapincensem
1480 3973 1552 4035 et
1590 3963 2157 4035 Ebredunensem
2197 3984 2404 4055 quem
2452 3964 2640 4054 justo
2698 3961 3065 4056 emptionis
3120 3960 3321 4032 titulo
3376 3968 3612 4031 tenere
3674 3978 3751 4028 se

938 4092 1107 4164 dicit
1151 4111 1233 4163 ac
1279 4089 1508 4162 omnia
1551 4088 1685 4159 alia
1737 4088 1918 4159 bona
1969 4110 2106 4180 que
2152 4087 2225 4157 in
2273 4087 2570 4182 presenti
2620 4088 2808 4178 juste
2864 4094 3054 4157 tenet
3100 4095 3170 4156 et
3212 4084 3517 4180 possidet
3558 4093 3629 4155 et
3676 4083 3748 4153 in

937 4218 1143 4289 antea
1171 4214 1685 4287 ‘rationabiliter
1719 4213 1971 4307 poterit
2008 4212 2333 4306 adipisci,
2377 4211 2508 4282 sibi
2557 4211 2648 4283 de
2690 4220 2925 4281 nostra
2971 4209 3192 4302 gratia
3229 4206 3742 4280 confirmamus.

935 4344 1039 4414 De
1070 4340 1570 4412 abundanciori
1602 4359 1879 4432 quoque
1914 4338 2134 4431 gratia
2158 4358 2297 4429 qua
2328 4335 2791 4407 benemeritos
2821 4333 3063 4407 fideles
3088 4342 3361 4406 nostros
3382 4330 3749 4404 clementia

936 4475 1173 4539 nostra
1211 4464 1533 4559 prosequi
1582 4462 1978 4552 consuevit,
2024 4461 2280 4533 allodia
2324 4469 2464 4531 tam
2500 4460 2569 4530 in
2609 4459 2921 4554 predicto
2961 4457 3375 4553 vapincensi
3422 4465 3491 4526 et
3526 4455 3747 4527 Ebre-

937 4589 1233 4667 dunensi
1278 4608 1485 4682 quam
1537 4587 1610 4658 in
1647 4587 2021 4660 Viennensi
2058 4595 2127 4658 et
2174 4585 2464 4657 Albonis
2504 4605 2585 4657 ac
2626 4583 3259 4679 Gratianopolitano
3306 4579 3746 4653 comitatibus

937 4716 1310 4791 constituta
1344 4713 1570 4787 eidem
1601 4712 1895 4807 Guigoni
1924 4711 2266 4808 Dalphino
2301 4719 2372 4783 et
2413 4708 2786 4784 heredibus
2818 4707 2960 4782 suis
2992 4707 3064 4779 in
3094 4705 3233 4780 fide
3270 4717 3341 4779 et
3371 4704 3742 4779 devotione
