4364 5738
860 2864 916 2897 ιο
929 2890 944 2910 ,

740 2906 928 2961 [aprili]

1073 608 1198 670 514
2069 610 2501 673 rmmuucl
2549 609 2899 673 summm
3508 601 3673 688 [Ani.
3708 596 3879 667 ΒΜ.

1071 739 1537 825 Pontremuli
1595 742 1903 827 veniens
1955 743 2494 827 Lombardiam
2554 742 2858 826 intravit
2920 739 3019 822 ad
3079 748 3334 848 partes
3385 739 3747 845 Parmae,
3815 748 3886 821 et

1071 872 1249 956 inde
1285 881 1658 959 transiens
1692 878 1998 962 veniens
2038 879 2493 962 Cremonam
2531 878 2635 961 ibi
2674 875 2937 960 statuit
2969 873 3440 985 colloquium
3488 873 3567 955 in
3603 872 3873 956 kalen-

1072 1007 1192 1089 dis
1228 1010 1439 1113 maii,
1482 1011 1608 1094 ubi
1650 1012 1958 1096 fuerunt
1993 1013 2552 1097 ambassatores
2587 1010 2933 1097 omnium
2968 1008 3358 1092 civitatum
3393 1006 3885 1091 Lombardiae

1071 1168 1253 1226 suae
1311 1146 1548 1253 partis
1610 1156 1687 1228 et
1735 1147 2059 1233 Izolinus
2121 1150 2219 1232 de
2271 1148 2715 1233 Romanoi..
2770 1146 2866 1230 Et
2935 1155 3117 1229 tunc
3180 1144 3591 1254 imperator
3652 1142 3880 1224 filiam

1070 1304 1291 1361 suam
1338 1280 1724 1364 Jacomino
1770 1283 1867 1365 de
1915 1283 2224 1366 Carreto
2266 1282 2647 1393 copulavit
2679 1282 2766 1389 ‚in
2806 1297 3146 1364 uxorem.
3201 1277 3544 1363 chronic.
3597 1280 3690 1359 de
3724 1276 3875 1359 reb.

1068 1412 1149 1494 in
1192 1416 1369 1495 Ital.
1431 1415 1693 1523 qeslis,
1759 1443 1839 1524 p.
1911 1418 2096 1500 209.
2149 1465 2260 1479 -
2315 1417 2510 1499 Cum
2575 1415 2863 1499 audivit
2914 1412 3272 1497 dominus
3325 1410 3749 1495 Fridericus
3792 1411 3882 1492 de

1068 1558 1312 1631 morte
1383 1550 1585 1657 regis
1652 1548 2133 1633 vehementer
2195 1551 2518 1634 laetatus
2586 1560 2700 1633 est
2763 1555 2838 1631 et
2901 1546 3194 1658 putavit
3254 1543 3581 1655 qualiter
3638 1554 3885 1653 posset

1066 1669 1539 1765 Lombardos
1601 1679 1944 1792 decipere
2004 1694 2081 1768 et
2136 1710 2217 1766 se
2281 1683 2744 1767 concordare
2796 1708 2972 1765 cum
3028 1679 3401 1786 Ecclesia,
3454 1683 3541 1760 ut
3583 1678 3881 1762 releva-

1066 1827 1275 1900 retur
1311 1816 1409 1899 ab
1446 1816 1872 1900 interdicto.
1907 1816 2001 1899 Et
2039 1818 2278 1902 movit
2310 1819 2406 1900 de
2434 1817 2712 1927 Apulia
2752 1826 3198 1900 mansuetus
3233 1813 3313 1896 in
3349 1812 3669 1895 modum
3708 1810 3884 1921 agni

1067 1960 1143 2033 et
1191 1951 1495 2034 intravit
1548 1939 2126 2059 Lombardiam,
2180 1951 2442 2036 dicens
2494 1978 2575 2035 se
2627 1978 2719 2034 ex
2756 1960 2917 2036 toto
2963 1949 3156 2034 velle
3188 1973 3453 2059 parere
3502 1946 3880 2029 mandatis

1063 2085 1311 2194 Papae
1337 2096 1412 2169 et
1436 2086 1812 2172 Ecclesiae
1839 2098 1913 2170 et
1937 2114 2203 2198 pacem
2230 2088 2414 2171 dare
2449 2088 2770 2172 mundo.
2809 2086 3163 2196 curm,
3192 2085 3459 2169 Annat.
3495 2090 3880 2191 Gentem„

1067 2247 1193 2331 ap.
1234 2221 1642 2331 MnnA‘rom,
1675 2222 2089 2333 scriptor„
2128 2234 2189 2307 t.
2236 2223 2364 2331 VI,
2404 2241 2485 2332 p.
2524 2225 2712 2306 511.

1172 2843 1629 2954 FridericuS‚
1661 2847 2180 2932 Romanorum
2222 2847 2659 2956 imperator,
2690 2826 2954 2931 scribit
2979 2843 3365 2930 nobilibus
3399 2841 3618 2954 regni
3650 2842 3882 2927 Fran-

1067 2980 1228 3062 ciae
1292 3000 1682 3064 summum
1747 2982 2175 3090 pontificem
2235 2993 2409 3090 post
2469 2981 3102 3091 conspirationem
3178 2979 3386 3063 necis
3438 2999 3623 3062 suae
3679 2976 3880 3087 apud

1067 3113 1499 3222 Anagniam
1537 3113 1900 3222 profugos
1944 3114 2144 3195 alere
2179 3125 2255 3195 et
2289 3113 2586 3221 fovere,
2630 3111 3011 3224 simulque
3046 3113 3606 3197 accusationem
3661 3100 3880 3194 diluit

1064 3245 1144 3326 in
1193 3272 1273 3327 se
1315 3247 1412 3328 de
1449 3258 1692 3330 morte
1738 3245 1985 3354 Papae
2037 3248 2470 3331 machinata
2518 3246 2849 3358 illatam,
2901 3248 3277 3331 nuncians
3328 3262 3413 3330 se
3460 3247 3874 3329 'missurum

1061 3380 1352 3490 legatos
1393 3382 1491 3463 ad
1528 3406 1784 3492 regem
1821 3370 2179 3465 Franciae
2230 3391 2400 3492 post
2439 3382 2908 3493 colloquium
2944 3381 3155 3494 quod
3192 3397 3368 3466 cum
3409 3376 3878 3492 principibus

1064 3514 1513 3598 Germaniae
1546 3515 1826 3599 habere
1862 3516 2227 3625 disponit.

1222 3729 1431 3813 (Edid.
1459 3731 1725 3802 Bonan,
1754 3730 1916 3791 Kais.
1949 3728 2182 3793 Friedr.
2216 3731 2297 3810 11,
2329 3731 2554 3803 anhalt,
2588 3742 2656 3792 n⁰
2687 3741 2789 3809 55,
2823 3748 2899 3793 ex
2925 3731 3060 3793 cod.
3084 3730 3242 3792 Bibl.
3274 3729 3533 3792 vindob.
3565 3738 3685 3791 590
3717 3728 3877 3808 (ulfi

1294 3840 1514 3900 Philol.
1536 3839 1779 3918 CCCV),
1813 3839 1910 3900 fol.
1946 3848 2019 3900 70
2047 3848 2321 3901 verso-71
2348 3856 2548 3914 νει-ως
2579 3839 2719 3900 coll.
2752 3840 3040 3901 cumcod.
3062 3838 3219 3900 Bibl.
3249 3838 3449 3901 Cesar.
3469 3830 3872 3914 Pan-immund»

1294 3943 2073 4026 Sciat-Germain·Harlay‚
2107 3956 2174 4006 n⁰
2200 3956 2314 4008 455
2329 3991 2348 4023 ,
2383 3965 2522 4025 pars
2558 3956 2618 4027 1,
2646 3954 2706 4009 et
2732 3947 2865 4009 cod.
2902 3944 3051 4007 Bibl.
3090 3943 3466 4021 Guelferbtt„
3495 3936 3649 4024 Aug.
3679 3952 3777 4022 ¹3,
3805 3949 3840 4002 4
3858 3984 3878 4017 ,

1300 4054 1411 4117 sub
1436 4055 1720 4132 ampliore
1746 4061 1949 4116 autem
1977 4060 2037 4115 et
2064 4044 2461 4117 emendatiore
2490 4048 2733 4135 forma.)

1151 4243 1570 4336 Fridericus,
1603 4253 1776 4335 etc.,
1811 4244 2141 4337 ducibus,
2180 4244 2578 4338 comitibus,
2611 4244 2991 4318 baronibus
3013 4295 3034 4334 ,
3079 4240 3577 4316 vavassoribus
3605 4248 3679 4311 et
3711 4236 3874 4310 uni-

1055 4368 1275 4440 versis
1301 4369 1649 4441 nobilibus
1683 4390 1812 4465 per
1848 4391 2138 4461 regnum
2163 4370 2449 4443 Francie
2487 4369 2874 4443 constitutis
2901 4370 3196 4441 salutem
3227 4376 3301 4439 et
3331 4385 3535 4439 omne
3572 4364 3858 4437 bonum.

1052 4492 1380 4587 Attigisse
1408 4494 1556 4585 jam
1599 4494 1868 4589 pridem
1908 4495 2250 4592 probabili
2288 4496 2550 4569 ratione
2593 4496 3014 4569 credidimus
3060 4491 3430 4590 periculosi
3473 4487 3871 4562 certaminis

1052 4631 1311 4693 metam
1351 4632 1496 4712 'quo
1546 4632 1706 4690 cum
1750 4631 2185 4695 sacrosancte
2236 4621 2420 4695 sedis
2472 4596 2776 4696 antistite
2824 4619 3299 4711 certabamus,
3355 4629 3498 4689 non
3544 4614 3710 4709 quia
3751 4620 3875 4685 aut

1052 4756 1258 4839 posse
1285 4743 1490 4818 nobis
1526 4754 1651 4819 ant
1679 4745 2082 4822 adversario
2112 4748 2297 4821 velle
2330 4744 2700 4839 deficeret,
2736 4746 2865 4821 sod
2894 4758 3054 4820 cum
3078 4734 3247 4839 jnm'
3265 4742 3494 4840 ipsum
3532 4739 3872 4813 inermem
