<?xml version="1.0" encoding="UTF-8"?>
<!DOCTYPE html PUBLIC "-//W3C//DTD XHTML 1.0 Transitional//EN"
    "http://www.w3.org/TR/xhtml1/DTD/xhtml1-transitional.dtd">
<html xmlns="http://www.w3.org/1999/xhtml" xml:lang="en" lang="en">
 <head>
  <title>
</title>
<meta http-equiv="Content-Type" content="text/html;charset=utf-8" />
  <meta name='ocr-system' content='tesseract 3.04.00' />
  <meta name='ocr-capabilities' content='ocr_page ocr_carea ocr_par ocr_line ocrx_word'/>
</head>
<body>
  <div class='ocr_page' id='page_1' title='image "./historiadiploma00degoog_0259.png"; bbox 0 0 4364 5738; ppageno 0'>
   <div class='ocr_carea' id='block_1_1' title="bbox 571 505 3391 592">
    <p class='ocr_par' dir='ltr' id='par_1_1' title="bbox 571 505 3391 592">
     <span class='ocr_line' id='line_1_1' title="bbox 571 505 3391 592; baseline -0.002 -15"><span class='ocrx_word' id='word_1_1' title='bbox 571 505 777 577; x_wconf 66' lang='lat' dir='ltr'>Iunior.</span> <span class='ocrx_word' id='word_1_2' title='bbox 809 514 902 592; x_wconf 85' lang='lat'>3.]</span> <span class='ocrx_word' id='word_1_3' title='bbox 1471 512 1860 575; x_wconf 76' lang='lat' dir='ltr'>HISTORIA</span> <span class='ocrx_word' id='word_1_4' title='bbox 1910 512 2501 574; x_wconf 75' lang='lat' dir='ltr'>mPLOMA&#39;rtcA.</span> <span class='ocrx_word' id='word_1_5' title='bbox 3268 508 3391 572; x_wconf 75' lang='lat'>245</span> 
     </span>
    </p>
   </div>
   <div class='ocr_carea' id='block_1_2' title="bbox 574 645 3392 970">
    <p class='ocr_par' dir='ltr' id='par_1_2' title="bbox 574 645 3392 970">
     <span class='ocr_line' id='line_1_2' title="bbox 574 645 3392 742; baseline -0.002 -20"><span class='ocrx_word' id='word_1_6' title='bbox 574 650 764 722; x_wconf 73' lang='lat' dir='ltr'>viam</span> <span class='ocrx_word' id='word_1_7' title='bbox 799 648 1181 721; x_wconf 81' lang='lat' dir='ltr'><strong>honestatis</strong></span> <span class='ocrx_word' id='word_1_8' title='bbox 1217 657 1289 718; x_wconf 92' lang='lat' dir='ltr'>et</span> <span class='ocrx_word' id='word_1_9' title='bbox 1320 647 1680 742; x_wconf 82' lang='lat' dir='ltr'>discipline</span> <span class='ocrx_word' id='word_1_10' title='bbox 1721 648 2056 740; x_wconf 80' lang='lat' dir='ltr'>dirigant,</span> <span class='ocrx_word' id='word_1_11' title='bbox 2100 646 2491 742; x_wconf 88' lang='lat' dir='ltr'>applicetis;</span> <span class='ocrx_word' id='word_1_12' title='bbox 2534 646 2715 717; x_wconf 89' lang='lat' dir='ltr'>circa</span> <span class='ocrx_word' id='word_1_13' title='bbox 2746 645 3057 741; x_wconf 86' lang='lat' dir='ltr'>predicta</span> <span class='ocrx_word' id='word_1_14' title='bbox 3087 667 3215 718; x_wconf 87' lang='lat' dir='ltr'>vos</span> <span class='ocrx_word' id='word_1_15' title='bbox 3251 657 3392 717; x_wconf 90' lang='lat' dir='ltr'>tam</span> 
     </span>
     <span class='ocr_line' id='line_1_3' title="bbox 577 770 3390 872; baseline -0.001 -26"><span class='ocrx_word' id='word_1_16' title='bbox 577 773 907 846; x_wconf 90' lang='lat' dir='ltr'>sollicitos</span> <span class='ocrx_word' id='word_1_17' title='bbox 946 770 1358 843; x_wconf 79' lang='lat' dir='ltr'>exhibentes</span> <span class='ocrx_word' id='word_1_18' title='bbox 1405 781 1486 842; x_wconf 92' lang='lat' dir='ltr'>ut</span> <span class='ocrx_word' id='word_1_19' title='bbox 1533 792 1678 843; x_wconf 91' lang='lat' dir='ltr'>non</span> <span class='ocrx_word' id='word_1_20' title='bbox 1729 773 2084 864; x_wconf 87' lang='lat' dir='ltr'>contingat</span> <span class='ocrx_word' id='word_1_21' title='bbox 2127 771 2437 843; x_wconf 90' lang='lat' dir='ltr'>animum</span> <span class='ocrx_word' id='word_1_22' title='bbox 2473 780 2786 842; x_wconf 92' lang='lat' dir='ltr'>nostrum</span> <span class='ocrx_word' id='word_1_23' title='bbox 2828 770 3009 841; x_wconf 89' lang='lat' dir='ltr'>circa</span> <span class='ocrx_word' id='word_1_24' title='bbox 3055 791 3185 872; x_wconf 75' lang='lat' dir='ltr'>vos</span> <span class='ocrx_word' id='word_1_25' title='bbox 3232 791 3390 862; x_wconf 89' lang='lat' dir='ltr'>gra-</span> 
     </span>
     <span class='ocr_line' id='line_1_4' title="bbox 575 894 1235 970; baseline -0.008 0"><span class='ocrx_word' id='word_1_26' title='bbox 575 899 756 970; x_wconf 88' lang='lat' dir='ltr'>viter</span> <span class='ocrx_word' id='word_1_27' title='bbox 788 894 1235 969; x_wconf 89' lang='lat' dir='ltr'>commoveri.</span> 
     </span>
    </p>
   </div>
   <div class='ocr_carea' id='block_1_3' title="bbox 575 1428 3392 1670">
    <p class='ocr_par' dir='ltr' id='par_1_3' title="bbox 575 1428 3392 1670">
     <span class='ocr_line' id='line_1_5' title="bbox 680 1428 3392 1540; baseline -0 -30"><span class='ocrx_word' id='word_1_28' title='bbox 680 1428 1107 1518; x_wconf 88' lang='lat' dir='ltr'>Fridericus</span> <span class='ocrx_word' id='word_1_29' title='bbox 1132 1491 1156 1536; x_wconf 90' lang='lat'>,</span> <span class='ocrx_word' id='word_1_30' title='bbox 1222 1430 1743 1514; x_wconf 89' lang='lat' dir='ltr'>Romanorum</span> <span class='ocrx_word' id='word_1_31' title='bbox 1818 1431 2268 1540; x_wconf 79' lang='lat' dir='ltr'>imperator,</span> <span class='ocrx_word' id='word_1_32' title='bbox 2339 1430 2771 1513; x_wconf 87' lang='lat' dir='ltr'>Conradum</span> <span class='ocrx_word' id='word_1_33' title='bbox 2848 1429 3092 1511; x_wconf 90' lang='lat' dir='ltr'>filium</span> <span class='ocrx_word' id='word_1_34' title='bbox 3167 1453 3392 1511; x_wconf 93' lang='lat' dir='ltr'>suum</span> 
     </span>
     <span class='ocr_line' id='line_1_6' title="bbox 575 1561 3392 1670; baseline 0.001 -30"><span class='ocrx_word' id='word_1_35' title='bbox 575 1561 1019 1647; x_wconf 85' lang='lat' dir='ltr'>adhortatur</span> <span class='ocrx_word' id='word_1_36' title='bbox 1094 1575 1181 1647; x_wconf 93' lang='lat' dir='ltr'>ut</span> <span class='ocrx_word' id='word_1_37' title='bbox 1251 1564 1472 1648; x_wconf 89' lang='lat' dir='ltr'>bonis</span> <span class='ocrx_word' id='word_1_38' title='bbox 1545 1564 1892 1647; x_wconf 88' lang='lat' dir='ltr'>moribus</span> <span class='ocrx_word' id='word_1_39' title='bbox 1977 1564 2433 1646; x_wconf 84' lang='lat' dir='ltr'>informatus</span> <span class='ocrx_word' id='word_1_40' title='bbox 2519 1563 2854 1645; x_wconf 88' lang='lat' dir='ltr'>consiliis</span> <span class='ocrx_word' id='word_1_41' title='bbox 2940 1561 3392 1670; x_wconf 88' lang='lat' dir='ltr'>sapientium</span> 
     </span>
    </p>
   </div>
   <div class='ocr_carea' id='block_1_4' title="bbox 3445 1477 3805 1534">
    <p class='ocr_par' dir='ltr' id='par_1_4' title="bbox 3445 1477 3805 1534">
     <span class='ocr_line' id='line_1_7' title="bbox 3445 1477 3805 1534; baseline 0.003 -12"><span class='ocrx_word' id='word_1_42' title='bbox 3445 1477 3571 1529; x_wconf 63' lang='grc' dir='ltr'>[ιω</span> <span class='ocrx_word' id='word_1_43' title='bbox 3593 1478 3805 1534; x_wconf 57' lang='grc' dir='ltr'>οἰκίαι]</span> 
     </span>
    </p>
   </div>
   <div class='ocr_carea' id='block_1_5' title="bbox 575 1695 3489 1806">
    <p class='ocr_par' dir='ltr' id='par_1_5' title="bbox 575 1695 3489 1806">
     <span class='ocr_line' id='line_1_8' title="bbox 575 1695 3489 1806; baseline 0.001 -33"><span class='ocrx_word' id='word_1_44' title='bbox 575 1695 1039 1803; x_wconf 88' lang='lat' dir='ltr'>acquiescat,</span> <span class='ocrx_word' id='word_1_45' title='bbox 1083 1722 1222 1778; x_wconf 88' lang='lat' dir='ltr'>nec</span> <span class='ocrx_word' id='word_1_46' title='bbox 1255 1697 1779 1779; x_wconf 83' lang='lat' dir='ltr'>venationibus</span> <span class='ocrx_word' id='word_1_47' title='bbox 1820 1697 1993 1806; x_wconf 93' lang='lat' dir='ltr'>plus</span> <span class='ocrx_word' id='word_1_48' title='bbox 2041 1722 2274 1806; x_wconf 88' lang='lat' dir='ltr'>quam</span> <span class='ocrx_word' id='word_1_49' title='bbox 2322 1697 2583 1778; x_wconf 88' lang='lat' dir='ltr'>deceat</span> <span class='ocrx_word' id='word_1_50' title='bbox 2625 1695 3066 1800; x_wconf 81' lang='lat' dir='ltr'>delectetur,</span> <span class='ocrx_word' id='word_1_51' title='bbox 3116 1720 3390 1777; x_wconf 87' lang='lat' dir='ltr'>exem-</span> <span class='ocrx_word' id='word_1_52' title='bbox 3474 1789 3489 1806; x_wconf 91' lang='lat'><strong>.</strong></span> 
     </span>
    </p>
   </div>
   <div class='ocr_carea' id='block_1_6' title="bbox 571 1824 3036 1936">
    <p class='ocr_par' dir='ltr' id='par_1_6' title="bbox 571 1824 3036 1936">
     <span class='ocr_line' id='line_1_9' title="bbox 571 1824 3036 1936; baseline 0.001 -30"><span class='ocrx_word' id='word_1_53' title='bbox 571 1824 788 1932; x_wconf 90' lang='lat' dir='ltr'>plum</span> <span class='ocrx_word' id='word_1_54' title='bbox 824 1853 1047 1909; x_wconf 88' lang='lat' dir='ltr'>casus</span> <span class='ocrx_word' id='word_1_55' title='bbox 1082 1828 1383 1909; x_wconf 86' lang='lat' dir='ltr'>Henrici</span> <span class='ocrx_word' id='word_1_56' title='bbox 1421 1827 1677 1909; x_wconf 85' lang='lat' dir='ltr'>fratris</span> <span class='ocrx_word' id='word_1_57' title='bbox 1715 1828 1833 1908; x_wconf 93' lang='lat' dir='ltr'>sui</span> <span class='ocrx_word' id='word_1_58' title='bbox 1873 1828 2190 1909; x_wconf 86' lang='lat' dir='ltr'>firmiter</span> <span class='ocrx_word' id='word_1_59' title='bbox 2215 1853 2487 1936; x_wconf 85' lang='lat' dir='ltr'>gerens</span> <span class='ocrx_word' id='word_1_60' title='bbox 2525 1827 2604 1906; x_wconf 91' lang='lat' dir='ltr'>in</span> <span class='ocrx_word' id='word_1_61' title='bbox 2643 1827 3036 1909; x_wconf 90' lang='lat' dir='ltr'>memoria.</span> 
     </span>
    </p>
   </div>
   <div class='ocr_carea' id='block_1_7' title="bbox 737 2036 3390 2646">
    <p class='ocr_par' dir='ltr' id='par_1_7' title="bbox 737 2036 3390 2646">
     <span class='ocr_line' id='line_1_10' title="bbox 737 2036 3385 2118; baseline 0 -19"><span class='ocrx_word' id='word_1_62' title='bbox 737 2036 928 2118; x_wconf 84' lang='lat' dir='ltr'>(Edit.</span> <span class='ocrx_word' id='word_1_63' title='bbox 967 2056 1065 2117; x_wconf 78' lang='lat' dir='ltr'>ap.</span> <span class='ocrx_word' id='word_1_64' title='bbox 1110 2040 1293 2100; x_wconf 72' lang='lat' dir='ltr'>Fan).</span> <span class='ocrx_word' id='word_1_65' title='bbox 1331 2039 1550 2112; x_wconf 73' lang='lat' dir='ltr'>Eum,</span> <span class='ocrx_word' id='word_1_66' title='bbox 1589 2036 1735 2100; x_wconf 79' lang='lat'><em>0011.</em></span> <span class='ocrx_word' id='word_1_67' title='bbox 1767 2057 2023 2102; x_wconf 76' lang='lat' dir='ltr'>monum.</span> <span class='ocrx_word' id='word_1_68' title='bbox 2053 2046 2165 2099; x_wconf 79' lang='lat' dir='ltr'>vet.</span> <span class='ocrx_word' id='word_1_69' title='bbox 2204 2047 2259 2100; x_wconf 78' lang='lat' dir='ltr'>et</span> <span class='ocrx_word' id='word_1_70' title='bbox 2296 2046 2541 2116; x_wconf 60' lang='lat' dir='ltr'>recent„</span> <span class='ocrx_word' id='word_1_71' title='bbox 2569 2046 2616 2099; x_wconf 87' lang='lat' dir='ltr'>t.</span> <span class='ocrx_word' id='word_1_72' title='bbox 2641 2041 2845 2112; x_wconf 82' lang='lat' dir='ltr'>1,11tt.</span> <span class='ocrx_word' id='word_1_73' title='bbox 2889 2043 3132 2117; x_wconf 81' lang='lat' dir='ltr'>princip.</span> <span class='ocrx_word' id='word_1_74' title='bbox 3178 2049 3237 2100; x_wconf 87' lang='lat' dir='ltr'>et</span> <span class='ocrx_word' id='word_1_75' title='bbox 3273 2043 3385 2100; x_wconf 87' lang='lat' dir='ltr'>vir.</span> 
     </span>
     <span class='ocr_line' id='line_1_11' title="bbox 813 2140 3388 2222; baseline 0 -18"><span class='ocrx_word' id='word_1_76' title='bbox 813 2146 1027 2220; x_wconf 67' lang='lat' dir='ltr'>illust„</span> <span class='ocrx_word' id='word_1_77' title='bbox 1066 2154 1133 2205; x_wconf 78' lang='lat' dir='ltr'>n⁰</span> <span class='ocrx_word' id='word_1_78' title='bbox 1169 2145 1406 2218; x_wconf 86' lang='lat' dir='ltr'>XVIII,</span> <span class='ocrx_word' id='word_1_79' title='bbox 1442 2164 1505 2222; x_wconf 88' lang='lat' dir='ltr'>p.</span> <span class='ocrx_word' id='word_1_80' title='bbox 1548 2153 1841 2205; x_wconf 78' lang='lat'><strong>228·229.</strong></span> <span class='ocrx_word' id='word_1_81' title='bbox 1877 2178 1959 2189; x_wconf 90' lang='lat'>—</span> <span class='ocrx_word' id='word_1_82' title='bbox 1993 2146 2289 2204; x_wconf 87' lang='lat' dir='ltr'>Insertum</span> <span class='ocrx_word' id='word_1_83' title='bbox 2331 2161 2566 2221; x_wconf 86' lang='lat' dir='ltr'>quoque</span> <span class='ocrx_word' id='word_1_84' title='bbox 2600 2148 2662 2204; x_wconf 90' lang='lat' dir='ltr'>in</span> <span class='ocrx_word' id='word_1_85' title='bbox 2707 2143 2973 2205; x_wconf 76' lang='lat' dir='ltr'>Chronic.</span> <span class='ocrx_word' id='word_1_86' title='bbox 3022 2140 3186 2204; x_wconf 77' lang='lat' dir='ltr'>sicil.</span> <span class='ocrx_word' id='word_1_87' title='bbox 3229 2146 3388 2221; x_wconf 86' lang='lat' dir='ltr'>quod</span> 
     </span>
     <span class='ocr_line' id='line_1_12' title="bbox 809 2248 3385 2329; baseline -0.001 -18"><span class='ocrx_word' id='word_1_88' title='bbox 809 2253 970 2328; x_wconf 83' lang='lat' dir='ltr'>typis</span> <span class='ocrx_word' id='word_1_89' title='bbox 994 2252 1427 2311; x_wconf 83' lang='lat' dir='ltr'>mandaverunt</span> <span class='ocrx_word' id='word_1_90' title='bbox 1442 2252 1531 2312; x_wconf 92' lang='lat' dir='ltr'>De</span> <span class='ocrx_word' id='word_1_91' title='bbox 1550 2252 1831 2329; x_wconf 86' lang='lat' dir='ltr'>Gregorio</span> <span class='ocrx_word' id='word_1_92' title='bbox 1848 2257 1908 2311; x_wconf 89' lang='lat' dir='ltr'>et</span> <span class='ocrx_word' id='word_1_93' title='bbox 1921 2251 2232 2311; x_wconf 83' lang='lat' dir='ltr'>Muratorl.</span> <span class='ocrx_word' id='word_1_94' title='bbox 2254 2252 2643 2327; x_wconf 80' lang='lat' dir='ltr'>Transcripsit</span> <span class='ocrx_word' id='word_1_95' title='bbox 2668 2253 2844 2311; x_wconf 80' lang='lat' dir='ltr'>etiam</span> <span class='ocrx_word' id='word_1_96' title='bbox 2868 2250 3032 2310; x_wconf 76' lang='lat' dir='ltr'>GIus.</span> <span class='ocrx_word' id='word_1_97' title='bbox 3065 2251 3126 2309; x_wconf 86' lang='lat' dir='ltr'>di</span> <span class='ocrx_word' id='word_1_98' title='bbox 3153 2248 3385 2329; x_wconf 84' lang='lat' dir='ltr'>Cesare,</span> 
     </span>
     <span class='ocr_line' id='line_1_13' title="bbox 823 2353 3390 2435; baseline -0.001 -19"><span class='ocrx_word' id='word_1_99' title='bbox 823 2356 956 2416; x_wconf 76' lang='lat' dir='ltr'>Vita</span> <span class='ocrx_word' id='word_1_100' title='bbox 980 2354 1044 2416; x_wconf 76' lang='lat' dir='ltr'>di</span> <span class='ocrx_word' id='word_1_101' title='bbox 1067 2353 1391 2435; x_wconf 81' lang='lat' dir='ltr'>Mansred.,</span> <span class='ocrx_word' id='word_1_102' title='bbox 1425 2365 1569 2418; x_wconf 83' lang='lat' dir='ltr'>nota</span> <span class='ocrx_word' id='word_1_103' title='bbox 1596 2366 1630 2415; x_wconf 79' lang='lat'><em>2</em></span> <span class='ocrx_word' id='word_1_104' title='bbox 1653 2358 1729 2417; x_wconf 82' lang='lat' dir='ltr'>ad</span> <span class='ocrx_word' id='word_1_105' title='bbox 1758 2357 1892 2418; x_wconf 86' lang='lat' dir='ltr'>llbr.</span> <span class='ocrx_word' id='word_1_106' title='bbox 1923 2356 1987 2434; x_wconf 91' lang='lat' dir='ltr'>I,</span> <span class='ocrx_word' id='word_1_107' title='bbox 2017 2372 2154 2415; x_wconf 90' lang='lat' dir='ltr'>cum</span> <span class='ocrx_word' id='word_1_108' title='bbox 2181 2356 2297 2416; x_wconf 77' lang='lat' dir='ltr'>ista</span> <span class='ocrx_word' id='word_1_109' title='bbox 2321 2358 2699 2416; x_wconf 83' lang='lat' dir='ltr'>annotatione</span> <span class='ocrx_word' id='word_1_110' title='bbox 2722 2374 2738 2416; x_wconf 72' lang='grc' dir='ltr'><em>ε</em></span> <span class='ocrx_word' id='word_1_111' title='bbox 2777 2380 2803 2406; x_wconf 77' lang='grc' dir='ltr'>κ</span> <span class='ocrx_word' id='word_1_112' title='bbox 2832 2356 2880 2414; x_wconf 89' lang='lat' dir='ltr'><strong>E</strong></span> <span class='ocrx_word' id='word_1_113' title='bbox 2903 2358 3062 2416; x_wconf 84' lang='lat' dir='ltr'>sieno</span> <span class='ocrx_word' id='word_1_114' title='bbox 3092 2372 3217 2415; x_wconf 79' lang='lat' dir='ltr'>esse</span> <span class='ocrx_word' id='word_1_115' title='bbox 3252 2370 3390 2414; x_wconf 85' lang='lat' dir='ltr'>vere</span> 
     </span>
     <span class='ocr_line' id='line_1_14' title="bbox 808 2459 3386 2539; baseline -0.001 -17"><span class='ocrx_word' id='word_1_116' title='bbox 808 2478 847 2522; x_wconf 88' lang='lat' dir='ltr'>o</span> <span class='ocrx_word' id='word_1_117' title='bbox 872 2468 1171 2539; x_wconf 84' lang='lat' dir='ltr'>composte</span> <span class='ocrx_word' id='word_1_118' title='bbox 1205 2463 1355 2522; x_wconf 84' lang='lat' dir='ltr'>sulla</span> <span class='ocrx_word' id='word_1_119' title='bbox 1388 2464 1608 2522; x_wconf 79' lang='lat' dir='ltr'>notizia</span> <span class='ocrx_word' id='word_1_120' title='bbox 1642 2478 1757 2538; x_wconf 88' lang='lat' dir='ltr'>que</span> <span class='ocrx_word' id='word_1_121' title='bbox 1788 2461 1984 2521; x_wconf 79' lang='lat' dir='ltr'>aveasl</span> <span class='ocrx_word' id='word_1_122' title='bbox 2015 2459 2151 2520; x_wconf 87' lang='lat' dir='ltr'>dell&#39;</span> <span class='ocrx_word' id='word_1_123' title='bbox 2180 2461 2377 2520; x_wconf 81' lang='lat' dir='ltr'>indole</span> <span class='ocrx_word' id='word_1_124' title='bbox 2402 2459 2464 2519; x_wconf 81' lang='lat' dir='ltr'>dl</span> <span class='ocrx_word' id='word_1_125' title='bbox 2491 2461 2667 2536; x_wconf 85' lang='lat' dir='ltr'>quell&#39;</span> <span class='ocrx_word' id='word_1_126' title='bbox 2702 2464 2983 2537; x_wconf 84' lang='lat' dir='ltr'>augusto,</span> <span class='ocrx_word' id='word_1_127' title='bbox 3015 2462 3300 2519; x_wconf 79' lang='lat' dir='ltr'>meritano</span> <span class='ocrx_word' id='word_1_128' title='bbox 3325 2460 3386 2519; x_wconf 84' lang='lat' dir='ltr'>di</span> 
     </span>
     <span class='ocr_line' id='line_1_15' title="bbox 808 2563 2811 2646; baseline -0.003 -18"><span class='ocrx_word' id='word_1_129' title='bbox 808 2584 966 2628; x_wconf 82' lang='lat' dir='ltr'>esser</span> <span class='ocrx_word' id='word_1_130' title='bbox 990 2569 1329 2629; x_wconf 81' lang='lat' dir='ltr'>conosclute</span> <span class='ocrx_word' id='word_1_131' title='bbox 1349 2583 1387 2627; x_wconf 82' lang='lat' dir='ltr'>a</span> <span class='ocrx_word' id='word_1_132' title='bbox 1413 2570 1657 2646; x_wconf 79' lang='lat' dir='ltr'>caglone</span> <span class='ocrx_word' id='word_1_133' title='bbox 1685 2566 1839 2626; x_wconf 82' lang='lat' dir='ltr'>della</span> <span class='ocrx_word' id='word_1_134' title='bbox 1860 2567 2132 2643; x_wconf 80' lang='lat' dir='ltr'>sapienza</span> <span class='ocrx_word' id='word_1_135' title='bbox 2159 2565 2269 2624; x_wconf 89' lang='lat' dir='ltr'>che</span> <span class='ocrx_word' id='word_1_136' title='bbox 2294 2565 2711 2625; x_wconf 85' lang='lat' dir='ltr'>racchludono.</span> <span class='ocrx_word' id='word_1_137' title='bbox 2737 2563 2811 2644; x_wconf 77' lang='lat' dir='ltr'>n)</span> 
     </span>
    </p>
   </div>
   <div class='ocr_carea' id='block_1_8' title="bbox 561 2748 3386 4699">
    <p class='ocr_par' dir='ltr' id='par_1_8' title="bbox 561 2748 3386 4699">
     <span class='ocr_line' id='line_1_16' title="bbox 665 2748 3384 2843; baseline -0.001 -20"><span class='ocrx_word' id='word_1_138' title='bbox 665 2752 1103 2843; x_wconf 80' lang='lat' dir='ltr'>FredericuS,</span> <span class='ocrx_word' id='word_1_139' title='bbox 1139 2751 1265 2824; x_wconf 92' lang='lat' dir='ltr'>Dei</span> <span class='ocrx_word' id='word_1_140' title='bbox 1306 2750 1526 2843; x_wconf 89' lang='lat' dir='ltr'>gratia</span> <span class='ocrx_word' id='word_1_141' title='bbox 1557 2752 2023 2821; x_wconf 88' lang='lat' dir='ltr'>Romanorum</span> <span class='ocrx_word' id='word_1_142' title='bbox 2057 2748 2436 2842; x_wconf 90' lang='lat' dir='ltr'>imperator</span> <span class='ocrx_word' id='word_1_143' title='bbox 2477 2769 2753 2842; x_wconf 88' lang='lat' dir='ltr'>semper</span> <span class='ocrx_word' id='word_1_144' title='bbox 2785 2757 3150 2841; x_wconf 80' lang='lat' dir='ltr'>augustuS,</span> <span class='ocrx_word' id='word_1_145' title='bbox 3188 2752 3384 2822; x_wconf 84' lang='lat' dir='ltr'>Jeru-</span> 
     </span>
     <span class='ocr_line' id='line_1_17' title="bbox 571 2872 3386 2967; baseline -0.001 -20"><span class='ocrx_word' id='word_1_146' title='bbox 571 2878 787 2947; x_wconf 86' lang='lat' dir='ltr'>salem</span> <span class='ocrx_word' id='word_1_147' title='bbox 825 2886 896 2948; x_wconf 95' lang='lat' dir='ltr'>et</span> <span class='ocrx_word' id='word_1_148' title='bbox 930 2876 1158 2948; x_wconf 91' lang='lat' dir='ltr'>Sicilie</span> <span class='ocrx_word' id='word_1_149' title='bbox 1187 2897 1355 2967; x_wconf 67' lang='lat' dir='ltr'>reX,</span> <span class='ocrx_word' id='word_1_150' title='bbox 1390 2875 1645 2947; x_wconf 92' lang='lat' dir='ltr'>dilecto</span> <span class='ocrx_word' id='word_1_151' title='bbox 1680 2873 1822 2946; x_wconf 90' lang='lat' dir='ltr'>filio</span> <span class='ocrx_word' id='word_1_152' title='bbox 1864 2896 1991 2946; x_wconf 91' lang='lat' dir='ltr'>suo</span> <span class='ocrx_word' id='word_1_153' title='bbox 2031 2872 2348 2945; x_wconf 89' lang='lat' dir='ltr'>Conrado</span> <span class='ocrx_word' id='word_1_154' title='bbox 2380 2872 2564 2965; x_wconf 89' lang='lat' dir='ltr'>regi,</span> <span class='ocrx_word' id='word_1_155' title='bbox 2608 2882 2741 2944; x_wconf 92' lang='lat' dir='ltr'>etc.</span> <span class='ocrx_word' id='word_1_156' title='bbox 2782 2873 3009 2945; x_wconf 86' lang='lat' dir='ltr'>Gloria</span> <span class='ocrx_word' id='word_1_157' title='bbox 3054 2874 3386 2966; x_wconf 80' lang='lat' dir='ltr'>genitoris</span> 
     </span>
     <span class='ocr_line' id='line_1_18' title="bbox 571 2984 3378 3093; baseline -0 -21"><span class='ocrx_word' id='word_1_158' title='bbox 571 2999 890 3072; x_wconf 82' lang='lat' dir='ltr'>est-filius</span> <span class='ocrx_word' id='word_1_159' title='bbox 924 3000 1202 3093; x_wconf 89' lang='lat' dir='ltr'>sapiens</span> <span class='ocrx_word' id='word_1_160' title='bbox 1239 3010 1309 3071; x_wconf 92' lang='lat' dir='ltr'>et</span> <span class='ocrx_word' id='word_1_161' title='bbox 1358 2998 1753 3071; x_wconf 89' lang='lat' dir='ltr'>obedientia</span> <span class='ocrx_word' id='word_1_162' title='bbox 1796 2984 1918 3069; x_wconf 81' lang='lat' dir='ltr'>filii</span> <span class='ocrx_word' id='word_1_163' title='bbox 1949 3006 2238 3093; x_wconf 89' lang='lat' dir='ltr'>paterna</span> <span class='ocrx_word' id='word_1_164' title='bbox 2283 2997 2537 3068; x_wconf 88' lang='lat' dir='ltr'>cotidie</span> <span class='ocrx_word' id='word_1_165' title='bbox 2585 2997 3066 3069; x_wconf 90' lang='lat' dir='ltr'>benedictione</span> <span class='ocrx_word' id='word_1_166' title='bbox 3107 2999 3378 3073; x_wconf 89' lang='lat' dir='ltr'>beatur.</span> 
     </span>
     <span class='ocr_line' id='line_1_19' title="bbox 571 3121 3384 3216; baseline 0 -22"><span class='ocrx_word' id='word_1_167' title='bbox 571 3122 911 3194; x_wconf 83' lang='lat' dir='ltr'>Gaudium</span> <span class='ocrx_word' id='word_1_168' title='bbox 960 3143 1036 3193; x_wconf 93' lang='lat' dir='ltr'>es</span> <span class='ocrx_word' id='word_1_169' title='bbox 1081 3142 1247 3213; x_wconf 88' lang='lat' dir='ltr'>ergo</span> <span class='ocrx_word' id='word_1_170' title='bbox 1286 3123 1514 3212; x_wconf 91' lang='lat' dir='ltr'>nobis,</span> <span class='ocrx_word' id='word_1_171' title='bbox 1562 3143 1605 3194; x_wconf 96' lang='lat' dir='ltr'>o</span> <span class='ocrx_word' id='word_1_172' title='bbox 1647 3123 1916 3194; x_wconf 89' lang='lat' dir='ltr'>Cesarei</span> <span class='ocrx_word' id='word_1_173' title='bbox 1963 3121 2317 3213; x_wconf 88' lang='lat' dir='ltr'>sanguinis</span> <span class='ocrx_word' id='word_1_174' title='bbox 2366 3121 2527 3192; x_wconf 89' lang='lat' dir='ltr'>diva</span> <span class='ocrx_word' id='word_1_175' title='bbox 2577 3123 2807 3216; x_wconf 90' lang='lat' dir='ltr'>proles</span> <span class='ocrx_word' id='word_1_176' title='bbox 2827 3175 2846 3212; x_wconf 94' lang='lat'>,</span> <span class='ocrx_word' id='word_1_177' title='bbox 2891 3123 3081 3215; x_wconf 92' lang='lat' dir='ltr'>quod</span> <span class='ocrx_word' id='word_1_178' title='bbox 3135 3125 3384 3216; x_wconf 91' lang='lat' dir='ltr'>regalis</span> 
     </span>
     <span class='ocr_line' id='line_1_20' title="bbox 569 3243 3384 3339; baseline 0.001 -22"><span class='ocrx_word' id='word_1_179' title='bbox 569 3246 842 3317; x_wconf 86' lang='lat' dir='ltr'>indoles</span> <span class='ocrx_word' id='word_1_180' title='bbox 876 3254 993 3315; x_wconf 89' lang='lat' dir='ltr'>tua</span> <span class='ocrx_word' id='word_1_181' title='bbox 1026 3243 1466 3315; x_wconf 86' lang='lat' dir='ltr'>laudabiliter</span> <span class='ocrx_word' id='word_1_182' title='bbox 1496 3244 1803 3316; x_wconf 91' lang='lat' dir='ltr'>moribus</span> <span class='ocrx_word' id='word_1_183' title='bbox 1834 3246 2119 3335; x_wconf 88' lang='lat' dir='ltr'>clareat,</span> <span class='ocrx_word' id='word_1_184' title='bbox 2147 3244 2337 3338; x_wconf 90' lang='lat' dir='ltr'>quod</span> <span class='ocrx_word' id='word_1_185' title='bbox 2370 3244 2655 3316; x_wconf 88' lang='lat' dir='ltr'>scientia</span> <span class='ocrx_word' id='word_1_186' title='bbox 2683 3245 2932 3317; x_wconf 86' lang='lat' dir='ltr'>cotidie</span> <span class='ocrx_word' id='word_1_187' title='bbox 2966 3246 3280 3339; x_wconf 88' lang='lat' dir='ltr'>proficiat</span> <span class='ocrx_word' id='word_1_188' title='bbox 3312 3259 3384 3321; x_wconf 91' lang='lat' dir='ltr'>et</span> 
     </span>
     <span class='ocr_line' id='line_1_21' title="bbox 571 3366 3381 3464; baseline 0.001 -23"><span class='ocrx_word' id='word_1_189' title='bbox 571 3379 782 3460; x_wconf 90' lang='lat' dir='ltr'>etate,</span> <span class='ocrx_word' id='word_1_190' title='bbox 819 3378 898 3440; x_wconf 93' lang='lat' dir='ltr'>ut</span> <span class='ocrx_word' id='word_1_191' title='bbox 928 3366 1421 3440; x_wconf 86' lang='lat' dir='ltr'>honorificetur</span> <span class='ocrx_word' id='word_1_192' title='bbox 1451 3389 1706 3439; x_wconf 92' lang='lat' dir='ltr'>nomen</span> <span class='ocrx_word' id='word_1_193' title='bbox 1737 3368 2030 3459; x_wconf 77' lang='lat' dir='ltr'>Augusti</span> <span class='ocrx_word' id='word_1_194' title='bbox 2062 3369 2278 3462; x_wconf 87' lang='lat' dir='ltr'>patris</span> <span class='ocrx_word' id='word_1_195' title='bbox 2323 3368 2394 3438; x_wconf 93' lang='lat' dir='ltr'>in</span> <span class='ocrx_word' id='word_1_196' title='bbox 2432 3389 2595 3459; x_wconf 92' lang='lat' dir='ltr'>rege</span> <span class='ocrx_word' id='word_1_197' title='bbox 2627 3367 2769 3439; x_wconf 89' lang='lat' dir='ltr'>filio</span> <span class='ocrx_word' id='word_1_198' title='bbox 2803 3378 2876 3439; x_wconf 93' lang='lat' dir='ltr'>et</span> <span class='ocrx_word' id='word_1_199' title='bbox 2910 3369 3056 3459; x_wconf 75' lang='lat' dir='ltr'>Jam</span> <span class='ocrx_word' id='word_1_200' title='bbox 3092 3370 3381 3464; x_wconf 88' lang='lat' dir='ltr'>impleas</span> 
     </span>
     <span class='ocr_line' id='line_1_22' title="bbox 567 3491 3381 3585; baseline -0 -19"><span class='ocrx_word' id='word_1_201' title='bbox 567 3494 824 3566; x_wconf 88' lang='lat' dir='ltr'>virtute</span> <span class='ocrx_word' id='word_1_202' title='bbox 856 3501 1287 3585; x_wconf 81' lang='lat' dir='ltr'>regnantem.</span> <span class='ocrx_word' id='word_1_203' title='bbox 1325 3491 1683 3562; x_wconf 91' lang='lat' dir='ltr'>Benedicit</span> <span class='ocrx_word' id='word_1_204' title='bbox 1710 3491 1941 3584; x_wconf 87' lang='lat' dir='ltr'>itaque</span> <span class='ocrx_word' id='word_1_205' title='bbox 1977 3491 2229 3563; x_wconf 84' lang='lat' dir='ltr'>dextra</span> <span class='ocrx_word' id='word_1_206' title='bbox 2258 3499 2494 3562; x_wconf 89' lang='lat' dir='ltr'>nostra</span> <span class='ocrx_word' id='word_1_207' title='bbox 2527 3500 2598 3562; x_wconf 95' lang='lat' dir='ltr'>et</span> <span class='ocrx_word' id='word_1_208' title='bbox 2633 3500 2907 3562; x_wconf 91' lang='lat' dir='ltr'>tuorum</span> <span class='ocrx_word' id='word_1_209' title='bbox 2939 3492 3381 3566; x_wconf 89' lang='lat' dir='ltr'>incrementis</span> 
     </span>
     <span class='ocr_line' id='line_1_23' title="bbox 566 3613 3381 3710; baseline 0.001 -23"><span class='ocrx_word' id='word_1_210' title='bbox 566 3615 910 3689; x_wconf 90' lang='lat' dir='ltr'>honorum</span> <span class='ocrx_word' id='word_1_211' title='bbox 945 3637 1029 3688; x_wconf 91' lang='lat' dir='ltr'>ac</span> <span class='ocrx_word' id='word_1_212' title='bbox 1054 3614 1237 3688; x_wconf 78' lang='lat' dir='ltr'>felici</span> <span class='ocrx_word' id='word_1_213' title='bbox 1268 3614 1476 3686; x_wconf 88' lang='lat' dir='ltr'>statui</span> <span class='ocrx_word' id='word_1_214' title='bbox 1509 3624 1629 3686; x_wconf 90' lang='lat' dir='ltr'>tuo</span> <span class='ocrx_word' id='word_1_215' title='bbox 1651 3625 1943 3710; x_wconf 92' lang='lat' dir='ltr'>paterno</span> <span class='ocrx_word' id='word_1_216' title='bbox 1969 3615 2116 3686; x_wconf 92' lang='lat' dir='ltr'>zelo</span> <span class='ocrx_word' id='word_1_217' title='bbox 2148 3613 2628 3703; x_wconf 86' lang='lat' dir='ltr'>sollicitudinis</span> <span class='ocrx_word' id='word_1_218' title='bbox 2668 3614 3076 3706; x_wconf 87' lang='lat' dir='ltr'>aspiramus,</span> <span class='ocrx_word' id='word_1_219' title='bbox 3106 3628 3381 3689; x_wconf 90' lang='lat' dir='ltr'>orantes</span> 
     </span>
     <span class='ocr_line' id='line_1_24' title="bbox 569 3736 3379 3834; baseline 0 -25"><span class='ocrx_word' id='word_1_220' title='bbox 569 3736 971 3811; x_wconf 84' lang='lat' dir='ltr'>filiationem</span> <span class='ocrx_word' id='word_1_221' title='bbox 1006 3747 1196 3810; x_wconf 88' lang='lat' dir='ltr'>tuam</span> <span class='ocrx_word' id='word_1_222' title='bbox 1231 3760 1358 3834; x_wconf 94' lang='lat' dir='ltr'>per</span> <span class='ocrx_word' id='word_1_223' title='bbox 1387 3738 1680 3830; x_wconf 81' lang='lat' dir='ltr'>gratiam</span> <span class='ocrx_word' id='word_1_224' title='bbox 1715 3747 2025 3809; x_wconf 90' lang='lat' dir='ltr'>nostram</span> <span class='ocrx_word' id='word_1_225' title='bbox 2060 3759 2271 3831; x_wconf 90' lang='lat' dir='ltr'>quam</span> <span class='ocrx_word' id='word_1_226' title='bbox 2303 3738 2375 3808; x_wconf 92' lang='lat' dir='ltr'>in</span> <span class='ocrx_word' id='word_1_227' title='bbox 2412 3746 2476 3809; x_wconf 89' lang='lat' dir='ltr'>te</span> <span class='ocrx_word' id='word_1_228' title='bbox 2506 3737 2809 3829; x_wconf 80' lang='lat' dir='ltr'>gerimus</span> <span class='ocrx_word' id='word_1_229' title='bbox 2850 3748 3138 3831; x_wconf 89' lang='lat' dir='ltr'>paterno</span> <span class='ocrx_word' id='word_1_230' title='bbox 3171 3740 3379 3811; x_wconf 90' lang='lat' dir='ltr'>corde</span> 
     </span>
     <span class='ocr_line' id='line_1_25' title="bbox 567 3838 3376 3956; baseline -0.001 -20"><span class='ocrx_word' id='word_1_231' title='bbox 567 3862 909 3954; x_wconf 83' lang='lat' dir='ltr'>diffusam,</span> <span class='ocrx_word' id='word_1_232' title='bbox 939 3863 1131 3956; x_wconf 90' lang='lat' dir='ltr'>quod</span> <span class='ocrx_word' id='word_1_233' title='bbox 1162 3863 1251 3934; x_wconf 92' lang='lat' dir='ltr'>de</span> <span class='ocrx_word' id='word_1_234' title='bbox 1282 3863 1469 3934; x_wconf 91' lang='lat' dir='ltr'>bono</span> <span class='ocrx_word' id='word_1_235' title='bbox 1508 3863 1579 3932; x_wconf 92' lang='lat' dir='ltr'>in</span> <span class='ocrx_word' id='word_1_236' title='bbox 1611 3862 1862 3933; x_wconf 90' lang='lat' dir='ltr'>melius</span> <span class='ocrx_word' id='word_1_237' title='bbox 1889 3838 2174 3934; x_wconf 90' lang='lat' dir='ltr'>decores</span> <span class='ocrx_word' id='word_1_238' title='bbox 2208 3869 2280 3933; x_wconf 88' lang='lat' dir='ltr'>et</span> <span class='ocrx_word' id='word_1_239' title='bbox 2314 3861 2604 3932; x_wconf 84' lang='lat' dir='ltr'>felicites</span> <span class='ocrx_word' id='word_1_240' title='bbox 2636 3881 2862 3932; x_wconf 90' lang='lat' dir='ltr'>mores</span> <span class='ocrx_word' id='word_1_241' title='bbox 2897 3870 3076 3952; x_wconf 81' lang='lat' dir='ltr'>tuoS,</span> <span class='ocrx_word' id='word_1_242' title='bbox 3111 3862 3199 3932; x_wconf 95' lang='lat' dir='ltr'>de</span> <span class='ocrx_word' id='word_1_243' title='bbox 3233 3861 3376 3933; x_wconf 89' lang='lat' dir='ltr'>vir-</span> 
     </span>
     <span class='ocr_line' id='line_1_26' title="bbox 568 3983 3379 4082; baseline 0 -25"><span class='ocrx_word' id='word_1_244' title='bbox 568 3995 712 4058; x_wconf 89' lang='lat' dir='ltr'>tute</span> <span class='ocrx_word' id='word_1_245' title='bbox 763 3984 1127 4082; x_wconf 87' lang='lat' dir='ltr'>proficiens</span> <span class='ocrx_word' id='word_1_246' title='bbox 1168 3986 1240 4056; x_wconf 92' lang='lat' dir='ltr'>in</span> <span class='ocrx_word' id='word_1_247' title='bbox 1279 3986 1646 4075; x_wconf 87' lang='lat' dir='ltr'>virtutem,</span> <span class='ocrx_word' id='word_1_248' title='bbox 1691 3995 1762 4056; x_wconf 91' lang='lat' dir='ltr'>et</span> <span class='ocrx_word' id='word_1_249' title='bbox 1811 4007 1970 4056; x_wconf 92' lang='lat' dir='ltr'>cum</span> <span class='ocrx_word' id='word_1_250' title='bbox 2023 3985 2386 4056; x_wconf 88' lang='lat' dir='ltr'>materiam</span> <span class='ocrx_word' id='word_1_251' title='bbox 2424 3984 2699 4056; x_wconf 87' lang='lat' dir='ltr'>virtutis</span> <span class='ocrx_word' id='word_1_252' title='bbox 2760 3983 3018 4054; x_wconf 92' lang='lat' dir='ltr'>habeas</span> <span class='ocrx_word' id='word_1_253' title='bbox 3071 3986 3379 4078; x_wconf 83' lang='lat' dir='ltr'>proferas</span> 
     </span>
     <span class='ocr_line' id='line_1_27' title="bbox 565 4105 3375 4204; baseline -0.001 -23"><span class='ocrx_word' id='word_1_254' title='bbox 565 4132 713 4183; x_wconf 93' lang='lat' dir='ltr'>rem</span> <span class='ocrx_word' id='word_1_255' title='bbox 745 4111 816 4182; x_wconf 94' lang='lat' dir='ltr'>in</span> <span class='ocrx_word' id='word_1_256' title='bbox 854 4120 1112 4182; x_wconf 88' lang='lat' dir='ltr'>actum.</span> <span class='ocrx_word' id='word_1_257' title='bbox 1150 4109 1515 4181; x_wconf 91' lang='lat' dir='ltr'>Consultor</span> <span class='ocrx_word' id='word_1_258' title='bbox 1544 4108 1638 4180; x_wconf 90' lang='lat' dir='ltr'>sis</span> <span class='ocrx_word' id='word_1_259' title='bbox 1673 4130 2039 4204; x_wconf 88' lang='lat' dir='ltr'>procerum</span> <span class='ocrx_word' id='word_1_260' title='bbox 2073 4130 2370 4201; x_wconf 89' lang='lat' dir='ltr'>quorum</span> <span class='ocrx_word' id='word_1_261' title='bbox 2399 4107 2698 4177; x_wconf 92' lang='lat' dir='ltr'>consiliis</span> <span class='ocrx_word' id='word_1_262' title='bbox 2727 4116 2797 4177; x_wconf 95' lang='lat' dir='ltr'>et</span> <span class='ocrx_word' id='word_1_263' title='bbox 2832 4105 3197 4201; x_wconf 89' lang='lat' dir='ltr'>prudentia</span> <span class='ocrx_word' id='word_1_264' title='bbox 3232 4129 3375 4180; x_wconf 92' lang='lat' dir='ltr'>non</span> 
     </span>
     <span class='ocr_line' id='line_1_28' title="bbox 564 4229 3374 4327; baseline -0.001 -24"><span class='ocrx_word' id='word_1_265' title='bbox 564 4233 891 4306; x_wconf 88' lang='lat' dir='ltr'>aborreas</span> <span class='ocrx_word' id='word_1_266' title='bbox 921 4233 1304 4322; x_wconf 83' lang='lat' dir='ltr'>informari,</span> <span class='ocrx_word' id='word_1_267' title='bbox 1342 4241 1413 4305; x_wconf 88' lang='lat' dir='ltr'>et</span> <span class='ocrx_word' id='word_1_268' title='bbox 1439 4253 1678 4304; x_wconf 86' lang='lat' dir='ltr'>servos</span> <span class='ocrx_word' id='word_1_269' title='bbox 1707 4231 2064 4327; x_wconf 87' lang='lat' dir='ltr'>aspernari</span> <span class='ocrx_word' id='word_1_270' title='bbox 2094 4230 2439 4322; x_wconf 88' lang='lat' dir='ltr'>bilingues</span> <span class='ocrx_word' id='word_1_271' title='bbox 2484 4240 2555 4300; x_wconf 90' lang='lat' dir='ltr'>et</span> <span class='ocrx_word' id='word_1_272' title='bbox 2581 4229 2770 4300; x_wconf 87' lang='lat' dir='ltr'>viros</span> <span class='ocrx_word' id='word_1_273' title='bbox 2806 4229 3166 4301; x_wconf 89' lang='lat' dir='ltr'>honestate</span> <span class='ocrx_word' id='word_1_274' title='bbox 3206 4252 3374 4303; x_wconf 90' lang='lat' dir='ltr'>con·</span> 
     </span>
     <span class='ocr_line' id='line_1_29' title="bbox 565 4353 3375 4451; baseline 0 -25"><span class='ocrx_word' id='word_1_275' title='bbox 565 4354 841 4449; x_wconf 87' lang='lat' dir='ltr'>spicuos</span> <span class='ocrx_word' id='word_1_276' title='bbox 877 4356 1119 4429; x_wconf 88' lang='lat' dir='ltr'>audire</span> <span class='ocrx_word' id='word_1_277' title='bbox 1161 4366 1230 4428; x_wconf 90' lang='lat' dir='ltr'>te</span> <span class='ocrx_word' id='word_1_278' title='bbox 1276 4358 1601 4428; x_wconf 86' lang='lat' dir='ltr'>volumus</span> <span class='ocrx_word' id='word_1_279' title='bbox 1646 4365 1717 4427; x_wconf 92' lang='lat' dir='ltr'>et</span> <span class='ocrx_word' id='word_1_280' title='bbox 1756 4377 2027 4445; x_wconf 73' lang='lat' dir='ltr'>amare,</span> <span class='ocrx_word' id='word_1_281' title='bbox 2070 4355 2261 4425; x_wconf 85' lang='lat' dir='ltr'>leves</span> <span class='ocrx_word' id='word_1_282' title='bbox 2301 4363 2372 4425; x_wconf 96' lang='lat' dir='ltr'>et</span> <span class='ocrx_word' id='word_1_283' title='bbox 2420 4354 2600 4424; x_wconf 85' lang='lat' dir='ltr'>levia</span> <span class='ocrx_word' id='word_1_284' title='bbox 2636 4374 2779 4423; x_wconf 94' lang='lat' dir='ltr'>non</span> <span class='ocrx_word' id='word_1_285' title='bbox 2818 4353 3176 4446; x_wconf 87' lang='lat' dir='ltr'>admittas;</span> <span class='ocrx_word' id='word_1_286' title='bbox 3223 4357 3375 4451; x_wconf 90' lang='lat' dir='ltr'>pal-</span> 
     </span>
     <span class='ocr_line' id='line_1_30' title="bbox 564 4476 3376 4574; baseline 0 -24"><span class='ocrx_word' id='word_1_287' title='bbox 564 4479 1079 4574; x_wconf 88' lang='lat' dir='ltr'>pans-adulatio</span> <span class='ocrx_word' id='word_1_288' title='bbox 1114 4481 1185 4550; x_wconf 91' lang='lat' dir='ltr'>in</span> <span class='ocrx_word' id='word_1_289' title='bbox 1221 4501 1388 4553; x_wconf 88' lang='lat' dir='ltr'>aure</span> <span class='ocrx_word' id='word_1_290' title='bbox 1421 4491 1538 4552; x_wconf 91' lang='lat' dir='ltr'>tua</span> <span class='ocrx_word' id='word_1_291' title='bbox 1570 4481 1799 4552; x_wconf 92' lang='lat' dir='ltr'>locum</span> <span class='ocrx_word' id='word_1_292' title='bbox 1830 4499 1974 4550; x_wconf 92' lang='lat' dir='ltr'>non</span> <span class='ocrx_word' id='word_1_293' title='bbox 2009 4476 2267 4548; x_wconf 88' lang='lat' dir='ltr'>habeat</span> <span class='ocrx_word' id='word_1_294' title='bbox 2297 4487 2367 4547; x_wconf 94' lang='lat' dir='ltr'>et</span> <span class='ocrx_word' id='word_1_295' title='bbox 2399 4476 2902 4548; x_wconf 90' lang='lat' dir='ltr'>detractoribus</span> <span class='ocrx_word' id='word_1_296' title='bbox 2932 4478 3052 4571; x_wconf 90' lang='lat' dir='ltr'>qui</span> <span class='ocrx_word' id='word_1_297' title='bbox 3087 4491 3376 4574; x_wconf 90' lang='lat' dir='ltr'>serpunt</span> 
     </span>
     <span class='ocr_line' id='line_1_31' title="bbox 561 4600 3371 4699; baseline -0.001 -24"><span class='ocrx_word' id='word_1_298' title='bbox 561 4602 746 4675; x_wconf 87' lang='lat' dir='ltr'>circa</span> <span class='ocrx_word' id='word_1_299' title='bbox 778 4603 1015 4675; x_wconf 86' lang='lat' dir='ltr'>limina</span> <span class='ocrx_word' id='word_1_300' title='bbox 1049 4612 1413 4699; x_wconf 92' lang='lat' dir='ltr'>potentum</span> <span class='ocrx_word' id='word_1_301' title='bbox 1448 4624 1654 4675; x_wconf 88' lang='lat' dir='ltr'>aures</span> <span class='ocrx_word' id='word_1_302' title='bbox 1684 4603 1908 4696; x_wconf 85' lang='lat' dir='ltr'>regias</span> <span class='ocrx_word' id='word_1_303' title='bbox 1944 4621 2085 4674; x_wconf 92' lang='lat' dir='ltr'>non</span> <span class='ocrx_word' id='word_1_304' title='bbox 2118 4600 2514 4695; x_wconf 89' lang='lat' dir='ltr'>impendas;</span> <span class='ocrx_word' id='word_1_305' title='bbox 2554 4602 2855 4694; x_wconf 88' lang='lat' dir='ltr'>prelatos</span> <span class='ocrx_word' id='word_1_306' title='bbox 2890 4602 3091 4674; x_wconf 91' lang='lat' dir='ltr'>nobis</span> <span class='ocrx_word' id='word_1_307' title='bbox 3133 4613 3219 4674; x_wconf 83' lang='lat' dir='ltr'>et&#39;</span> <span class='ocrx_word' id='word_1_308' title='bbox 3241 4603 3371 4673; x_wconf 89' lang='lat' dir='ltr'>im·</span> 
     </span>
    </p>
   </div>
  </div>
 </body>
</html>
