<?xml version="1.0" encoding="UTF-8"?>
<!DOCTYPE html PUBLIC "-//W3C//DTD XHTML 1.0 Transitional//EN"
    "http://www.w3.org/TR/xhtml1/DTD/xhtml1-transitional.dtd">
<html xmlns="http://www.w3.org/1999/xhtml" xml:lang="en" lang="en">
 <head>
  <title>
</title>
<meta http-equiv="Content-Type" content="text/html;charset=utf-8" />
  <meta name='ocr-system' content='tesseract 3.04.00' />
  <meta name='ocr-capabilities' content='ocr_page ocr_carea ocr_par ocr_line ocrx_word'/>
</head>
<body>
  <div class='ocr_page' id='page_1' title='image "./historiadiploma00degoog_0383.png"; bbox 0 0 4364 5738; ppageno 0'>
   <div class='ocr_carea' id='block_1_1' title="bbox 568 567 3391 654">
    <p class='ocr_par' dir='ltr' id='par_1_1' title="bbox 568 567 3391 654">
     <span class='ocr_line' id='line_1_1' title="bbox 568 567 3391 654; baseline -0.002 -15"><span class='ocrx_word' id='word_1_1' title='bbox 568 578 774 639; x_wconf 70' lang='lat' dir='ltr'><strong>Inter.</strong></span> <span class='ocrx_word' id='word_1_2' title='bbox 804 576 903 654; x_wconf 65' lang='grc'><strong>4.]</strong></span> <span class='ocrx_word' id='word_1_3' title='bbox 1459 570 1853 635; x_wconf 68' lang='lat' dir='ltr'><strong>mswlun</strong></span> <span class='ocrx_word' id='word_1_4' title='bbox 1905 567 2498 632; x_wconf 68' lang='lat' dir='ltr'><strong>mrLotaAthA.</strong></span> <span class='ocrx_word' id='word_1_5' title='bbox 3273 570 3391 634; x_wconf 75' lang='lat'><strong>367</strong></span> 
     </span>
    </p>
   </div>
   <div class='ocr_carea' id='block_1_2' title="bbox 572 705 3395 3515">
    <p class='ocr_par' dir='ltr' id='par_1_2' title="bbox 572 705 3395 3388">
     <span class='ocr_line' id='line_1_2' title="bbox 573 705 3395 807; baseline -0.001 -24"><span class='ocrx_word' id='word_1_6' title='bbox 573 713 1058 807; x_wconf 79' lang='lat' dir='ltr'><strong>episcoporum</strong></span> <span class='ocrx_word' id='word_1_7' title='bbox 1126 709 1493 781; x_wconf 80' lang='lat' dir='ltr'><strong>Germanis</strong></span> <span class='ocrx_word' id='word_1_8' title='bbox 1569 706 1934 780; x_wconf 76' lang='lat' dir='ltr'><strong>instantias</strong></span> <span class='ocrx_word' id='word_1_9' title='bbox 2004 706 2344 778; x_wconf 85' lang='lat' dir='ltr'><strong>cassanda</strong></span> <span class='ocrx_word' id='word_1_10' title='bbox 2406 715 2477 776; x_wconf 87' lang='lat' dir='ltr'><strong>et</strong></span> <span class='ocrx_word' id='word_1_11' title='bbox 2532 706 2608 777; x_wconf 90' lang='lat' dir='ltr'><strong>in</strong></span> <span class='ocrx_word' id='word_1_12' title='bbox 2666 705 2937 779; x_wconf 86' lang='lat' dir='ltr'><strong>irritum</strong></span> <span class='ocrx_word' id='word_1_13' title='bbox 3003 705 3395 781; x_wconf 83' lang='lat' dir='ltr'><strong>revocanda</strong></span> 
     </span>
     <span class='ocr_line' id='line_1_3' title="bbox 578 828 3393 926; baseline -0.002 -16"><span class='ocrx_word' id='word_1_14' title='bbox 578 835 911 910; x_wconf 82' lang='lat' dir='ltr'><strong>duximus</strong></span> <span class='ocrx_word' id='word_1_15' title='bbox 939 834 1016 905; x_wconf 89' lang='lat' dir='ltr'><strong>in</strong></span> <span class='ocrx_word' id='word_1_16' title='bbox 1056 833 1247 905; x_wconf 89' lang='lat' dir='ltr'><strong>omni</strong></span> <span class='ocrx_word' id='word_1_17' title='bbox 1283 832 1563 906; x_wconf 74' lang='lat' dir='ltr'><strong>civitate</strong></span> <span class='ocrx_word' id='word_1_18' title='bbox 1601 833 1715 906; x_wconf 82' lang='lat' dir='ltr'><strong>vel</strong></span> <span class='ocrx_word' id='word_1_19' title='bbox 1749 830 2010 926; x_wconf 81' lang='lat' dir='ltr'><strong>oppido</strong></span> <span class='ocrx_word' id='word_1_20' title='bbox 2041 828 2407 902; x_wconf 85' lang='lat' dir='ltr'><strong>Alamanie</strong></span> <span class='ocrx_word' id='word_1_21' title='bbox 2448 831 2843 902; x_wconf 84' lang='lat' dir='ltr'><strong>communia</strong></span> <span class='ocrx_word' id='word_1_22' title='bbox 2875 832 3198 921; x_wconf 81' lang='lat' dir='ltr'><strong>consilia,</strong></span> <span class='ocrx_word' id='word_1_23' title='bbox 3243 853 3393 904; x_wconf 71' lang='lat' dir='ltr'><strong>ma-</strong></span> 
     </span>
     <span class='ocr_line' id='line_1_4' title="bbox 580 952 3393 1050; baseline -0 -20"><span class='ocrx_word' id='word_1_24' title='bbox 580 957 830 1050; x_wconf 76' lang='lat' dir='ltr'><strong>gistros</strong></span> <span class='ocrx_word' id='word_1_25' title='bbox 859 954 1121 1029; x_wconf 82' lang='lat' dir='ltr'><strong>civium</strong></span> <span class='ocrx_word' id='word_1_26' title='bbox 1160 977 1286 1028; x_wconf 88' lang='lat' dir='ltr'><strong>seu</strong></span> <span class='ocrx_word' id='word_1_27' title='bbox 1325 965 1631 1028; x_wconf 85' lang='lat' dir='ltr'><strong>rectores</strong></span> <span class='ocrx_word' id='word_1_28' title='bbox 1677 955 1792 1028; x_wconf 78' lang='lat' dir='ltr'><strong>vel</strong></span> <span class='ocrx_word' id='word_1_29' title='bbox 1842 954 2190 1047; x_wconf 86' lang='lat' dir='ltr'><strong>quoslibet</strong></span> <span class='ocrx_word' id='word_1_30' title='bbox 2230 954 2405 1024; x_wconf 86' lang='lat' dir='ltr'><strong>alios</strong></span> <span class='ocrx_word' id='word_1_31' title='bbox 2447 952 2777 1026; x_wconf 83' lang='lat' dir='ltr'><strong>officiales</strong></span> <span class='ocrx_word' id='word_1_32' title='bbox 2819 954 2941 1047; x_wconf 87' lang='lat' dir='ltr'><strong>qui</strong></span> <span class='ocrx_word' id='word_1_33' title='bbox 2979 955 3074 1027; x_wconf 88' lang='lat' dir='ltr'><strong>ab</strong></span> <span class='ocrx_word' id='word_1_34' title='bbox 3108 956 3393 1028; x_wconf 84' lang='lat' dir='ltr'><strong>univer-</strong></span> 
     </span>
     <span class='ocr_line' id='line_1_5' title="bbox 580 1078 3390 1174; baseline -0.001 -22"><span class='ocrx_word' id='word_1_35' title='bbox 580 1080 780 1152; x_wconf 86' lang='lat' dir='ltr'><strong>sitate</strong></span> <span class='ocrx_word' id='word_1_36' title='bbox 812 1081 1068 1152; x_wconf 85' lang='lat' dir='ltr'><strong>civium</strong></span> <span class='ocrx_word' id='word_1_37' title='bbox 1100 1080 1250 1151; x_wconf 91' lang='lat' dir='ltr'><strong>sine</strong></span> <span class='ocrx_word' id='word_1_38' title='bbox 1276 1079 1949 1174; x_wconf 88' lang='lat' dir='ltr'><strong>archiepiscoporum</strong></span> <span class='ocrx_word' id='word_1_39' title='bbox 1983 1079 2095 1149; x_wconf 90' lang='lat' dir='ltr'><strong>vel</strong></span> <span class='ocrx_word' id='word_1_40' title='bbox 2126 1078 2611 1172; x_wconf 87' lang='lat' dir='ltr'><strong>episcoporum</strong></span> <span class='ocrx_word' id='word_1_41' title='bbox 2652 1098 2991 1149; x_wconf 85' lang='lat' dir='ltr'><strong>consensu</strong></span> <span class='ocrx_word' id='word_1_42' title='bbox 3024 1079 3142 1150; x_wconf 86' lang='lat' dir='ltr'><strong>vel</strong></span> <span class='ocrx_word' id='word_1_43' title='bbox 3173 1079 3390 1150; x_wconf 87' lang='lat' dir='ltr'><strong>bene-</strong></span> 
     </span>
     <span class='ocr_line' id='line_1_6' title="bbox 578 1199 3395 1298; baseline -0 -24"><span class='ocrx_word' id='word_1_44' title='bbox 578 1203 831 1298; x_wconf 90' lang='lat' dir='ltr'><strong>placito</strong></span> <span class='ocrx_word' id='word_1_45' title='bbox 883 1204 1141 1275; x_wconf 82' lang='lat' dir='ltr'><strong>fuerint</strong></span> <span class='ocrx_word' id='word_1_46' title='bbox 1187 1203 1574 1293; x_wconf 81' lang='lat' dir='ltr'><strong>constituti3</strong></span> <span class='ocrx_word' id='word_1_47' title='bbox 1631 1202 1794 1294; x_wconf 88' lang='lat' dir='ltr'><strong>quia</strong></span> <span class='ocrx_word' id='word_1_48' title='bbox 1842 1212 2073 1273; x_wconf 87' lang='lat' dir='ltr'><strong>tamen</strong></span> <span class='ocrx_word' id='word_1_49' title='bbox 2123 1199 2415 1271; x_wconf 82' lang='lat' dir='ltr'><strong>Sifridus</strong></span> <span class='ocrx_word' id='word_1_50' title='bbox 2461 1201 2978 1295; x_wconf 89' lang='lat' dir='ltr'><strong>Ratisponensis</strong></span> <span class='ocrx_word' id='word_1_51' title='bbox 3034 1202 3395 1297; x_wconf 88' lang='lat' dir='ltr'><strong>episcopus</strong></span> 
     </span>
     <span class='ocr_line' id='line_1_7' title="bbox 574 1324 3395 1420; baseline -0.001 -22"><span class='ocrx_word' id='word_1_52' title='bbox 574 1327 928 1419; x_wconf 82' lang='lat' dir='ltr'><strong>qnondam</strong></span> <span class='ocrx_word' id='word_1_53' title='bbox 971 1327 1426 1398; x_wconf 76' lang='lat' dir='ltr'><strong>cancellarius</strong></span> <span class='ocrx_word' id='word_1_54' title='bbox 1466 1334 1736 1416; x_wconf 89' lang='lat' dir='ltr'><strong>noster,</strong></span> <span class='ocrx_word' id='word_1_55' title='bbox 1778 1324 2218 1420; x_wconf 83' lang='lat' dir='ltr'><strong>privilegium</strong></span> <span class='ocrx_word' id='word_1_56' title='bbox 2261 1334 2577 1394; x_wconf 86' lang='lat' dir='ltr'><strong>nostrum</strong></span> <span class='ocrx_word' id='word_1_57' title='bbox 2630 1346 2845 1420; x_wconf 86' lang='lat' dir='ltr'><strong>super</strong></span> <span class='ocrx_word' id='word_1_58' title='bbox 2878 1324 3214 1420; x_wconf 86' lang='lat' dir='ltr'><strong>premisso</strong></span> <span class='ocrx_word' id='word_1_59' title='bbox 3264 1325 3395 1397; x_wconf 91' lang='lat' dir='ltr'><strong>sibi</strong></span> 
     </span>
     <span class='ocr_line' id='line_1_8' title="bbox 573 1446 3390 1544; baseline -0.001 -22"><span class='ocrx_word' id='word_1_60' title='bbox 573 1450 957 1544; x_wconf 83' lang='lat' dir='ltr'><strong>ceterisque</strong></span> <span class='ocrx_word' id='word_1_61' title='bbox 991 1449 1339 1521; x_wconf 85' lang='lat' dir='ltr'><strong>indultum</strong></span> <span class='ocrx_word' id='word_1_62' title='bbox 1383 1446 1812 1543; x_wconf 88' lang='lat' dir='ltr'><strong>principibus</strong></span> <span class='ocrx_word' id='word_1_63' title='bbox 1846 1446 1940 1518; x_wconf 87' lang='lat' dir='ltr'><strong>ob</strong></span> <span class='ocrx_word' id='word_1_64' title='bbox 1974 1455 2450 1541; x_wconf 86' lang='lat' dir='ltr'><strong>perpetratum</strong></span> <span class='ocrx_word' id='word_1_65' title='bbox 2490 1457 2730 1519; x_wconf 88' lang='lat' dir='ltr'><strong>contra</strong></span> <span class='ocrx_word' id='word_1_66' title='bbox 2774 1466 2904 1518; x_wconf 92' lang='lat' dir='ltr'><strong>nos</strong></span> <span class='ocrx_word' id='word_1_67' title='bbox 2937 1448 3197 1518; x_wconf 83' lang='lat' dir='ltr'><strong>crimen</strong></span> <span class='ocrx_word' id='word_1_68' title='bbox 3232 1469 3390 1543; x_wconf 89' lang='lat' dir='ltr'><strong>per·</strong></span> 
     </span>
     <span class='ocr_line' id='line_1_9' title="bbox 572 1570 3390 1663; baseline 0.001 -21"><span class='ocrx_word' id='word_1_69' title='bbox 572 1570 734 1645; x_wconf 84' lang='lat' dir='ltr'><strong>fldie</strong></span> <span class='ocrx_word' id='word_1_70' title='bbox 787 1573 1147 1643; x_wconf 81' lang='lat' dir='ltr'><strong>manifeste</strong></span> <span class='ocrx_word' id='word_1_71' title='bbox 1191 1572 1376 1663; x_wconf 88' lang='lat' dir='ltr'><strong>juste</strong></span> <span class='ocrx_word' id='word_1_72' title='bbox 1423 1570 1848 1643; x_wconf 89' lang='lat' dir='ltr'><strong>demeruisse</strong></span> <span class='ocrx_word' id='word_1_73' title='bbox 1897 1570 2202 1658; x_wconf 85' lang='lat' dir='ltr'><strong>videtur,</strong></span> <span class='ocrx_word' id='word_1_74' title='bbox 2252 1570 2419 1641; x_wconf 90' lang='lat' dir='ltr'><strong>dum</strong></span> <span class='ocrx_word' id='word_1_75' title='bbox 2474 1572 2672 1642; x_wconf 90' lang='lat' dir='ltr'><strong>lateri</strong></span> <span class='ocrx_word' id='word_1_76' title='bbox 2716 1570 3143 1642; x_wconf 81' lang='lat' dir='ltr'><strong>familiariter</strong></span> <span class='ocrx_word' id='word_1_77' title='bbox 3185 1573 3390 1644; x_wconf 91' lang='lat' dir='ltr'><strong>assis-</strong></span> 
     </span>
     <span class='ocr_line' id='line_1_10' title="bbox 577 1693 3391 1788; baseline 0 -22"><span class='ocrx_word' id='word_1_78' title='bbox 577 1705 731 1766; x_wconf 82' lang='lat' dir='ltr'><strong>tens</strong></span> <span class='ocrx_word' id='word_1_79' title='bbox 787 1705 857 1765; x_wconf 89' lang='lat' dir='ltr'><strong>et</strong></span> <span class='ocrx_word' id='word_1_80' title='bbox 905 1693 1190 1788; x_wconf 88' lang='lat' dir='ltr'><strong>privatis</strong></span> <span class='ocrx_word' id='word_1_81' title='bbox 1235 1695 1487 1765; x_wconf 88' lang='lat' dir='ltr'><strong>nostris</strong></span> <span class='ocrx_word' id='word_1_82' title='bbox 1539 1694 2117 1766; x_wconf 90' lang='lat' dir='ltr'><strong>communicando</strong></span> <span class='ocrx_word' id='word_1_83' title='bbox 2167 1694 2472 1765; x_wconf 91' lang='lat' dir='ltr'><strong>consiliis</strong></span> <span class='ocrx_word' id='word_1_84' title='bbox 2512 1695 2603 1765; x_wconf 89' lang='lat' dir='ltr'><strong>ad</strong></span> <span class='ocrx_word' id='word_1_85' title='bbox 2657 1706 2926 1788; x_wconf 91' lang='lat' dir='ltr'><strong>partem</strong></span> <span class='ocrx_word' id='word_1_86' title='bbox 2975 1696 3391 1767; x_wconf 85' lang='lat' dir='ltr'><strong>contrariam</strong></span> 
     </span>
     <span class='ocr_line' id='line_1_11' title="bbox 577 1817 3386 1913; baseline -0.001 -19"><span class='ocrx_word' id='word_1_87' title='bbox 577 1817 991 1906; x_wconf 76' lang='lat' dir='ltr'><strong>declinavit,</strong></span> <span class='ocrx_word' id='word_1_88' title='bbox 1036 1817 1436 1889; x_wconf 85' lang='lat' dir='ltr'><strong>adversario</strong></span> <span class='ocrx_word' id='word_1_89' title='bbox 1488 1829 1729 1890; x_wconf 84' lang='lat' dir='ltr'><strong>nostro</strong></span> <span class='ocrx_word' id='word_1_90' title='bbox 1793 1838 1977 1911; x_wconf 87' lang='lat' dir='ltr'><strong>pape</strong></span> <span class='ocrx_word' id='word_1_91' title='bbox 2031 1827 2274 1888; x_wconf 82' lang='lat' dir='ltr'><strong>contra</strong></span> <span class='ocrx_word' id='word_1_92' title='bbox 2330 1839 2459 1889; x_wconf 92' lang='lat' dir='ltr'><strong>nos</strong></span> <span class='ocrx_word' id='word_1_93' title='bbox 2511 1817 2885 1913; x_wconf 87' lang='lat' dir='ltr'><strong>proditorie</strong></span> <span class='ocrx_word' id='word_1_94' title='bbox 2944 1818 3386 1910; x_wconf 82' lang='lat' dir='ltr'><strong>adherend03</strong></span> 
     </span>
     <span class='ocr_line' id='line_1_12' title="bbox 578 1937 3390 2034; baseline 0.001 -21"><span class='ocrx_word' id='word_1_95' title='bbox 578 1941 778 2014; x_wconf 88' lang='lat' dir='ltr'><strong>vobis</strong></span> <span class='ocrx_word' id='word_1_96' title='bbox 811 1940 901 2011; x_wconf 93' lang='lat' dir='ltr'><strong>ob</strong></span> <span class='ocrx_word' id='word_1_97' title='bbox 934 1937 1034 2034; x_wconf 87' lang='lat' dir='ltr'><strong>(a)</strong></span> <span class='ocrx_word' id='word_1_98' title='bbox 1062 1940 1398 2010; x_wconf 84' lang='lat' dir='ltr'><strong>sinceram</strong></span> <span class='ocrx_word' id='word_1_99' title='bbox 1428 1938 1637 2012; x_wconf 87' lang='lat' dir='ltr'><strong>fidem</strong></span> <span class='ocrx_word' id='word_1_100' title='bbox 1676 1951 1746 2010; x_wconf 88' lang='lat' dir='ltr'><strong>et</strong></span> <span class='ocrx_word' id='word_1_101' title='bbox 1774 1948 2135 2034; x_wconf 77' lang='lat' dir='ltr'><strong>expertam</strong></span> <span class='ocrx_word' id='word_1_102' title='bbox 2178 1940 2634 2012; x_wconf 82' lang='lat' dir='ltr'><strong>devocionem</strong></span> <span class='ocrx_word' id='word_1_103' title='bbox 2666 1963 2878 2034; x_wconf 88' lang='lat' dir='ltr'><strong>quam</strong></span> <span class='ocrx_word' id='word_1_104' title='bbox 2909 1941 3002 2012; x_wconf 89' lang='lat' dir='ltr'><strong>ad</strong></span> <span class='ocrx_word' id='word_1_105' title='bbox 3041 1944 3390 2015; x_wconf 78' lang='lat' dir='ltr'><strong>excellen-</strong></span> 
     </span>
     <span class='ocr_line' id='line_1_13' title="bbox 583 2061 3394 2156; baseline -0 -19"><span class='ocrx_word' id='word_1_106' title='bbox 583 2064 751 2138; x_wconf 88' lang='lat' dir='ltr'><strong>tiam</strong></span> <span class='ocrx_word' id='word_1_107' title='bbox 783 2071 1094 2136; x_wconf 87' lang='lat' dir='ltr'><strong>nostram</strong></span> <span class='ocrx_word' id='word_1_108' title='bbox 1131 2061 1411 2155; x_wconf 76' lang='lat' dir='ltr'><strong>geritiS,</strong></span> <span class='ocrx_word' id='word_1_109' title='bbox 1450 2062 1537 2133; x_wconf 92' lang='lat' dir='ltr'><strong>de</strong></span> <span class='ocrx_word' id='word_1_110' title='bbox 1585 2061 1821 2154; x_wconf 83' lang='lat' dir='ltr'><strong>gracia</strong></span> <span class='ocrx_word' id='word_1_111' title='bbox 1856 2072 2091 2135; x_wconf 86' lang='lat' dir='ltr'><strong>nostra</strong></span> <span class='ocrx_word' id='word_1_112' title='bbox 2142 2063 2477 2134; x_wconf 80' lang='lat' dir='ltr'><strong>duximus</strong></span> <span class='ocrx_word' id='word_1_113' title='bbox 2520 2062 3022 2156; x_wconf 75' lang='lat' dir='ltr'><strong>indulgendum</strong></span> <span class='ocrx_word' id='word_1_114' title='bbox 3067 2075 3148 2135; x_wconf 86' lang='lat' dir='ltr'><strong>ut</strong></span> <span class='ocrx_word' id='word_1_115' title='bbox 3191 2065 3394 2137; x_wconf 87' lang='lat' dir='ltr'><strong>liceat</strong></span> 
     </span>
     <span class='ocr_line' id='line_1_14' title="bbox 581 2184 3389 2280; baseline 0.001 -22"><span class='ocrx_word' id='word_1_116' title='bbox 581 2187 778 2261; x_wconf 74' lang='lat' dir='ltr'><strong>vobis</strong></span> <span class='ocrx_word' id='word_1_117' title='bbox 812 2186 1138 2259; x_wconf 80' lang='lat' dir='ltr'><strong>ammodo</strong></span> <span class='ocrx_word' id='word_1_118' title='bbox 1166 2187 1559 2258; x_wconf 84' lang='lat' dir='ltr'><strong>communia</strong></span> <span class='ocrx_word' id='word_1_119' title='bbox 1591 2185 1874 2258; x_wconf 89' lang='lat' dir='ltr'><strong>consilia</strong></span> <span class='ocrx_word' id='word_1_120' title='bbox 1917 2185 2013 2258; x_wconf 85' lang='lat' dir='ltr'><strong>ad</strong></span> <span class='ocrx_word' id='word_1_121' title='bbox 2059 2184 2397 2257; x_wconf 87' lang='lat' dir='ltr'><strong>honorem</strong></span> <span class='ocrx_word' id='word_1_122' title='bbox 2430 2195 2783 2277; x_wconf 91' lang='lat' dir='ltr'><strong>nostrum,</strong></span> <span class='ocrx_word' id='word_1_123' title='bbox 2821 2187 3090 2280; x_wconf 88' lang='lat' dir='ltr'><strong>imperii</strong></span> <span class='ocrx_word' id='word_1_124' title='bbox 3134 2198 3206 2259; x_wconf 90' lang='lat' dir='ltr'><strong>et</strong></span> <span class='ocrx_word' id='word_1_125' title='bbox 3253 2188 3389 2260; x_wconf 86' lang='lat' dir='ltr'><strong>uti·</strong></span> 
     </span>
     <span class='ocr_line' id='line_1_15' title="bbox 575 2308 3390 2401; baseline -0.001 -13"><span class='ocrx_word' id='word_1_126' title='bbox 575 2313 845 2388; x_wconf 85' lang='lat' dir='ltr'><strong>litatem</strong></span> <span class='ocrx_word' id='word_1_127' title='bbox 896 2309 1191 2383; x_wconf 81' lang='lat' dir='ltr'><strong>civitatis</strong></span> <span class='ocrx_word' id='word_1_128' title='bbox 1258 2319 1489 2382; x_wconf 83' lang='lat' dir='ltr'><strong>vestre</strong></span> <span class='ocrx_word' id='word_1_129' title='bbox 1544 2319 1845 2381; x_wconf 79' lang='lat' dir='ltr'><strong>statuere</strong></span> <span class='ocrx_word' id='word_1_130' title='bbox 1892 2319 1965 2382; x_wconf 87' lang='lat' dir='ltr'><strong>et</strong></span> <span class='ocrx_word' id='word_1_131' title='bbox 2011 2308 2377 2401; x_wconf 82' lang='lat' dir='ltr'><strong>magistros</strong></span> <span class='ocrx_word' id='word_1_132' title='bbox 2431 2330 2563 2379; x_wconf 90' lang='lat' dir='ltr'><strong>seu</strong></span> <span class='ocrx_word' id='word_1_133' title='bbox 2610 2320 2921 2381; x_wconf 88' lang='lat' dir='ltr'><strong>rectores</strong></span> <span class='ocrx_word' id='word_1_134' title='bbox 2963 2310 3221 2381; x_wconf 83' lang='lat' dir='ltr'><strong>civium</strong></span> <span class='ocrx_word' id='word_1_135' title='bbox 3275 2314 3390 2384; x_wconf 84' lang='lat' dir='ltr'><strong>vel</strong></span> 
     </span>
     <span class='ocr_line' id='line_1_16' title="bbox 573 2430 3392 2528; baseline -0.001 -20"><span class='ocrx_word' id='word_1_136' title='bbox 573 2434 929 2526; x_wconf 86' lang='lat' dir='ltr'><strong>quoslibet</strong></span> <span class='ocrx_word' id='word_1_137' title='bbox 956 2432 1285 2505; x_wconf 86' lang='lat' dir='ltr'><strong>officiales</strong></span> <span class='ocrx_word' id='word_1_138' title='bbox 1320 2432 1495 2504; x_wconf 84' lang='lat' dir='ltr'><strong>alios</strong></span> <span class='ocrx_word' id='word_1_139' title='bbox 1525 2432 1740 2506; x_wconf 88' lang='lat' dir='ltr'><strong>libere</strong></span> <span class='ocrx_word' id='word_1_140' title='bbox 1790 2431 2112 2504; x_wconf 88' lang='lat' dir='ltr'><strong>ordinare</strong></span> <span class='ocrx_word' id='word_1_141' title='bbox 2135 2484 2157 2521; x_wconf 89' lang='lat'><strong>,</strong></span> <span class='ocrx_word' id='word_1_142' title='bbox 2196 2430 2561 2526; x_wconf 82' lang='lat' dir='ltr'><strong>privilegio</strong></span> <span class='ocrx_word' id='word_1_143' title='bbox 2606 2432 2841 2524; x_wconf 87' lang='lat' dir='ltr'><strong>aliquo</strong></span> <span class='ocrx_word' id='word_1_144' title='bbox 2886 2443 3128 2505; x_wconf 81' lang='lat' dir='ltr'><strong>contra</strong></span> <span class='ocrx_word' id='word_1_145' title='bbox 3182 2434 3392 2528; x_wconf 78' lang='lat' dir='ltr'><strong>hujus</strong></span> 
     </span>
     <span class='ocr_line' id='line_1_17' title="bbox 574 2555 3390 2648; baseline 0 -19"><span class='ocrx_word' id='word_1_146' title='bbox 574 2557 829 2629; x_wconf 84' lang='lat' dir='ltr'><strong>indulti</strong></span> <span class='ocrx_word' id='word_1_147' title='bbox 864 2556 1081 2628; x_wconf 80' lang='lat' dir='ltr'><strong>nostri</strong></span> <span class='ocrx_word' id='word_1_148' title='bbox 1113 2556 1407 2648; x_wconf 79' lang='lat' dir='ltr'><strong>gratiam</strong></span> <span class='ocrx_word' id='word_1_149' title='bbox 1437 2555 1527 2632; x_wconf 83' lang='lat' dir='ltr'><strong>de</strong></span> <span class='ocrx_word' id='word_1_150' title='bbox 1571 2565 1811 2628; x_wconf 89' lang='lat' dir='ltr'><strong>cetero</strong></span> <span class='ocrx_word' id='word_1_151' title='bbox 1849 2577 1991 2628; x_wconf 92' lang='lat' dir='ltr'><strong>non</strong></span> <span class='ocrx_word' id='word_1_152' title='bbox 2021 2555 2384 2644; x_wconf 82' lang='lat' dir='ltr'><strong>obstante;</strong></span> <span class='ocrx_word' id='word_1_153' title='bbox 2434 2555 2747 2648; x_wconf 81' lang='lat' dir='ltr'><strong>quinimo</strong></span> <span class='ocrx_word' id='word_1_154' title='bbox 2775 2566 2855 2627; x_wconf 88' lang='lat' dir='ltr'><strong>ut</strong></span> <span class='ocrx_word' id='word_1_155' title='bbox 2886 2557 3140 2630; x_wconf 82' lang='lat' dir='ltr'><strong>favoris</strong></span> <span class='ocrx_word' id='word_1_156' title='bbox 3171 2559 3390 2630; x_wconf 77' lang='lat' dir='ltr'><strong>nostri</strong></span> 
     </span>
     <span class='ocr_line' id='line_1_18' title="bbox 578 2678 3389 2772; baseline 0 -20"><span class='ocrx_word' id='word_1_157' title='bbox 578 2700 786 2772; x_wconf 81' lang='lat' dir='ltr'><strong>quem</strong></span> <span class='ocrx_word' id='word_1_158' title='bbox 838 2700 1005 2771; x_wconf 79' lang='lat' dir='ltr'><strong>erga</strong></span> <span class='ocrx_word' id='word_1_159' title='bbox 1035 2700 1162 2752; x_wconf 80' lang='lat' dir='ltr'><strong>vos</strong></span> <span class='ocrx_word' id='word_1_160' title='bbox 1219 2678 1525 2772; x_wconf 80' lang='lat' dir='ltr'><strong>gerimus</strong></span> <span class='ocrx_word' id='word_1_161' title='bbox 1571 2678 1774 2761; x_wconf 82' lang='lat' dir='ltr'><strong>vobis</strong></span> <span class='ocrx_word' id='word_1_162' title='bbox 1824 2678 2082 2750; x_wconf 85' lang='lat' dir='ltr'><strong>eniteat</strong></span> <span class='ocrx_word' id='word_1_163' title='bbox 2130 2678 2529 2771; x_wconf 84' lang='lat' dir='ltr'><strong>plenitudo,</strong></span> <span class='ocrx_word' id='word_1_164' title='bbox 2587 2678 3020 2772; x_wconf 77' lang='lat' dir='ltr'><strong>privilegium</strong></span> <span class='ocrx_word' id='word_1_165' title='bbox 3079 2691 3389 2754; x_wconf 85' lang='lat' dir='ltr'><strong>nostrum</strong></span> 
     </span>
     <span class='ocr_line' id='line_1_19' title="bbox 579 2800 3390 2898; baseline 0 -21"><span class='ocrx_word' id='word_1_166' title='bbox 579 2823 793 2877; x_wconf 74' lang='lat' dir='ltr'><strong>aurea</strong></span> <span class='ocrx_word' id='word_1_167' title='bbox 826 2802 1017 2875; x_wconf 83' lang='lat' dir='ltr'><strong>bulla</strong></span> <span class='ocrx_word' id='word_1_168' title='bbox 1064 2803 1412 2875; x_wconf 83' lang='lat' dir='ltr'><strong>munitum</strong></span> <span class='ocrx_word' id='word_1_169' title='bbox 1451 2801 1643 2896; x_wconf 89' lang='lat' dir='ltr'><strong>quod</strong></span> <span class='ocrx_word' id='word_1_170' title='bbox 1690 2801 1962 2896; x_wconf 84' lang='lat' dir='ltr'><strong>prefato</strong></span> <span class='ocrx_word' id='word_1_171' title='bbox 2006 2800 2332 2897; x_wconf 78' lang='lat' dir='ltr'><strong>episcopo</strong></span> <span class='ocrx_word' id='word_1_172' title='bbox 2378 2822 2587 2897; x_wconf 86' lang='lat' dir='ltr'><strong>super</strong></span> <span class='ocrx_word' id='word_1_173' title='bbox 2630 2801 3084 2895; x_wconf 82' lang='lat' dir='ltr'><strong>infringendis</strong></span> <span class='ocrx_word' id='word_1_174' title='bbox 3114 2805 3390 2898; x_wconf 84' lang='lat' dir='ltr'><strong>juribus</strong></span> 
     </span>
     <span class='ocr_line' id='line_1_20' title="bbox 581 2924 3388 3019; baseline 0 -18"><span class='ocrx_word' id='word_1_175' title='bbox 581 2938 655 3001; x_wconf 81' lang='lat' dir='ltr'><strong>et</strong></span> <span class='ocrx_word' id='word_1_176' title='bbox 698 2927 1131 2999; x_wconf 76' lang='lat' dir='ltr'><strong>libertatibus</strong></span> <span class='ocrx_word' id='word_1_177' title='bbox 1168 2927 1422 3001; x_wconf 82' lang='lat' dir='ltr'><strong>vestris</strong></span> <span class='ocrx_word' id='word_1_178' title='bbox 1462 2927 1719 3019; x_wconf 85' lang='lat' dir='ltr'><strong>quihus</strong></span> <span class='ocrx_word' id='word_1_179' title='bbox 1755 2925 1863 2997; x_wconf 85' lang='lat' dir='ltr'><strong>usi</strong></span> <span class='ocrx_word' id='word_1_180' title='bbox 1892 2925 2058 2997; x_wconf 87' lang='lat' dir='ltr'><strong>estis</strong></span> <span class='ocrx_word' id='word_1_181' title='bbox 2089 2924 2458 3016; x_wconf 77' lang='lat' dir='ltr'><strong>hactenus,</strong></span> <span class='ocrx_word' id='word_1_182' title='bbox 2497 2926 3000 3018; x_wconf 84' lang='lat' dir='ltr'><strong>concessimus,</strong></span> <span class='ocrx_word' id='word_1_183' title='bbox 3038 2950 3388 3002; x_wconf 84' lang='lat' dir='ltr'><strong>cassamus</strong></span> 
     </span>
     <span class='ocr_line' id='line_1_21' title="bbox 579 3050 3388 3146; baseline 0.001 -21"><span class='ocrx_word' id='word_1_184' title='bbox 579 3061 651 3131; x_wconf 75' lang='lat' dir='ltr'><strong>ct</strong></span> <span class='ocrx_word' id='word_1_185' title='bbox 688 3052 762 3123; x_wconf 85' lang='lat' dir='ltr'><strong>in</strong></span> <span class='ocrx_word' id='word_1_186' title='bbox 796 3050 1066 3123; x_wconf 79' lang='lat' dir='ltr'><strong>irritum</strong></span> <span class='ocrx_word' id='word_1_187' title='bbox 1106 3071 1547 3141; x_wconf 72' lang='lat' dir='ltr'><strong>revocamus,</strong></span> <span class='ocrx_word' id='word_1_188' title='bbox 1586 3051 2041 3123; x_wconf 81' lang='lat' dir='ltr'><strong>decernentes</strong></span> <span class='ocrx_word' id='word_1_189' title='bbox 2080 3051 2312 3145; x_wconf 89' lang='lat' dir='ltr'><strong>ipsum</strong></span> <span class='ocrx_word' id='word_1_190' title='bbox 2354 3052 2677 3124; x_wconf 81' lang='lat' dir='ltr'><strong>ammodo</strong></span> <span class='ocrx_word' id='word_1_191' title='bbox 2717 3052 2902 3123; x_wconf 85' lang='lat' dir='ltr'><strong>vires</strong></span> <span class='ocrx_word' id='word_1_192' title='bbox 2940 3053 3205 3146; x_wconf 79' lang='lat' dir='ltr'><strong>aliquas</strong></span> <span class='ocrx_word' id='word_1_193' title='bbox 3245 3074 3388 3127; x_wconf 82' lang='lat' dir='ltr'><strong>non</strong></span> 
     </span>
     <span class='ocr_line' id='line_1_22' title="bbox 574 3171 3386 3272; baseline 0.001 -25"><span class='ocrx_word' id='word_1_194' title='bbox 574 3174 865 3247; x_wconf 77' lang='lat' dir='ltr'><strong>habere.</strong></span> <span class='ocrx_word' id='word_1_195' title='bbox 891 3171 1003 3247; x_wconf 88' lang='lat' dir='ltr'><strong>Ad</strong></span> <span class='ocrx_word' id='word_1_196' title='bbox 1029 3175 1233 3265; x_wconf 78' lang='lat' dir='ltr'><strong>cujus</strong></span> <span class='ocrx_word' id='word_1_197' title='bbox 1257 3174 1359 3244; x_wconf 83' lang='lat' dir='ltr'><strong>rei</strong></span> <span class='ocrx_word' id='word_1_198' title='bbox 1387 3174 1791 3246; x_wconf 83' lang='lat' dir='ltr'><strong>memoriam</strong></span> <span class='ocrx_word' id='word_1_199' title='bbox 1822 3183 1895 3247; x_wconf 83' lang='lat' dir='ltr'><strong>et</strong></span> <span class='ocrx_word' id='word_1_200' title='bbox 1924 3174 2245 3245; x_wconf 81' lang='lat' dir='ltr'><strong>stabilem</strong></span> <span class='ocrx_word' id='word_1_201' title='bbox 2273 3171 2711 3266; x_wconf 80' lang='lat' dir='ltr'><strong>firmitatem,</strong></span> <span class='ocrx_word' id='word_1_202' title='bbox 2744 3197 3028 3270; x_wconf 81' lang='lat' dir='ltr'><strong>presens</strong></span> <span class='ocrx_word' id='word_1_203' title='bbox 3054 3177 3386 3272; x_wconf 81' lang='lat' dir='ltr'><strong>scriptum</strong></span> 
     </span>
     <span class='ocr_line' id='line_1_23' title="bbox 576 3295 2572 3388; baseline 0 -21"><span class='ocrx_word' id='word_1_204' title='bbox 576 3295 726 3368; x_wconf 87' lang='lat' dir='ltr'><strong>fieri</strong></span> <span class='ocrx_word' id='word_1_205' title='bbox 764 3306 833 3367; x_wconf 88' lang='lat' dir='ltr'><strong>et</strong></span> <span class='ocrx_word' id='word_1_206' title='bbox 859 3296 1239 3387; x_wconf 86' lang='lat' dir='ltr'><strong>majestatis</strong></span> <span class='ocrx_word' id='word_1_207' title='bbox 1265 3306 1498 3367; x_wconf 87' lang='lat' dir='ltr'><strong>nostre</strong></span> <span class='ocrx_word' id='word_1_208' title='bbox 1528 3296 1751 3387; x_wconf 82' lang='lat' dir='ltr'><strong>sigillo</strong></span> <span class='ocrx_word' id='word_1_209' title='bbox 1770 3296 2102 3388; x_wconf 87' lang='lat' dir='ltr'><strong>jussimus</strong></span> <span class='ocrx_word' id='word_1_210' title='bbox 2138 3298 2572 3369; x_wconf 90' lang='lat' dir='ltr'><strong>communiri.</strong></span> 
     </span>
    </p>

    <p class='ocr_par' dir='ltr' id='par_1_3' title="bbox 672 3418 3382 3515">
     <span class='ocr_line' id='line_1_24' title="bbox 672 3418 3382 3515; baseline 0.001 -24"><span class='ocrx_word' id='word_1_211' title='bbox 672 3421 926 3491; x_wconf 90' lang='lat' dir='ltr'><strong>Datum</strong></span> <span class='ocrx_word' id='word_1_212' title='bbox 953 3418 1191 3515; x_wconf 83' lang='lat' dir='ltr'><strong>Papie,</strong></span> <span class='ocrx_word' id='word_1_213' title='bbox 1218 3440 1405 3491; x_wconf 91' lang='lat' dir='ltr'><strong>anno</strong></span> <span class='ocrx_word' id='word_1_214' title='bbox 1434 3418 1775 3492; x_wconf 88' lang='lat' dir='ltr'><strong>dominice</strong></span> <span class='ocrx_word' id='word_1_215' title='bbox 1807 3419 2298 3491; x_wconf 86' lang='lat' dir='ltr'><strong>incarnationis</strong></span> <span class='ocrx_word' id='word_1_216' title='bbox 2323 3420 2416 3491; x_wconf 90' lang='lat' dir='ltr'><strong>M.</strong></span> <span class='ocrx_word' id='word_1_217' title='bbox 2442 3421 2560 3492; x_wconf 89' lang='lat' dir='ltr'><strong>CC.</strong></span> <span class='ocrx_word' id='word_1_218' title='bbox 2584 3421 2792 3513; x_wconf 86' lang='lat' dir='ltr'><strong>XLV,</strong></span> <span class='ocrx_word' id='word_1_219' title='bbox 2826 3444 3062 3494; x_wconf 89' lang='lat' dir='ltr'><strong>mense</strong></span> <span class='ocrx_word' id='word_1_220' title='bbox 3094 3445 3382 3495; x_wconf 90' lang='lat' dir='ltr'><strong>novem-</strong></span> 
     </span>
    </p>
   </div>
   <div class='ocr_carea' id='block_1_3' title="bbox 575 3540 1505 3637">
    <p class='ocr_par' dir='ltr' id='par_1_4' title="bbox 575 3540 1505 3637">
     <span class='ocr_line' id='line_1_25' title="bbox 575 3540 1505 3637; baseline -0.005 -21"><span class='ocrx_word' id='word_1_221' title='bbox 575 3544 754 3632; x_wconf 82' lang='lat' dir='ltr'><strong>bris,</strong></span> <span class='ocrx_word' id='word_1_222' title='bbox 789 3543 907 3613; x_wconf 93' lang='lat'>1111</span> <span class='ocrx_word' id='word_1_223' title='bbox 937 3540 1333 3612; x_wconf 83' lang='lat' dir='ltr'><strong>indictionis</strong></span> <span class='ocrx_word' id='word_1_224' title='bbox 1366 3540 1505 3637; x_wconf 74' lang='lat' dir='ltr'><strong>(l).</strong></span> 
     </span>
    </p>
   </div>
   <div class='ocr_carea' id='block_1_4' title="bbox 474 4056 3385 4300">
    <p class='ocr_par' dir='ltr' id='par_1_5' title="bbox 474 4056 3385 4300">
     <span class='ocr_line' id='line_1_26' title="bbox 681 4056 3385 4170; baseline 0.002 -32"><span class='ocrx_word' id='word_1_225' title='bbox 681 4056 1070 4140; x_wconf 86' lang='lat' dir='ltr'><strong>Rolandus</strong></span> <span class='ocrx_word' id='word_1_226' title='bbox 1090 4116 1114 4161; x_wconf 83' lang='lat'>‚</span> <span class='ocrx_word' id='word_1_227' title='bbox 1180 4056 1521 4137; x_wconf 85' lang='lat' dir='ltr'><strong>notarius</strong></span> <span class='ocrx_word' id='word_1_228' title='bbox 1579 4056 2084 4164; x_wconf 82' lang='lat' dir='ltr'><strong>Cornetanus‚</strong></span> <span class='ocrx_word' id='word_1_229' title='bbox 2138 4057 2522 4170; x_wconf 55' lang='lat' dir='ltr'><strong>Raynerio*</strong></span> <span class='ocrx_word' id='word_1_230' title='bbox 2587 4060 2906 4142; x_wconf 86' lang='lat' dir='ltr'><strong>Sanctae</strong></span> <span class='ocrx_word' id='word_1_231' title='bbox 2973 4058 3251 4143; x_wconf 85' lang='lat' dir='ltr'><strong>Mariae</strong></span> <span class='ocrx_word' id='word_1_232' title='bbox 3305 4063 3385 4144; x_wconf 90' lang='lat' dir='ltr'><strong>in</strong></span> 
     </span>
     <span class='ocr_line' id='line_1_27' title="bbox 474 4188 3384 4300; baseline 0.003 -29"><span class='ocrx_word' id='word_1_233' title='bbox 474 4216 489 4225; x_wconf 67' lang='grc'><em>“</em></span> <span class='ocrx_word' id='word_1_234' title='bbox 581 4188 978 4271; x_wconf 89' lang='lat' dir='ltr'><strong>Cosmedin</strong></span> <span class='ocrx_word' id='word_1_235' title='bbox 1052 4188 1372 4270; x_wconf 86' lang='lat' dir='ltr'><strong>diacono</strong></span> <span class='ocrx_word' id='word_1_236' title='bbox 1435 4188 1840 4296; x_wconf 81' lang='lat' dir='ltr'><strong>cardinali,</strong></span> <span class='ocrx_word' id='word_1_237' title='bbox 1900 4198 1976 4271; x_wconf 91' lang='lat' dir='ltr'><strong>et</strong></span> <span class='ocrx_word' id='word_1_238' title='bbox 2030 4190 2107 4269; x_wconf 93' lang='lat' dir='ltr'><strong>in</strong></span> <span class='ocrx_word' id='word_1_239' title='bbox 2170 4191 2442 4272; x_wconf 87' lang='lat' dir='ltr'><strong>Tuscia</strong></span> <span class='ocrx_word' id='word_1_240' title='bbox 2464 4250 2487 4296; x_wconf 88' lang='lat'><strong>,</strong></span> <span class='ocrx_word' id='word_1_241' title='bbox 2541 4191 3002 4274; x_wconf 84' lang='lat' dir='ltr'><strong>Patrimonio</strong></span> <span class='ocrx_word' id='word_1_242' title='bbox 3016 4253 3053 4300; x_wconf 67' lang='lat'><strong>2.</strong></span> <span class='ocrx_word' id='word_1_243' title='bbox 3104 4194 3384 4280; x_wconf 81' lang='lat' dir='ltr'><strong>ducatu</strong></span> 
     </span>
    </p>
   </div>
   <div class='ocr_carea' id='block_1_5' title="bbox 660 4346 1708 4426">
    <p class='ocr_par' dir='ltr' id='par_1_6' title="bbox 660 4346 1708 4426">
     <span class='ocr_line' id='line_1_28' title="bbox 660 4346 1708 4426; baseline 0.001 -19"><span class='ocrx_word' id='word_1_244' title='bbox 660 4346 743 4424; x_wconf 83' lang='lat' dir='ltr'><strong>(a)</strong></span> <span class='ocrx_word' id='word_1_245' title='bbox 784 4350 857 4409; x_wconf 91' lang='lat' dir='ltr'><strong>In</strong></span> <span class='ocrx_word' id='word_1_246' title='bbox 889 4352 1188 4426; x_wconf 79' lang='lat' dir='ltr'><strong>impressis</strong></span> <span class='ocrx_word' id='word_1_247' title='bbox 1212 4346 1376 4409; x_wconf 70' lang='lat' dir='ltr'><strong>nobis</strong></span> <span class='ocrx_word' id='word_1_248' title='bbox 1401 4347 1498 4421; x_wconf 81' lang='lat' dir='ltr'><strong>ad,</strong></span> <span class='ocrx_word' id='word_1_249' title='bbox 1531 4349 1708 4410; x_wconf 81' lang='lat' dir='ltr'><strong>male.</strong></span> 
     </span>
    </p>
   </div>
   <div class='ocr_carea' id='block_1_6' title="bbox 577 4580 3382 4751">
    <p class='ocr_par' dir='ltr' id='par_1_7' title="bbox 577 4580 3382 4751">
     <span class='ocr_line' id='line_1_29' title="bbox 649 4580 3382 4666; baseline 0.007 -31"><span class='ocrx_word' id='word_1_250' title='bbox 649 4580 718 4653; x_wconf 73' lang='grc'><strong>(4)</strong></span> <span class='ocrx_word' id='word_1_251' title='bbox 753 4581 964 4653; x_wconf 79' lang='lat' dir='ltr'><strong>Legitur</strong></span> <span class='ocrx_word' id='word_1_252' title='bbox 991 4582 1045 4636; x_wconf 88' lang='lat' dir='ltr'><strong>in</strong></span> <span class='ocrx_word' id='word_1_253' title='bbox 1067 4582 1346 4656; x_wconf 83' lang='lat' dir='ltr'><strong>impressis</strong></span> <span class='ocrx_word' id='word_1_254' title='bbox 1367 4585 1495 4639; x_wconf 88' lang='lat'><em>1111</em></span> <span class='ocrx_word' id='word_1_255' title='bbox 1527 4582 1648 4639; x_wconf 73' lang='lat' dir='ltr'><strong>idus</strong></span> <span class='ocrx_word' id='word_1_256' title='bbox 1673 4596 1690 4636; x_wconf 90' lang='lat'><strong>.·</strong></span> <span class='ocrx_word' id='word_1_257' title='bbox 1721 4581 1863 4654; x_wconf 90' lang='lat' dir='ltr'><strong>quod</strong></span> <span class='ocrx_word' id='word_1_258' title='bbox 1891 4580 2109 4653; x_wconf 86' lang='lat' dir='ltr'><strong>quidem</strong></span> <span class='ocrx_word' id='word_1_259' title='bbox 2137 4580 2363 4638; x_wconf 82' lang='lat' dir='ltr'><strong>verbum</strong></span> <span class='ocrx_word' id='word_1_260' title='bbox 2385 4581 2441 4637; x_wconf 92' lang='lat' dir='ltr'><strong>in</strong></span> <span class='ocrx_word' id='word_1_261' title='bbox 2465 4583 2640 4656; x_wconf 75' lang='lat' dir='ltr'><strong>prima</strong></span> <span class='ocrx_word' id='word_1_262' title='bbox 2667 4586 2818 4660; x_wconf 82' lang='lat' dir='ltr'><strong>copia</strong></span> <span class='ocrx_word' id='word_1_263' title='bbox 2845 4604 3073 4648; x_wconf 79' lang='lat' dir='ltr'><strong>erronee</strong></span> <span class='ocrx_word' id='word_1_264' title='bbox 3093 4607 3193 4666; x_wconf 87' lang='lat' dir='ltr'><strong>pro</strong></span> <span class='ocrx_word' id='word_1_265' title='bbox 3214 4592 3382 4653; x_wconf 78' lang='lat' dir='ltr'><strong>verbo</strong></span> 
     </span>
     <span class='ocr_line' id='line_1_30' title="bbox 577 4676 3208 4751; baseline 0.005 -18"><span class='ocrx_word' id='word_1_266' title='bbox 577 4676 894 4734; x_wconf 71' lang='lat' dir='ltr'><strong>indictionis</strong></span> <span class='ocrx_word' id='word_1_267' title='bbox 920 4676 1229 4736; x_wconf 81' lang='lat' dir='ltr'><strong>abbreviato</strong></span> <span class='ocrx_word' id='word_1_268' title='bbox 1257 4679 1375 4736; x_wconf 86' lang='lat' dir='ltr'><strong>sine</strong></span> <span class='ocrx_word' id='word_1_269' title='bbox 1403 4679 1569 4737; x_wconf 87' lang='lat' dir='ltr'><strong>dubio</strong></span> <span class='ocrx_word' id='word_1_270' title='bbox 1597 4679 2004 4751; x_wconf 82' lang='lat' dir='ltr'><strong>transcriptum,</strong></span> <span class='ocrx_word' id='word_1_271' title='bbox 2029 4692 2063 4734; x_wconf 88' lang='lat' dir='ltr'><strong>a</strong></span> <span class='ocrx_word' id='word_1_272' title='bbox 2086 4678 2280 4735; x_wconf 84' lang='lat' dir='ltr'><strong>ceteris</strong></span> <span class='ocrx_word' id='word_1_273' title='bbox 2301 4685 2492 4750; x_wconf 83' lang='lat' dir='ltr'><strong>postea</strong></span> <span class='ocrx_word' id='word_1_274' title='bbox 2522 4682 2602 4738; x_wconf 89' lang='lat' dir='ltr'><strong>sic</strong></span> <span class='ocrx_word' id='word_1_275' title='bbox 2634 4691 2912 4742; x_wconf 81' lang='lat' dir='ltr'><strong>exaratum</strong></span> <span class='ocrx_word' id='word_1_276' title='bbox 2936 4690 3208 4746; x_wconf 66' lang='lat' dir='ltr'><strong>remansit.</strong></span> 
     </span>
    </p>
   </div>
   <div class='ocr_carea' id='block_1_7' title="bbox 3479 4079 3763 4137">
    <p class='ocr_par' dir='ltr' id='par_1_8' title="bbox 3479 4079 3763 4137">
     <span class='ocr_line' id='line_1_31' title="bbox 3479 4079 3763 4137; baseline 0.007 -14"><span class='ocrx_word' id='word_1_277' title='bbox 3479 4079 3763 4137; x_wconf 61' lang='lat' dir='ltr'><strong>[Novanbrt]</strong></span> 
     </span>
    </p>
   </div>
  </div>
 </body>
</html>
