4364 5738
495 555 701 614 mer.
733 544 827 630 4.]
1363 538 1781 639 >msroma
1832 536 2426 602 mrnouaricA.
3206 533 3327 596 375

500 695 573 761 et
603 679 1111 758 dedicationem
1148 672 1300 772 (sic)
1328 675 1548 774 ipsius
1581 684 1763 748 terre
1798 682 2058 747 temere
2086 672 2591 761 machinanteS,
2622 671 2802 743 sicut
2826 691 2957 766 per
2982 670 3330 766 probatio-

500 828 629 884 nes
654 802 995 880 dilucidas
1032 799 1337 874 constitit
1367 808 1443 874 et
1471 798 1977 872 confessionem
2010 817 2254 870 eorum
2279 796 2586 891 legitime
2623 795 3108 886 subsecutam,
3140 794 3359 891 ipsos*

500 929 746 1006 ultimo
796 924 1116 1025 supplico
1175 921 1720 1020 condempnavi,
1756 920 1909 993 aliis
1953 920 2073 1015 qui
2122 920 2402 992 fueraut
2448 917 2706 993 conscii
2764 916 3079 991 factionis
3127 918 3327 991 salvo

503 1051 832 1130 mandato
861 1056 1097 1122 vestro
1126 1054 1471 1146 perpetuo
1498 1044 1760 1120 carceri
1792 1043 2142 1139 deputatis
2170 1041 2308 1140 (l),
2339 1052 2474 1116 etc.

606 1624 1035 1711 Fridericus
1052 1688 1076 1734 ,
1115 1625 1635 1708 Romanorum
1681 1623 2124 1733 imperator,
2170 1621 2431 1706 scribit
2464 1623 2853 1704 communi
2894 1621 3110 1704 Podii
3160 1620 3328 1706 Bo-

505 1757 655 1838 nici
693 1783 776 1840 se
824 1755 1141 1839 feliciter
1192 1756 1273 1840 in
1317 1756 1663 1866 partibus
1703 1755 2116 1837 Cremonae
2170 1779 2395 1865 agere
2443 1763 2519 1835 et
2559 1754 2808 1838 vivere
2824 1815 2848 1857 ‚
2907 1755 3331 1867 nuntioque

504 1899 804 2000 recepto
875 1890 972 1974 de
1045 1888 1371 1973 factione
1416 1888 1623 1997 apud
1690 1885 2013 1997 Regium
2072 1886 2302 1992 inita,
2366 1885 2519 1968 huc
2566 1886 2866 1970 misisse
2920 1886 3330 1972 Henricum

506 2021 753 2106 filium
804 2046 1031 2106 suum
1086 2020 1430 2134 legatum
1484 2020 1564 2101 in
1628 2017 1844 2102 Italia
1906 2017 2337 2126 generalem
2359 2077 2383 2123 ,
2450 2017 2583 2125 qui
2637 2017 2990 2100 factiosos
3051 2020 3328 2128 partim

507 2152 789 2238 carceri
826 2150 1146 2256 addixit,
1189 2150 1472 2258 partim
1509 2149 1609 2232 ad
1644 2149 2007 2234 ultimum
2042 2148 2500 2256 supplicium
2550 2149 3110 2234 condemnavit.

672 2377 917 2455 (Inedit.
951 2395 1028 2437 ex
1055 2377 1188 2438 cod.
1219 2376 1460 2440 Bibliot.
1490 2376 1716 2450 Vatic„
1746 2385 1815 2435 n⁰
1841 2381 2023 2447 4957,
2055 2374 2159 2435 fol.
2195 2382 2268 2433 67
2299 2390 2491 2446 verso,
2524 2382 2600 2433 68
2627 2372 2838 2453 recto.)

602 2573 991 2648 Fridericus
1006 2572 1657 2662 Romanorum,etc.
1671 2625 1690 2662 ,
1707 2571 2065 2666 potestati,
2088 2570 2377 2643 consilio
2397 2579 2469 2641 et
2486 2570 2834 2642 communi
2857 2570 2947 2642 de
2969 2571 3185 2644 Podio
3206 2575 3334 2647 Bo-

508 2697 674 2788 nici,
709 2707 842 2772 etc.
876 2697 986 2767 Ex
1020 2705 1261 2768 tenore
1291 2695 1676 2768 litterarum
1702 2703 2092 2767 vestrarum
2124 2714 2298 2788 quas
2335 2693 2536 2765 solita
2561 2693 2989 2786 benignitate
3025 2698 3332 2792 suscepi-

512 2842 667 2893 mus
696 2842 789 2893 ex
813 2829 1013 2915 parte
1035 2817 1202 2893 fidei
1227 2827 1461 2892 vestre
1486 2819 1638 2891 zelo
1670 2818 1945 2914 plenius
1976 2817 2356 2908 intellecto,
2382 2816 2551 2889 dum
2578 2817 2671 2890 ad
2693 2827 2928 2891 nostre
2956 2821 3333 2913 majestatis

512 2945 844 3038 obsequia
872 2966 1001 3017 vos
1030 2952 1392 3038 promptos
1429 2952 1500 3015 et
1528 2952 1807 3037 paratos
1837 2941 2177 3014 ascribitis
2192 2994 2211 3031 ,
2245 2962 2425 3035 quos
2454 2962 2812 3036 nunquam
2845 2944 3330 3017 mandatorum

510 3077 903 3139 nostrorum
937 3066 1207 3137 sarcina
1249 3075 1680 3159 tepescentes
1710 3065 2015 3155 invenit,
2051 3086 2269 3158 quum
2301 3064 2510 3136 etiam
2555 3062 3066 3157 magnificentie
3093 3077 3332 3141 nostre

512 3200 794 3278 statum,
819 3189 1088 3263 sincera
1108 3209 1237 3261 vos
1259 3186 1613 3259 fidelitatis
1641 3189 2027 3262 constantia
2045 3188 2471 3279 stimulante,
2495 3209 2766 3260 summo
2782 3188 3130 3262 desiderio
3157 3190 3333 3263 scire

511 3312 803 3407 petistis,
836 3311 1049 3402 digna
1074 3331 1202 3382 vos
1228 3310 1488 3381 exinde
1514 3311 1720 3381 laude
1739 3312 2229 3404 prosequimur
2247 3310 2614 3404 dignisque
2633 3334 2763 3407 pro
2789 3322 3096 3407 tempore
3122 3314 3332 3385 bene-

512 3434 826 3507 ficiorum
879 3433 1142 3504 meritis
1188 3453 1315 3504 vos
1363 3420 1787 3504 intendimus
1836 3434 2228 3527 provenire.
2279 3434 2459 3504 Sane
2514 3455 2607 3504 ne
2669 3434 2904 3506 felices
2965 3457 3331 3529 processus

514 3567 747 3631 nostre
781 3554 1158 3649 majestatis
1188 3563 1261 3625 et
1300 3562 1556 3625 statum
1589 3553 1977 3626 emulorum
2020 3560 2414 3627 nostrorum
2451 3555 2640 3649 apud
2682 3575 2811 3627 vos
2853 3556 3329 3651 interpretatio

513 3754 673 3770 ς*

586 3859 660 3932 (4)
697 3857 775 3915 Cf.
807 3856 938 3929 quid
964 3860 1215 3913 narretur
1238 3869 1329 3928 ap.
1362 3856 1590 3912 Memor.
1618 3859 1813 3927 potest.
1842 3854 1992 3925 Πομ,
2016 3854 2083 3910 ad
2108 3868 2236 3909 ann.
2260 3857 2401 3911 ⁴245
2429 3855 2760 3927 (Mum-rom,
2791 3854 3084 3927 Scriptum,
3115 3863 3157 3913 t.
3185 3857 3325 3929 vm,

516 3972 571 4028 p.
595 3954 752 4027 4444)
774 3953 867 4009 ubi
888 3952 1076 4025 jamin
1098 3966 1286 4008 mense
1301 3949 1439 4023 julio
1458 3949 1720 4006 tumultus
1743 3950 1811 4005 ab
1835 3950 1940 4006 illis
1962 3950 2029 4006 de
2056 3949 2269 4007 Foliano
2292 3959 2348 4006 et
2369 3965 2402 4007 a
2420 3951 2716 4008 fautoribus
2735 3967 2922 4008 eorum
2944 3953 3088 4024 apud
3107 3953 3331 4025 Regium

517 4052 811 4109 concitatos
839 4050 1002 4106 fuisse
1033 4049 1301 4105 videmus.
1332 4048 1510 4116 Quum
1537 4053 1720 4103 tamen
1753 4046 1809 4101 in
1849 4045 2075 4118 epistola
2111 4046 2351 4119 sequenti
2388 4047 2690 4104 Fridericus
2722 4049 3015 4119 imperator
3051 4050 3120 4106 de
3149 4048 3332 4105 rebel-

517 4148 657 4204 libus
677 4146 1056 4204 Parmensibus
1084 4144 1397 4201 extrinsecis
1425 4143 1747 4200 mentionem
1771 4143 1961 4213 saciat,
1992 4158 2224 4216 poenam
2252 4143 2469 4214 Reginis
2496 4142 2749 4199 inflictam
2781 4159 2891 4201 non
2931 4151 3056 4202 ante
3091 4161 3330 4203 mensem

521 4244 792 4303 octobrem
837 4242 1223 4303 admittendam
1262 4256 1385 4303 ense
1417 4255 1717 4301 censemus.
1751 4241 1871 4299 Huc
1904 4255 2122 4312 queque
2149 4239 2426 4312 pertinere
2453 4238 2776 4298 arbitramur
2810 4241 2953 4312 quod
2984 4242 3117 4300 dicit
3144 4243 3332 4301 salim-

519 4341 661 4398 bene
700 4339 787 4395 his
822 4340 1011 4398 verbis
1048 4357 1061 4393 :
1097 4358 1123 4392 α
1154 4339 1298 4395 Inter
1334 4336 1639 4410 [ministros
1677 4337 1847 4409 regis]
1892 4336 1947 4391 in
1986 4335 2189 4414 malitia
2223 4335 2322 4390 fuit
2361 4335 2683 4408 praecipuus
2725 4336 2946 4409 quidam
2988 4340 3227 4398 Julianus
3264 4342 3333 4398 de

523 4437 685 4494 Sesso
712 4436 804 4508 qui
830 4435 930 4492 ruit
956 4436 1206 4492 dominus
1234 4435 1438 4507 legum,
1468 4449 1630 4490 senex
1655 4439 1709 4489 et
1733 4433 2067 4491 inveteratus
2090 4431 2301 4489 dietim
2329 4432 2609 4490 malorum.
2643 4434 2800 4491 Hunc
2826 4450 2925 4494 rex
2947 4418 3182 4496 flendus
3207 4437 3335 4497 fecit

523 4532 797 4591 dominum
828 4531 1152 4602 Cremonae,
1181 4530 1330 4603 Regii
1356 4537 1414 4587 et
1447 4527 1707 4601 Mutinae,
1740 4534 1802 4585 ut
1827 4534 1971 4588 esset
1995 4527 2354 4600 justiciarius,
2385 4534 2441 4585 et
2469 4528 2591 4586 fecit
2617 4533 2873 4604 suspendi
2900 4530 3108 4608 aliquus
3133 4552 3200 4595 ex
3232 4535 3336 4595 illis

522 4632 591 4688 de
612 4627 825 4685 Foliano
852 4634 907 4685 et
928 4627 1128 4684 multos
1156 4627 1290 4684 alios
1318 4626 1442 4684 fecit
1466 4625 1712 4682 interfici.
1746 4642 1773 4677 a
1802 4624 1881 4681 Cf.
1915 4624 2092 4695 Atro,
2122 4622 2272 4679 δεον.
2298 4623 2361 4679 di
2387 4626 2595 4699 Pam„
2623 4626 2825 4702 prefaz,
2854 4646 2911 4703 p.
2940 4646 3048 4700 xx,
3082 4635 3240 4691 nota:
