4364 5738
1033 548 1158 612 476
2028 553 2458 616 nmmum
2506 551 2852 614 sEcuNm
3472 545 3637 625 [An.
3674 544 3851 607 1246.

1035 683 1386 780 predicta,
1420 685 1819 758 convocatis
1863 686 2176 780 partibus
2216 697 2296 758 ut
2327 696 2435 758 est
2456 686 2668 778 juris,
2705 685 2919 756 frater
2956 681 3308 755 Iohannes
3344 680 3533 775 prior
3567 679 3855 751 ecclesie

1036 809 1270 880 Sancti
1317 808 1498 879 Petri
1551 807 1641 880 de
1685 809 1875 881 Polla
1916 809 2316 882 obedientie
2359 809 2684 881 Cavensis
2727 805 3128 879 monasterii
3174 803 3500 900 predicti,
3551 801 3856 875 sindicus

1035 930 1449 1003 constitutus
1472 931 1544 1002 in
1566 930 1701 1004 hac
1721 953 1929 1004 causa
1952 933 2044 1004 ab
2065 933 2320 1004 abbate
2348 933 2615 1028 prefato
2639 941 2708 1003 et
2726 940 3077 1003 conventu
3094 926 3492 999 monasterii
3510 925 3852 1017 ejusdem,

1035 1055 1127 1126 de
1144 1075 1285 1145 quo
1308 1054 1639 1146 constitit,
1659 1065 1900 1126 contra
1921 1056 2310 1149 predictum
2328 1055 2754 1127 Ranuccium
2775 1052 3156 1125 stallerium
3181 1060 3254 1121 et
3274 1049 3651 1122 cabellotos
3678 1049 3854 1140 ejus-

1035 1175 1198 1249 dem
1225 1177 1297 1247 in
1331 1176 1513 1248 dicta
1552 1187 1733 1248 terra
1760 1178 1995 1268 Atine‚
2014 1178 2342 1250 videlicet
2358 1178 2798 1251 Guilielmum
2823 1176 2914 1248 de
2942 1174 3237 1248 Mai-tino
3264 1182 3337 1244 et
3353 1172 3733 1245 Iohannem
3762 1172 3852 1244 de

1033 1301 1346 1373 Duranto
1376 1300 1467 1372 de
1494 1300 1645 1394 ipsa
1673 1311 1891 1391 terra,
1930 1303 2292 1396 proposuit
2322 1302 2391 1373 in
2421 1301 2611 1374 huuc
2631 1300 2915 1373 modum
2949 1321 2965 1365 ε
3002 1297 3333 1392 Proponit
3361 1297 3575 1368 frater
3597 1294 3848 1369 lohan-

1033 1444 1161 1494 nes
1201 1423 1394 1517 prior
1437 1424 1726 1494 ecclesie
1770 1425 2000 1496 Sancti
2051 1425 2234 1496 Petri
2278 1424 2370 1496 de
2413 1425 2605 1496 Polla
2645 1422 3042 1495 obedientie
3091 1420 3490 1492 monasterii
3527 1419 3851 1492 cavensis

1035 1546 1451 1618 constitutus
1472 1546 1779 1618 sindicus
1805 1548 1877 1617 in
1899 1546 2033 1619 hac
2057 1568 2264 1618 causa
2283 1567 2410 1641 pro
2433 1556 2631 1641 parte
2648 1545 3066 1618 venerabilis
3082 1543 3354 1615 abbatis
3375 1542 3712 1615 Leonardi
3729 1541 3852 1614 Ca·

1035 1668 1268 1742 vensis
1299 1679 1371 1740 et
1401 1681 1786 1741 conventus
1806 1669 2203 1741 monasterii
2230 1669 2542 1760 ejusdem
2569 1668 2659 1740 de
2682 1689 2823 1761 quo
2844 1676 3144 1757 constat,
3169 1675 3412 1738 contra
3432 1665 3849 1737 Ranuccium

1037 1794 1128 1866 de
1172 1793 1406 1888 Capite
1443 1793 1679 1864 Sileris
1726 1793 2165 1863 extallerium
2211 1791 2586 1887 imperialis
2617 1790 2919 1862 demanii
2952 1801 3023 1861 et
3054 1800 3533 1862 revocatorum
3564 1789 3636 1859 in
3671 1798 3848 1860 terra

922 1935 932 1943 ·
1036 1917 1242 1988 Atine
1270 1926 1340 1986 et
1367 1915 1808 1986 Guillelmum
1839 1914 1929 1986 de
1956 1915 2254 1988 Martino
2283 1924 2352 1985 et
2382 1914 2767 1987 Iohannem
2799 1913 2890 1985 de
2921 1915 3232 1984 Duranto
3269 1913 3645 1984 cabellotos
3676 1914 3850 2003 ejus-

1036 2041 1198 2113 dem
1233 2039 1303 2108 in
1344 2039 1493 2133 ipsa
1538 2046 1761 2127 terra,
1796 2037 1985 2129 quod
2037 2059 2198 2109 cum
2240 2038 2501 2109 dictum
2545 2036 3040 2109 monasterium
3094 2045 3326 2107 teneat
3378 2043 3449 2106 et
3502 2034 3852 2130 possideat

1033 2162 1387 2256 quoddam
1435 2161 1890 2233 tenimentum
1936 2161 2004 2231 in
2058 2161 2399 2234 territorio
2434 2161 2621 2233 Polle
2659 2161 2730 2232 in
2768 2153 2922 2232 loco
2952 2160 3076 2231 ubi
3112 2159 3365 2231 dicitur
3391 2159 3843 2230 Rustilianum

1034 2275 1234 2377 cujus
1268 2283 1443 2356 fines
1482 2284 1928 2356 declarantur
1964 2284 2285 2374 inferiuS,
2313 2286 2522 2377 juxta
2557 2284 2747 2376 quod
2786 2284 2858 2354 in
2899 2283 3372 2354 instrumentis
3410 2304 3549 2377 que
3585 2282 3842 2354 dictum

1034 2409 1525 2481 monasterium
1567 2407 1822 2479 exinde
1851 2406 2062 2478 habet
2091 2409 2364 2502 plenius
2411 2408 2838 2496 continetur,
2871 2406 3159 2500 predicti
3196 2406 3585 2477 Ranuccius
3625 2417 3697 2476 et
3728 2428 3842 2478 ca·

1030 2529 1271 2602 belloti
1320 2531 1691 2602 molestant
1719 2531 1832 2600 vel
1867 2529 2218 2600 molestari
2260 2530 2522 2601 faciunt
2573 2531 2686 2601 vel
2743 2538 2961 2601 ratam
3004 2528 3261 2599 habent
3299 2529 3842 2600 molestationem

1030 2654 1284 2745 injuste
1309 2653 1535 2747 ipsum
1568 2653 2059 2724 monasterium
2093 2653 2163 2722 in
2196 2653 2625 2746 possessione
2660 2653 3015 2723 tenimenti
3046 2651 3526 2746 predicti,non
3557 2653 3841 2746 permit-

1033 2787 1255 2849 tentes
1295 2777 1522 2873 ipsum
1558 2777 2048 2849 monasterium
2088 2787 2160 2848 et
2198 2776 2557 2848 ecclesiam
2589 2797 2784 2847 suam
2817 2776 2910 2847 ad
2950 2796 3162 2867 quam
3196 2774 3457 2846 dictum
3500 2777 3837 2848 tenimen-

1033 2910 1177 2971 tum
1236 2902 1543 2972 noscitur
1590 2902 1934 2995 pertinere
1983 2902 2339 2995 possidere
2383 2900 2704 2995 pacifice,
2760 2911 3000 2971 contra
3050 2898 3454 2971 mandatum
3489 2921 3531 2971 a
3563 2900 3841 2972 domino

1020 3022 1259 3113 judice
1286 3023 1662 3094 Ademario
1694 3023 1782 3094 de
1819 3024 2045 3094 Trano
2076 3025 2404 3114 magistro
2443 3032 2887 3118 procuratore
2914 3023 3287 3117 imperialis
3318 3024 3509 3094 curie
3542 3023 3612 3093 in
3645 3023 3836 3094 Prin·

1028 3146 1260 3240 cipatu
1299 3157 1371 3216 et
1395 3148 1606 3218 Terra
1642 3148 2129 3217 Beneventana
2171 3157 2243 3218 et
2285 3149 2773 3242 predecessore
2818 3149 2969 3239 ejus
3013 3147 3084 3217 in
3134 3148 3233 3218 eis
3281 3147 3538 3219 factum
3581 3159 3836 3219 temere

1025 3268 1400 3341 veniendo.
1450 3269 1679 3353 Quare
1711 3269 1885 3362 petit
1915 3291 2041 3362 pro
2073 3280 2269 3364 parte
2303 3270 2679 3365 supradicti
2722 3269 3118 3341 monasterii
3155 3270 3574 3341 Ranuccium
3616 3279 3688 3341 et
3719 3292 3834 3342 ca·

1026 3391 1322 3463 bellotos
1353 3391 1701 3485 predictos
1733 3390 2158 3463 districtione
2191 3414 2328 3484 qua
2359 3393 2684 3464 convenit
2714 3413 2755 3462 a
2788 3392 3097 3485 predicta
3126 3393 3606 3464 molestatione
3638 3393 3832 3466 inde·

1025 3514 1170 3586 bita
1197 3535 1467 3586 cessare
1495 3514 1854 3609 compelli,
1885 3516 2080 3586 salvo
2105 3515 2292 3605 jure,
2318 3524 2453 3585 etc.
2479 3514 2654 3598 Quia
2681 3514 3067 3586 Ranuccius
3092 3524 3162 3586 et
3194 3516 3515 3587 cabelloti
3543 3516 3833 3612 predicti

1023 3639 1339 3710 nolentes
1369 3639 1439 3708 in
1472 3658 1682 3709 causa
1711 3638 1860 3732 ipsa
1891 3638 2082 3708 litem
2112 3639 2521 3727 contestari,
2552 3658 2763 3732 super
2793 3638 3143 3731 premissis
3178 3639 3277 3710 sic
3308 3638 3653 3711 dederunt
3686 3660 3829 3710 res·

1021 3782 1319 3855 pensum
1349 3760 1658 3831 dicentes
1691 3782 1707 3825 ε
1741 3759 2078 3831 Ostendat
2125 3759 2273 3854 ipse
2321 3760 2627 3832 sindicus
2672 3761 3074 3833 mandatum
3112 3761 3619 3856 predecessoris
3668 3762 3830 3834 dicti

1012 3883 1270 3976 judicis
1298 3882 1678 3970 Ademarii‚
1716 3893 1853 3953 etc.

1117 4003 1520 4103 [Bi-evitatis
1564 4026 1772 4078 causa
1821 4014 2087 4076 tantum
2137 4026 2598 4077 memoramus
2637 4005 3053 4079 documenta
3089 4007 3161 4077 in
3200 4007 3332 4079 isto
3377 4008 3826 4080 instrumento

1020 4129 1228 4199 allata
1246 4150 1426 4221 quae
1449 4140 1611 4199 sunt
1630 4129 1724 4199 ita
1752 4149 1768 4192 :
1797 4128 2330 4223 Transumptum
2356 4128 2740 4200 litterarum
2755 4129 3012 4221 judicis
3041 4130 3294 4221 Ugonis
3321 4131 3411 4203 de
3433 4133 3653 4203 Sarno
3680 4143 3829 4203 sta-

1022 4251 1151 4321 tuti
1190 4272 1398 4346 super
1440 4251 1779 4323 demaniis
1821 4262 1892 4322 et
1931 4251 2310 4342 revocatis,
2348 4262 2517 4340 etc.‚
2551 4253 2642 4325 ad
2683 4253 3237 4325 interdicendum
3274 4256 3827 4348 procuratoribus

1019 4372 1224 4444 Atine
1272 4375 1750 4446 molestatione
1788 4374 2034 4469 prioris
2081 4375 2312 4446 Sancti
2354 4375 2535 4447 Petri
2578 4376 2668 4448 de
2710 4377 2897 4448 Polla
2926 4376 3015 4448 de
3049 4379 3427 4449 tenimento
3456 4379 3819 4468 Rutiliani,

1018 4497 1337 4569 datarum
1381 4497 1618 4586 Eboli,
1656 4498 1986 4569 vicesimo
2017 4498 2326 4571 secundo
2349 4499 2541 4591 julii,
2576 4509 2823 4592 quarte
2854 4500 3273 4573 indictionis.
3306 4541 3404 4555 —
3434 4502 3603 4573 Item
3637 4512 3820 4573 tran·

1016 4629 1369 4717 sumptum
1414 4618 1864 4693 donationum
1910 4621 2246 4694 factarum
2290 4621 2518 4694 eidem
2557 4624 2975 4696 monasterio
3023 4624 3114 4696 de
3154 4625 3407 4698 eodem·
3450 4626 3821 4698 tenimento
