4364 5738
949 568 1023 627 18
1937 567 2363 629 FRIDERICI
2414 566 2758 627 SECUNDI
3375 571 3540 649 [Arm.
3577 574 3756 638 1242.

946 705 1198 774 nostris
1240 705 1661 798 triumphum
1696 706 1992 800 prestitit
2035 703 2271 775 divine
2311 701 2638 773 bonitatis
2679 701 3078 792 clementia,
3119 712 3276 797 post
3311 704 3584 778 labores
3621 719 3760 779 tarn

945 828 1015 899 in
1051 830 1432 901 armatione
1463 830 1678 901 felicis
1705 830 1913 921 stolii,
1951 851 2161 924 quam
2190 829 2262 898 in
2297 825 2657 921 stipendiis
2684 826 3100 898 bellatorum
3131 838 3202 900 et
3226 829 3379 901 aliis
3404 852 3542 923 que
3582 831 3764 905 circa

947 952 1460 1047 expeditionem
1519 954 1865 1026 exercitus
1912 950 2450 1049 oppugnationis
2498 950 2798 1044 qualitas
2849 951 3251 1043 requisivit,
3314 954 3414 1025 sic
3463 956 3763 1027 erarium

946 1087 1260 1149 nostrum
1295 1078 1507 1173 ipsius
1554 1078 1651 1150 rei
1690 1078 2031 1169 gloriosus
2072 1077 2358 1148 effectus
2397 1074 2748 1165 exhausit,
2801 1082 2881 1145 ut
2922 1075 3012 1146 ad
3063 1077 3477 1150 solutionem
3526 1081 3762 1151 multi·

944 1202 1227 1298 plicium
1265 1201 1692 1290 debitorum,
1733 1224 1870 1296 que
1910 1211 2278 1298 propterea
2333 1221 2609 1271 camera
2653 1209 2890 1270 nostra
2935 1202 3310 1292 contraxit,
3350 1202 3500 1275 sine
3528 1214 3762 1275 vestro

946 1326 1254 1399 subsidio
1301 1325 1445 1398 fisci
1482 1328 1698 1398 nostri
1735 1348 1873 1398 non
1907 1335 2282 1422 suppetant
2315 1325 2711 1413 facultates3
2756 1321 3164 1396 fidelitatem
3204 1336 3510 1398 vestram
3550 1349 3757 1420 quam

946 1472 1221 1546 semper
1250 1451 1645 1523 invenimus
1695 1451 1786 1524 ad
1834 1450 2270 1546 beneplacita
2318 1458 2555 1520 nostra
2600 1457 2949 1543 paratam,
2991 1449 3406 1540 requirimus
3449 1461 3519 1523 et
3563 1473 3765 1544 roga·

947 1598 1102 1647 mus
1132 1584 1396 1647 attente
1447 1583 1789 1668 quatenus
1821 1573 2019 1646 firma
2059 1583 2394 1668 concepta
2431 1571 2720 1660 fiducia,
2758 1571 2949 1664 quod
2989 1572 3222 1644 brevis
3267 1574 3400 1645 erit
3437 1575 3510 1645 in
3556 1556 3761 1648 antea

945 1710 1337 1774 vestrorum
1369 1720 1578 1771 causa
1609 1699 2124 1791 gravaminum,
2164 1719 2302 1791 que
2335 1718 2522 1769 nunc
2555 1696 2762 1767 etiam
2797 1717 2837 1766 a
2884 1697 3086 1768 vobis
3125 1696 3181 1767 si
3222 1699 3479 1791 negotii
3512 1710 3761 1773 natura

946 1825 1418 1922 permitteret,
1484 1824 1931 1896 libentissime
1993 1824 2430 1911 tolleremuS,
2490 1820 2580 1891 ad
2650 1820 3167 1912 requisitionem
3178 1875 3326 1893 .....
3397 1824 3759 1915 justiciarii

946 1948 1249 2041 regionis
1279 1948 1520 2042 ipsius,
1562 1948 1673 2019 cui
1706 1947 1959 2020 exinde
1993 1946 2357 2019 scribimus
2384 1945 2565 2017 circa
2598 1944 3127 2016 subventionem
3157 1956 3526 2042 propterea
3561 1949 3762 2020 nobis

947 2072 1266 2145 celeriter
1322 2083 1392 2143 et
1453 2072 1705 2144 devote
1768 2071 2214 2167 prestandam
2243 2122 2264 2159 ,
2324 2069 2424 2141 sic
2489 2068 2883 2140 voluntates
2945 2078 3214 2141 vestras
3272 2082 3629 2167 promptas
3691 2083 3762 2145 et

944 2196 1198 2268 hilares
1252 2196 1586 2287 offeratiS,
1642 2205 1722 2267 ut
1772 2195 2159 2268 dilectionis
2221 2204 2455 2265 vestre
2514 2192 2851 2288 principia
2915 2193 3284 2266 laudandis
3348 2196 3761 2268 continuetis

950 2322 1419 2411 successibuS,
1463 2331 1570 2410 et,
1623 2321 1791 2392 dum
1845 2330 2213 2415 preparate
2252 2319 2396 2410 jam
2467 2317 2667 2388 vobis
2712 2317 2963 2410 quietis
3015 2317 3279 2390 deliciis
3328 2321 3460 2391 sub
3523 2331 3759 2393 nostra

943 2444 1230 2542 pacifica
1261 2446 1690 2540 protectione
1732 2444 2148 2536 gaudebitis,
2196 2464 2324 2513 nos
2366 2461 2531 2533 erga
2561 2450 2725 2512 vota
2756 2451 2991 2513 vestra
3022 2443 3339 2515 statuatis
3393 2455 3759 2540 propterea

946 2570 1298 2643 debitores
1342 2567 1431 2639 ad
1481 2567 1809 2657 gratiam,
1868 2577 1939 2638 et
1983 2565 2240 2651 favoris
2289 2586 2372 2636 ac
2419 2564 2643 2636 laudis
2690 2564 2924 2637 titulos
2979 2566 3050 2636 in
3108 2577 3481 2661 conspectu
3545 2570 3760 2641 nostri

947 2692 1266 2766 culminis
1301 2691 1695 2784 acquiratis,

1052 3360 1514 3468 LudovicuS,
1555 3361 2020 3444 Francorum
2065 3386 2229 3466 rex,
2269 3359 2678 3467 Friderico,
2725 3361 3246 3444 Romanorum
3291 3360 3757 3470 imperatori,

946 3494 1199 3577 denuo
1237 3494 1525 3602 scribit,
1560 3520 1841 3602 rogans
1876 3494 2285 3577 instantius
2319 3519 2460 3602 pro
2495 3493 2940 3577 liberatione
2974 3493 3490 3602 praelatorum
3527 3493 3765 3576 Fran-

946 3626 1145 3735 ciae,
1208 3653 1682 3738 monensque
1734 3652 2059 3738 regnum
2119 3626 2481 3710 Franciae
2546 3653 2700 3711 non
2766 3628 2958 3710 adeo
3018 3626 3495 3710 debilitatum
3552 3628 3762 3738 quod

944 3785 1026 3845 se
1060 3761 1446 3871 permittat
1481 3759 1900 3844 calcaribus
1935 3759 2350 3869 perurgeri.

1109 3989 1296 4070 (Edit.
1318 4007 1415 4068 ap.
1444 3989 1609 4051 Petr.
1638 3986 1708 4048 de
1745 3988 1876 4049 Vin.
1905 3988 2099 4067 epist„
2124 3987 2229 4049 lib.
2263 3989 2317 4068 1,
2347 4005 2478 4066 cap.
2507 3988 2647 4060 XII,
2670 3994 2731 4048 et
2754 4005 2852 4065 ap.
2876 3985 3097 4050 Gula..
3121 4003 3196 4046 nx
3216 3977 3448 4064 Naum,
3470 3985 3753 4064 Scriptor.

1182 4114 1298 4156 rer.
1339 4094 1519 4170 Gau„
1548 4103 1597 4157 t.
1628 4095 1762 4172 XX,
1793 4113 1855 4174 p.
1892 4103 2031 4156 332.
2055 4096 2226 4157 Nunc
2253 4095 2390 4156 coll.
2422 4112 2557 4156 cum
2581 4093 2830 4155 codicib.
2862 4093 3018 4156 Bibl.
3061 4093 3258 4154 Cesar.
3288 4094 3503 4167 Paris„
3532 4102 3599 4152 n⁶
3616 4100 3757 4168 ⁴55,

1169 4202 1351 4282 fonds
1378 4197 2151 4281 Saianermain-Harlay,
2187 4208 2247 4262 et
2267 4210 2336 4261 n·
2367 4209 2520 4263 2954
2540 4246 2560 4281 ,
2588 4202 2795 4261 ancien
2799 4198 2985 4279 fonds
3016 4196 3218 4278 latin.)

1043 4403 1498 4475 Invictissimo
1537 4399 1640 4498 (a)
1682 4402 1965 4474 domino
1998 4400 2379 4492 Friderico,
2416 4400 2539 4472 Dei
2572 4402 2794 4495 gratia
2839 4402 3308 4474 Romanorum
3361 4396 3758 4493 imperatori

1030 4579 1116 4660 (a)
1163 4579 1359 4640 Codex
1391 4579 1674 4639 Athenaei
1709 4581 2087 4640 Taurinensis
2127 4580 2265 4640 huic
2297 4578 2472 4640 titulo
2507 4579 2848 4656 superaddit
2873 4595 3094 4660 semper
3131 4574 3570 4656 triumphatori,
3601 4576 3757 4653 quod

952 4688 1124 4748 valde
1150 4686 1396 4746 dubium
1423 4685 1730 4745 habemus.
