4364 5738
582 502 783 562 luntcr.
815 500 906 580 3.]
1465 500 1862 562 HISTORIA
1909 500 2503 564 DIPLOMATICA.
3278 509 3401 571 307

582 635 810 709 trahat
846 637 1262 726 futurorum,
1298 635 1620 707 noverint
1650 657 1828 729 quos
1865 637 2041 709 scire
2078 637 2287 709 fuerit
2322 648 2742 732 oportunum
2778 640 2970 733 quod
2997 662 3158 713 cum
3189 663 3400 716 causa

581 782 719 853 que
779 759 962 832 inter
1007 759 1478 831 venerabilem
1537 759 1896 831 dominum
1945 759 2331 833 Iohannem
2381 758 2482 856 (a)
2537 765 3047 836 Lausanensem
3102 766 3401 838 electum

586 885 876 976 ejusque
907 883 1286 978 capitulum
1324 903 1416 953 ex
1452 904 1594 954 una
1640 893 1713 955 et
1756 883 2111 975 religiosos
2158 885 2347 956 viros
2396 886 2478 956 G.
2517 896 2996 981 preceptorem
3042 897 3112 959 et
3154 889 3400 961 fratres

589 1007 837 1080 domus
860 1006 1219 1101 hospitalis
1250 1007 1499 1078 Sancte
1525 1007 1739 1079 Marie
1754 1007 2336 1080 Theutonicorum
2370 1030 2460 1080 ex
2498 1020 2696 1103 parte
2727 1010 2945 1081 altera
2968 1013 3398 1104 vertebatur,

587 1152 797 1226 super
825 1131 1114 1203 ecclesia
1143 1130 1553 1202 Chunicensi
1581 1152 1741 1203 cum
1769 1131 2053 1226 capellis
2081 1141 2154 1202 et
2180 1131 2389 1202 rebus
2419 1132 2571 1202 aliis
2592 1133 3063 1226 spectantibus
3088 1135 3180 1207 ad
3209 1158 3401 1208 eam-

588 1252 775 1343 dem,
795 1274 1026 1325 coram
1051 1252 1403 1345 judicibus
1429 1274 1471 1325 a
1500 1254 1680 1326 Sede
1692 1252 2089 1349 Apostolica
2115 1254 2454 1345 delegatis
2483 1254 2725 1326 fuisset
2752 1254 3011 1327 diutius
3038 1235 3398 1349 ventilata,

587 1377 868 1449 tandem
915 1387 1074 1472 post
1099 1378 1326 1449 varias
1366 1378 1852 1452 altercationes
1894 1379 1966 1450 in
2009 1401 2138 1451 nos
2179 1389 2320 1450 tres
2359 1379 2929 1474 compromissum
2963 1381 3115 1472 fuit,
3164 1382 3254 1454 de
3291 1403 3407 1455 co·

587 1503 781 1574 muni
820 1502 1122 1596 partium
1166 1502 1525 1574 voluntate
1575 1524 1650 1574 se
1700 1504 1831 1574 sub
1876 1524 2060 1597 pena
2108 1503 2569 1575 ducentarum
2615 1525 3003 1576 marcarum
3050 1506 3404 1600 sponden-

586 1627 760 1698 tium
814 1625 1236 1698 decisionem
1281 1634 1590 1698 nostram
1639 1625 1874 1720 quoad
1927 1626 2160 1698 omnia
2220 1647 2357 1720 que
2414 1627 2746 1721 premissa
2794 1638 2959 1700 sunt
3000 1628 3398 1702 observare.

583 1750 725 1821 Nos
754 1749 991 1841 itaque
1032 1748 1484 1821 consideratis
1524 1750 1850 1844 periculis
1885 1750 2275 1821 animarum
2310 1771 2584 1822 necnon
2617 1751 2918 1845 partium
2952 1752 3304 1824 laboribus
3336 1762 3406 1824 et

588 1872 1008 1966 sumptuosis
1056 1873 1380 1966 expensis
1399 1925 1420 1963 ,
1482 1873 1664 1944 inter
1723 1893 1844 1944 eos
1893 1872 2327 1944 amicabilem
2386 1875 2954 1968 compositionem
3005 1876 3232 1947 facere
3280 1898 3405 1947 cu-

586 1996 883 2092 pienteS,
918 1996 1293 2067 innomine
1334 2004 1573 2067 sancte
1619 2005 1690 2067 et
1730 1995 2087 2067 individue
2128 1996 2477 2066 Trinitatis
2521 1996 2841 2067 arbitrari
2892 1999 3286 2071 curavimus
3333 1999 3403 2069 in

590 2120 778 2192 hunc
815 2119 1134 2209 modum,
1180 2128 1260 2190 ut
1305 2121 1551 2190 fratres
1588 2118 1880 2214 predicti
1925 2117 2426 2190 Chunicensem
2473 2118 2836 2190 ecclesiam
2880 2142 3039 2190 cum
3082 2121 3405 2193 omnibus

589 2243 970 2315 attinentiis
999 2243 1143 2314 suis
1179 2242 1268 2313 de
1307 2252 1539 2315 cetero
1580 2240 1863 2337 pacifice
1905 2239 2303 2335 possideant
2335 2250 2406 2311 et
2446 2240 2716 2334 quiete,
2761 2241 2862 2313 sic
2903 2251 3131 2313 tamen
3172 2254 3252 2315 ut
3291 2265 3402 2315 sa-

588 2366 835 2439 cerdos
870 2388 912 2437 a
961 2365 1286 2436 fratribus
1320 2365 1411 2437 ad
1453 2365 1772 2438 eamdem
1802 2364 2163 2436 ecclesiam
2199 2372 2636 2459 presentatus
2677 2373 2747 2434 et
2789 2365 2879 2435 ab
2922 2365 3246 2460 episcopo
3286 2389 3402 2439 ca-

587 2490 837 2562 nonice
864 2489 1218 2560 institutus
1244 2509 1404 2560 cum
1437 2487 1727 2559 ecclesia
1745 2486 2155 2559 Chunicensi
2184 2496 2254 2558 et
2286 2487 2437 2578 ejus
2467 2486 2912 2581 appenditiis,
2948 2490 3403 2581 quemadmo-

587 2611 755 2684 dum
781 2612 915 2683 alie
942 2611 1374 2705 parochiales
1394 2608 1710 2699 ecclesie,
1732 2609 2153 2681 Lausanensi
2177 2609 2505 2703 episcopo
2535 2618 2875 2703 perpetuo
2898 2609 2987 2681 sit
3013 2611 3398 2705 subjectus;

590 2736 1033 2808 nihilominus
1079 2734 1215 2807 hoc
1259 2735 1534 2827 adjecto
1577 2744 1656 2805 ut
1706 2732 2071 2829 episcopus
2117 2732 2494 2826 prelibatus
2541 2732 2663 2826 qui
2710 2742 2877 2805 tunc
2922 2755 3050 2828 pro
3096 2746 3404 2831 tempore

591 2859 824 2950 fuerit,
856 2882 988 2932 nec
1018 2860 1090 2931 in
1118 2860 1343 2933 Berna
1377 2880 1510 2931 nec
1551 2858 1622 2929 in
1657 2857 1796 2929 alio
1832 2856 2279 2929 Chunicensis
2325 2854 2613 2929 ecclesie
2656 2845 2999 2930 territorio
3038 2860 3150 2932 vel
3197 2860 3405 2933 etiam

590 2983 947 3079 parochia,
967 2983 1405 3076 quantumin
1437 3004 1521 3055 eo
1552 2982 1788 3072 fuerit,
1800 2983 2105 3075 aliquam
2130 2980 2493 3068 ecclesiam
2522 2979 2593 3050 in
2628 2981 2917 3053 fratrum
2946 2983 3407 3076 prejudicium

594 3107 684 3179 de
715 3125 901 3177 novo
949 3105 1256 3177 construi
1291 3106 1617 3200 patiatur.
1649 3105 2143 3177 Verumtamen
2186 3123 2458 3175 sorores
2488 3104 2973 3199 etpresbyteri
3006 3106 3095 3178 de
3130 3108 3408 3203 Capella

594 3226 980 3301 residentes
1010 3228 1082 3299 in
1118 3248 1403 3299 nemore
1423 3228 1630 3318 juxta
1660 3227 1956 3299 Bernam
1989 3227 2262 3297 nullum
2299 3226 2586 3298 omnino
2619 3225 2710 3299 de
2749 3237 2983 3300 cetero
3016 3240 3405 3325 respectum

591 3351 899 3423 habeant
931 3351 1023 3423 ad
1065 3350 1429 3422 ecclesiam
1475 3349 2003 3438 Chunicensem,
2029 3350 2161 3421 sub
2218 3349 2721 3440 gubernatione
2777 3351 2989 3421 solius
3044 3351 3410 3425 dumtaxat

592 3474 899 3570 episcopi
930 3481 1441 3570 permanentes.
1473 3471 1794 3544 Ceterum
1818 3469 2500 3566 quoniaml'quartam
2533 3470 2958 3543 decimarum
2988 3494 3074 3544 ac
3103 3473 3406 3566 quedam

591 3599 727 3671 alia
761 3606 1183 3670 memoratus
1225 3597 1485 3668 electus
1521 3596 1616 3668 ad
1649 3618 1725 3668 se
1770 3596 2115 3689 pertinere
2156 3595 2433 3667 dicebat
2469 3594 2540 3665 in
2574 3594 2863 3666 ecclesia
2907 3596 3401 3691 suprascripta,

592 3745 722 3795 nos
767 3722 996 3795 eidem
1039 3721 1321 3814 suisque
1375 3719 1887 3792 successoribus
1946 3740 1988 3790 a
2031 3720 2358 3791 fratribus
2413 3718 2739 3814 sepefatis
2790 3718 2862 3788 in
2917 3738 3404 3814 recompensa·

595 3848 852 3922 tionem
879 3846 1191 3919 omnium
1209 3845 1678 3940 predictorum
1705 3843 1974 3935 argenti
2001 3843 2244 3936 viginti
2273 3864 2540 3915 marcas
2569 3852 2639 3913 et
2673 3863 2911 3930 unam,
2943 3861 3085 3912 non
3116 3863 3208 3912 ex
3238 3863 3406 3937 par-

596 3971 768 4044 tium
802 3971 1160 4067 pactione,
1191 3969 1319 4040 sed
1349 3968 1438 4040 de
1474 3968 1834 4039 voluntate
1882 3976 1953 4038 et
1995 3965 2418 4039 conscientia
2464 3964 2864 4037 earumdem
2919 3972 2992 4035 et
3029 3984 3123 4035 ex
3170 3973 3407 4037 nostra

594 4096 824 4189 potius
871 4093 1331 4184 ordinatione,
1377 4091 1733 4164 annuatim
1776 4090 2108 4183 jussimus
2163 4088 2506 4178 exhiberi,
2543 4087 2831 4178 singulis
2882 4086 3086 4158 annis
3132 4087 3407 4160 duobus

598 4216 907 4288 terminis
932 4215 1461 4311 persolvendas;
1499 4215 1598 4287 sic
1633 4214 1959 4287 videlicet
1998 4222 2077 4284 ut
2112 4212 2184 4283 in
2230 4213 2405 4282 festo
2442 4210 2662 4282 sancti
2695 4210 2872 4281 Galli
2901 4210 3237 4283 medietas
3265 4231 3407 4283 una

597 4348 668 4408 et
702 4337 882 4410 infra
913 4348 1229 4411 octavam
1269 4339 1709 4409 Pentecostes
1742 4337 1959 4408 altera
1998 4335 2435 4430 persolvatur
2462 4333 2762 4429 plebano
2794 4332 2884 4405 de
2919 4332 3258 4407 Aventica
3290 4337 3406 4407 vel

682 4598 765 4678 (a)
810 4599 1043 4690 Scilicet
1059 4599 1128 4661 de
1159 4602 1466 4680 Cossonay.
