4364 5738
1052 569 1174 636 ⁴64
2047 560 2473 625 ninnium
2523 562 2866 626 saeuum
3489 566 3661 651 [an.
3692 568 3865 632 12⁴⁶.

1154 697 1629 786 Innocentius,
1681 703 1854 781 etc„
1906 692 2078 787 Regi
2125 694 2409 769 Francie
2435 697 2721 788 illustri,
2763 710 2901 771 etc.
2956 698 3145 771 lilius
3195 699 3587 775 devotionis
3626 703 3868 776 ardore

1057 824 1536 922 progenitores
1575 818 1678 890 tui
1716 838 1882 910 erga
1925 817 2307 891 Ecclesiam
2328 865 2331 868 -
2352 820 2689 893 ferbuisse
2735 831 3117 895 noscuntur
3157 823 3349 916 quod
3401 824 3584 897 inter
3607 836 3871 900 ceteros

1055 948 1244 1025 orbis
1276 944 1623 1043 principes
1651 941 1864 1037 ipsius
1896 940 2202 1014 Ecclesie
2234 941 2636 1015 defensores
2665 943 2975 1039 precipui
3007 944 3402 1017 libertatem
3423 947 3575 1038 ejus
3604 967 3746 1020 nou
3772 970 3874 1021 so-

1057 1073 1202 1146 lum
1228 1087 1668 1158 conservare,
1695 1064 1822 1137 sed
1846 1085 2102 1157 augere
2132 1065 2601 1160 multipliciter
2635 1066 3077 1139 studuerunt.
3091 1068 3316 1163 Super
3346 1090 3435 1142 eo
3462 1070 3672 1163 igitur
3686 1071 3872 1165 qnod

1061 1207 1136 1269 tu
1169 1193 1431 1270 eisdem
1463 1188 2017 1287 progenitoribus
2047 1189 2544 1284 propagatione
2577 1190 2933 1282 sanguinis
2970 1200 3043 1262 et
3072 1191 3464 1265 devotionis
3496 1194 3870 1268 imitatione

1058 1318 1442 1394 succedens
1478 1314 1741 1412 prefate
1783 1313 2117 1386 honorem
2148 1313 2453 1384 Ecclesia
2496 1313 2845 1385 ferventer
2874 1323 3208 1409 appetere
3241 1315 3581 1410 illumque
3610 1317 3870 1390 solidis

1057 1462 1434 1539 procurare
1456 1438 1685 1535 operis
1712 1435 2137 1508 exhibitione
2164 1435 2507 1529 probaris,
2529 1437 3010 1510 celsitudinem
3030 1449 3221 1510 tuam
3239 1437 3470 1531 dignis
3496 1438 3566 1510 in
3585 1440 3873 1514 Domino

1060 1565 1386 1640 laudibus
1412 1563 1774 1635 efferentes
1805 1560 2181 1654 gratiarum
2212 1558 2336 1631 tibi
2359 1581 2537 1653 quas
2563 1581 2928 1655 possumus
2958 1561 3265 1634 actiones
3289 1562 3675 1635 referimus.
3699 1564 3874 1635 Sane

1058 1687 1477 1761 venerabilis
1539 1687 1751 1757 frater
1803 1693 2039 1755 noster
2089 1682 2461 1778 episcopus
2513 1684 3046 1756 silvanectensis
3101 1695 3173 1756 et
3223 1685 3518 1757 dilectus
3568 1684 3755 1758 filius
3788 1686 3867 1759 G.

1061 1823 1295 1887 custos
1337 1809 1733 1905 Bajocensis
1783 1807 1888 1878 tui
1929 1807 2192 1897 nuntii,
2241 1827 2419 1899 quos
2461 1829 2687 1903 nuper
2721 1807 2813 1880 ad
2855 1817 3164 1880 nostram
3205 1809 3627 1904 presentiam
3664 1810 3871 1883 desti·

1062 1938 1281 2023 uasti,
1322 1936 1500 2008 inter
1557 1933 1701 2004 alia
1740 1930 1942 2002 nobis
1996 1951 2091 2002 ex
2135 1940 2333 2024 parte
2390 1939 2509 2001 tua
2554 1952 2944 2025 proponere
2991 1942 3419 2003 curaverunt
3461 1932 3652 2026 quod
3700 1933 3875 2004 inter

1059 2061 1439 2141 Ecclesiam
1485 2068 1556 2130 et
1597 2055 2024 2131 Fridericum
2062 2053 2421 2146 quondam
2450 2055 2943 2150 imperatorem
2978 2076 3220 2150 pacem
3269 2055 3625 2132 desideras
3660 2057 3873 2128 refor-

1062 2184 1376 2274 mari,ad
1406 2204 1618 2277 quam
1650 2178 2078 2254 tractandam
2112 2186 2396 2272 paratus
2426 2199 2509 2249 es
2528 2179 2621 2250 ob
2648 2180 2875 2249 zelum
2906 2179 3027 2250 Dei
3062 2188 3136 2251 et
3165 2179 3626 2251 reverentiam
3652 2181 3877 2252 Eccle-

1061 2311 1196 2399 sie3
1236 2331 1334 2382 ex
1358 2328 1509 2401 quo·
1537 2305 1664 2378 tibi
1699 2314 2012 2375 tenemur
2047 2325 2191 2375 non
2223 2301 2577 2374 modicum
2599 2302 2938 2373 instanter
2968 2302 3411 2397 interponere
3437 2313 3677 2397 partes
3698 2315 3867 2375 tuas.

1064 2435 1321 2505 Verum
1362 2431 1536 2503 scire
1586 2439 1651 2500 te
1693 2429 2014 2499 volumus
2055 2425 2248 2518 quod
2292 2445 2421 2498 nos
2461 2435 2539 2497 et
2574 2426 2821 2497 fratres
2862 2426 3089 2498 nostri
3125 2426 3225 2498 ab
3258 2448 3353 2499 eo·
3388 2436 3698 2521 tempore
3738 2447 3875 2520 quo

1066 2557 1322 2629 fuimus
1371 2573 1584 2649 supra
1636 2551 1943 2643 regimen
1991 2549 2403 2620 universalis
2444 2549 2747 2620 Ecclesie
2802 2549 3155 2621 constituti
3202 2571 3424 2642 usque
3471 2550 3563 2622 ad
3611 2562 3876 2647 tempus

1070 2679 1343 2753 concilii
1361 2675 1865 2769 Lugdunensis,
1885 2684 2031 2745 toto
2053 2671 2334 2764 ingenio
2353 2681 2633 2764 totaque
2652 2672 3117 2744 sollicitudine
3139 2672 3472 2744 instantes
3493 2684 3875 2768 opportune

1067 2826 1150 2877 ac
1180 2804 1572 2899 importune
1622 2797 2125 2887 laboravimus,
2157 2797 2229 2866 in
2265 2816 2524 2866 vanum
2560 2803 2829 2884 tamen,
2862 2794 2956 2867 ad
2986 2815 3229 2890 pacem
3264 2795 3662 2889 hujusmodi
3700 2797 3874 2869 obti-

1068 2927 1408 3012 nendam3
1436 2924 1624 2995 unde
1655 2922 1908 2994 amodo
1936 2943 2062 3017 per
2087 2942 2170 2992 ea
2201 2942 2338 3013 que
2367 2930 2849 3016 precesserunt
2879 2942 3020 2992 non
3049 2942 3406 3015 speramus
3437 2943 3640 3017 posse
3672 2921 3873 3017 profi·

1068 3072 1227 3122 cere
1281 3049 1349 3118 in
1409 3056 1728 3118 tractatu.
1767 3045 1905 3116 Sed
1960 3044 2123 3136 quia
2187 3044 2494 3115 Ecclesia
2554 3064 2693 3115 non
2747 3045 3107 3115 consuevit
3158 3044 3485 3117 claudere
3545 3046 3874 3137 gremium

1071 3170 1428 3261 redeunti,
1458 3191 1586 3240 nos
1619 3170 1768 3260 ejus
1800 3167 2124 3262 exemplo
2155 3168 2356 3259 cujus
2386 3189 2626 3237 sumus
2668 3167 2829 3238 licet
2861 3167 3182 3239 immeriti
3215 3167 3454 3239 vicarii
3489 3169 3872 3257 constituti,

1071 3296 1194 3396 qui
1225 3316 1376 3367 non.
1400 3293 1552 3365 vult
1584 3299 1876 3363 mortem
1912 3291 2330 3385 peccatoris„
2359 3289 2491 3361 sed
2510 3300 2591 3361 ut
2616 3301 3062 3363 convertatur
3094 3303 3171 3363 et
3190 3291 3407 3382 vivat,
3446 3292 3692 3386 prefati
3723 3294 3875 3364 Fre·

1073 3419 1292 3495 derici
1320 3418 1611 3491 salutem
1644 3414 2034 3510 appetimus
2062 3414 2430 3509 ipsumque
2461 3412 2937 3485 desideramus
2973 3416 3403 3511 recipere-„si
3423 3416 3654 3488 forsan
3670 3416 3873 3511 inspi-

1074 3550 1264 3612 ratus
1320 3537 1648 3611 divinitus
1691 3537 1916 3609 redire
1965 3537 2136 3607 velit
2177 3536 2267 3607 ad
2318 3537 2851 3608 ecclesiasticam
2902 3538 3277 3629 unitatem,
3311 3548 3381 3609 et
3429 3538 3522 3611 ob
3571 3538 3876 3634 specialis

1072 3663 1490 3757 dignationis
1515 3661 1833 3731 affectum
1860 3681 2070 3753 quem
2095 3659 2187 3730 ad
2219 3669 2406 3731 tuam
2426 3680 2791 3754 personam
2814 3660 3152 3732 babemus
3167 3671 3238 3732 et
3262 3661 3352 3734 de
3372 3684 3514 3755 quo
3532 3683 3877 3758 speramus

1070 3787 1264 3885 quod
1303 3807 1442 3858 non
1488 3784 1934 3879 permitteres·
1959 3783 2032 3853 in
2072 3782 2307 3875 aliquo
2342 3782 2569 3878 decipi
2618 3793 3145 3856 sacrosanctam.
3167 3785 3545 3856 Ecclesiam
3593 3794 3876 3856 matrem

1074 3922 1263 3984 tuam
1282 3963 1301 3999 ,
1337 3930 1621 4002 agemus
1665 3916 1928 4001 quanto
1977 3905 2211 3976 mitius
2257 3915 2326 3975 et
2368 3905 2734 3998 benignius
2774 3928 2933 3978 cum
2980 3909 3124 3979 Deo
3165 3916 3237 3979 et
3279 3907 3557 3980 honore·
3582 3906 3872 3979 Ecclesie

1071 4035 1224 4107 sine
1253 4042 1538 4129 peccato
1566 4030 1946 4126 poterimus
1973 4049 2132 4100 cum
2158 4028 2431 4101 eodem.
2451 4030 2672 4125 Super
2696 4031 2878 4102 facto
2902 4052 3069 4102 vero
3097 4030 3385 4103 subsidii
3416 4042 3593 4103 terre
3617 4041 3871 4118 sancte,

1073 4157 1321 4251 prefati
1354 4155 1578 4227 nuntii
1612 4153 1735 4226 tibi
1762 4151 2281 4247 responsionem
2310 4154 2616 4224 nostram
2645 4154 2948 4225 referent
2977 4154 3139 4227 viva
3161 4176 3360 4228 voce.

1171 4280 1424 4351 Datum
1458 4278 1808 4371 Lugduni,
1846 4276 2046 4350 nonis
2079 4274 2500 4367 novembris,
2536 4297 2723 4348 anno
2763 4276 2875 4348 IV.
