4364 5738
1026 610 1151 674 388
1274 647 1281 656 ·
2028 609 2460 673 Fntnssmcl
2508 608 2854 673 ssscumn
3466 608 3633 687 [Anu.
3669 608 3840 671 1246.

1034 745 1374 819 tuendum
1404 754 1487 817 ut
1515 745 1704 818 vices
1736 755 2008 817 nostras
2037 745 2455 837 generaliter
2484 753 2683 837 gerat
2710 742 2998 834 ibidem,
3030 762 3161 815 nec
3187 750 3420 814 tamen
3448 742 3674 838 ipsum
3706 744 3848 816 sola

1032 867 1272 941 vicarii
1306 876 1647 962 potestate
1677 868 2000 940 volumus
2046 889 2198 940 esse
2234 876 2637 941 contentum
2679 866 2842 938 licet
2878 865 3029 938 solo
3073 864 3314 936 vicarii
3362 866 3644 938 nomine
3685 888 3860 938 cen··

1037 1000 1297 1082 seatur,
1347 991 1474 1063 sed
1513 990 1611 1062 ibi
1652 1011 1877 1085 usque
1929 991 2022 1063 ad
2074 991 2268 1064 aliud
2314 990 2722 1063 mandatum
2773 997 3086 1062 nostrum
3142 986 3506 1080 adjicimus
3553 988 3850 1061 officium

1034 1112 1464 1208 presidatuS,
1511 1113 1975 1185 concedentes
2019 1113 2248 1187 eidem
2299 1135 2572 1185 memm
2618 1123 2690 1185 et
2743 1111 3040 1183 mixtum
3101 1110 3466 1206 imperium
3520 1121 3591 1183 et
3644 1110 3849 1205 gladii

1038 1247 1453 1333 potestatem
1495 1247 1567 1309 et
1604 1248 1684 1309 ut
1718 1237 1791 1307 in
1838 1238 2259 1312 facinorosos
2300 1237 2856 1310 animadvertere
2898 1235 3132 1308 valeat
3176 1235 3330 1306 vice
3378 1243 3616 1308 nostra
3635 1288 3655 1326 ,
3686 1259 3850 1333 pur-

1038 1361 1271 1454 gando
1314 1360 1743 1455 provinciam
1760 1413 1780 1451 ,
1814 1362 2294 1434 malefactores
2335 1361 2639 1455 inquirat
2681 1370 2754 1433 et
2791 1358 3038 1456 puniat
3073 1358 3436 1452 inquisitos
3480 1368 3552 1431 et
3588 1360 3858 1455 specia·‘

1041 1485 1202 1557 liter
1238 1505 1359 1556 eos
1389 1484 1510 1577 qui
1540 1493 1789 1556 stratas
1821 1494 1893 1557 et
1920 1484 2169 1556 itinera
2212 1485 2491 1580 publica
2526 1504 2702 1556 ausu
2736 1481 3099 1555 temerario
3128 1482 3849 1577 violarepresumunt,

1045 1606 1439 1681 criminales
1471 1606 1869 1700 questiones
1913 1607 2154 1681 audiat
2191 1615 2264 1680 et
2297 1607 2536 1680 civiles
2566 1628 2862 1701 quarum
2901 1605 3202 1698 cognitio
3241 1605 3299 1675 si
3335 1626 3464 1677 nos
3503 1615 3854 1700 presentes

1048 1753 1354 1806 essemus
1409 1730 1500 1802 ad
1550 1740 1863 1803 nostrum
1905 1730 2245 1823 judicium
2288 1731 2701 1827 pertineret,
2749 1730 3127 1801 liberaliter
3175 1750 3453 1823 quoque
3502 1729 3742 1801 audiat
3790 1739 3859 1801 et

1050 1854 1467 1928 determinet
1499 1854 1934 1946 questiones3
1967 1854 2370 1948 imponendi
2402 1854 2610 1925 etiam
2637 1853 2870 1924 banna
2903 1860 2976 1924 et
3001 1852 3295 1923 mulctas
3321 1851 3440 1922 ubi
3473 1851 3861 1946 expedierit

1051 1977 1532 2050 auctoritatem
1577 1978 1706 2048 sibi
1747 1977 2129 2072 plenariam
2166 1977 2632 2071 impertimur;
2679 1975 2961 2048 decreta
3003 1976 3249 2067 utique
3295 1976 3693 2071 interponat
3726 1997 3859 2068 que

1052 2124 1262 2197 super
1287 2100 1732 2173 translatione
1760 2097 1862 2196 (a)
1883 2101 2370 2173 alimentorum
2389 2153 2409 2190 ,
2436 2100 2854 2173 alienatione
2878 2100 3495 2184 ecclesiasticarum
3531 2121 3766 2171 rerum
3793 2107 3863 2170 et

1050 2222 1399 2323 [tuitione]
1429 2224 1775 2296 minorum
1804 2223 2188 2295 secundum
2212 2224 2551 2316 justitiam
2578 2224 2927 2318 interponi
2953 2234 3308 2318 petuntur.
3343 2224 3631 2295 Tutores
3658 2225 3860 2294 etiam

1054 2361 1127 2422 et
1164 2359 1518 2422 curatores
1558 2348 1772 2420 dandi
1818 2348 2244 2441 quibuslibet
2289 2349 2419 2420 sibi
2465 2347 2911 2421 concedimus
2955 2356 3366 2442 potestatem
3413 2356 3485 2418 et
3531 2357 3612 2418 ut
3646 2348 3861 2438 majo·

1052 2475 1245 2547 ribus
1276 2483 1348 2544 et
1377 2473 1760 2545 minoribus
1783 2473 2036 2565 quibus
2066 2472 2489 2544 universalia
2511 2475 2670 2565 jura
2705 2480 3153 2579 succurrunt,
3188 2461 3395 2543 causa
3417 2471 3694 2562 cognita
3719 2492 3858 2542 res·

1057 2597 1393 2670 titutionis
1425 2596 1495 2667 in
1528 2596 1875 2688 integrum
1923 2594 2338 2667 beneficium
2372 2597 2603 2667 valeat
2645 2595 3007 2690 impertiri.
3047 2595 3159 2667 Ad
3202 2594 3626 2666 audientiam
3672 2615 3860 2665 suam

1060 2721 1286 2792 tamin
1307 2720 1775 2792 criminalibus
1796 2740 2007 2811 quam
2029 2720 2101 2790 in
2123 2719 2442 2791 civilibus
2468 2720 2693 2791 causis
2715 2719 3214 2814 appellationes
3241 2717 3496 2789 deferri
3516 2719 3855 2804 volumus,

1059 2867 1233 2939 quas
1275 2867 1320 2917 a
1356 2845 1713 2918 sententiis
1745 2844 2265 2940 capitaneorum
2309 2854 2379 2916 et
2421 2843 2928 2917 ordinariorum
2962 2842 3278 2935 judicum
3311 2864 3395 2914 ac
3437 2863 3678 2914 eorum
3718 2862 3857 2913 om·

1058 2970 1253 3041 nium
1283 2969 1402 3061 qui
1427 2969 1978 3061 jurisdictionem
2012 2970 2101 3039 ab
2129 2968 2420 3063 imperio
2445 2969 2628 3039 nacti
2658 2977 2848 3057 sunt,
2884 2967 3238 3058 continget
3269 2965 3615 3060 interponi
3643 2962 3743 3060 (a)
3764 2960 3864 3060 [ut

1062 3102 1295 3163 tamen
1323 3113 1365 3162 a
1395 3093 1738 3162 sententia
1760 3112 1885 3163 sua
1918 3092 2010 3162 ad
2037 3090 2464 3162 audientiam
2488 3091 2707 3162 nostri
2744 3089 3061 3162 culminis
3088 3090 3354 3183 possint
3378 3089 3595 3160 libere
3628 3109 3864 3183 provo-

1064 3211 1283 3310 care,]
1316 3213 1448 3284 nisi
1472 3235 1764 3307 persone
1790 3215 1901 3285 vel
1938 3234 2144 3284 cause
2167 3216 2462 3306 qualitas
2480 3215 2593 3286 vel
2626 3213 3169 3308 appellationum
3193 3234 3524 3283 numerus
3558 3211 3860 3308 appella-

1068 3337 1272 3409 tionis
1294 3337 1677 3407 subsidium
1702 3336 2011 3408 adimant
2038 3337 2439 3431 appellanti.
2470 3337 2870 3431 Expressim
2902 3357 3181 3429 quoque
3216 3336 3443 3408 eidem
3466 3333 3609 3407 filio
3638 3346 3864 3407 nostro

1065 3460 1534 3534 commisimus
1567 3469 1637 3531 et
1672 3460 1991 3532 dedimus
2018 3459 2309 3531 firmiter
2345 3461 2415 3529 in
2449 3460 2792 3531 mandatis
2821 3469 2903 3529 ut
2938 3459 3029 3531 ad
3063 3469 3320 3531 statum
3359 3458 3725 3554 pacificum
3761 3478 3865 3529 re-

1064 3584 1291 3678 gionis
1321 3584 1571 3679 ipsiuS,
1601 3583 2119 3678 depressionem
2143 3582 2506 3653 rebellium
2524 3635 2544 3673 ,
2567 3581 3164 3677 recuperationem
3193 3594 3589 3653 nostrorum
3611 3581 3867 3673 jurium

1066 3708 1425 3804 etimperii
1450 3708 1522 3777 in
1551 3707 1796 3778 eadem
1830 3716 1899 3776 et
1924 3706 2017 3777 ad
2048 3706 2360 3799 predicta
2377 3706 2609 3777 omnia
2640 3705 3119 3777 conservanda
3152 3716 3223 3776 et
3247 3703 3628 3776 efficaciter.
3647 3704 3863 3775 adim·

1065 3831 1322 3928 plenda
1360 3830 1729 3902 efficaciter
1771 3838 1841 3899 et
1872 3829 2240 3920 diligenter
2275 3829 2616 3901 intendat.
2662 3829 3000 3913 Quocirca
3033 3826 3349 3899 fidelitati
3385 3837 3614 3898 vestre
3650 3824 3866 3921 preci-
3925 3859 3932 3866 ’

1065 3954 1322 4052 piendo
1362 3954 1773 4026 mandamus
1813 3951 2102 4023 firmiter
2141 3962 2213 4023 et
2257 3951 2561 4024 districte
2603 3951 2930 4045 quatinus
2975 3951 3285 4046 predicto
3330 3949 3474 4021 filio
3505 3959 3744 4021 nostro
3785 3947 3869 4020 de

1066 4079 1386 4151 omnibus
1427 4089 1497 4148 et
1539 4078 1826 4168 singulis
1857 4075 2142 4170 prefatis
2188 4084 2516 4168 tanquam
2546 4075 2849 4167 generali
2881 4075 3140 4147 vicario
3172 4084 3409 4146 nostro
3441 4095 3483 4144 a
3516 4074 3870 4165 majestate

1068 4212 1303 4273 nostra
1326 4211 1582 4272 statuto
1611 4200 1862 4272 devote
1896 4197 2258 4269 intendere
2287 4218 2369 4267 ac
2400 4198 2820 4292 respondere
2837 4199 3119 4287 curetis,
3148 4207 3227 4269 ut
3258 4197 3701 4270 devotionem
3717 4216 3868 4267 ves-

1070 4333 1244 4395 tram
1281 4324 1527 4394 merito
1564 4323 2052 4394 commendare
2081 4321 2450 4416 possimus.

1165 4448 1418 4517 Datum
1450 4446 1749 4536 Groseti‚
1787 4442 1998 4542 [anno
2036 4445 2378 4518 dominice
2425 4440 2940 4540 incarnationis]
2983 4445 3074 4517 M.
3100 4445 3223 4516 CC.
3249 4443 3446 4532 XLV,
3492 4463 3732 4514 mense
3772 4444 3867 4513 fe·

1064 4568 1325 4642 bruarii
1343 4620 1363 4658 ,
1393 4568 1511 4638 1111
1538 4568 1954 4640 indictionis.

1150 4733 1234 4815 (a)
1275 4735 1346 4795 In
1370 4734 1556 4795 altero
1581 4735 1883 4813 privilegio
1911 4736 2320 4796 transactione.
