4364 5738
521 575 723 663 inm.
756 567 849 683 3.]
1422 595 1821 658 ms‘roma
1872 594 2468 657 nirLoMA‘ricA.
3220 592 3337 653 327

520 745 756 808 autem
787 733 880 805 ad
918 753 1094 827 quos
1129 731 1199 803 in
1242 730 1488 803 eodem
1521 731 1811 825 imperio
1853 732 2288 826 imperatoris
2321 738 2587 825 spectat
2618 727 2900 818 electio,
2950 726 3209 820 eligant
3253 727 3338 798 li-

521 858 690 931 bere
737 857 949 928 alium
1002 855 1071 926 in
1124 856 1276 945 ejus
1322 854 1553 925 locum
1594 875 2088 927 successorem.
2133 856 2238 925 De
2280 854 2546 949 prefato
2589 873 2759 924 vero
2809 850 3074 922 Scicilie
3126 871 3342 944 regno

518 979 886 1075 providere
952 977 1348 1050 curabimus
1402 997 1562 1046 cum
1617 976 2022 1048 eorumdem
2084 978 2372 1048 fratrum
2430 984 2825 1047 nostrorum
2885 972 3341 1045 cardinalium

520 1103 835 1194 oonsilio,
872 1101 1051 1174 siout
1078 1100 1460 1172 viderimus
1497 1099 1860 1193 expedire.

632 1229 884 1300 Datum
913 1224 1261 1316 Lugduni,
1288 1223 1443 1295 XVI
1470 1222 1804 1295 kalendas
1834 1223 2143 1316 augusti,
2173 1220 2613 1318 pontificatus
2640 1221 2856 1293 nostri
2886 1241 3069 1292 anno
3099 1220 3338 1310 tercio,

526 1371 709 1423 anno
742 1349 833 1421 ab
863 1347 1341 1420 incarnatione
1366 1346 1643 1418 Domini
1677 1347 1771 1420 M.
1796 1347 1915 1419 GC.
1939 1347 2146 1436 XLV,
2184 1346 2561 1423 indictione
2595 1347 2707 1417 III.

632 1944 1056 2029 Fridericus
1078 2006 1097 2039 ,
1149 1947 1669 2030 Romanorum
1717 1947 2163 2056 imperator,
2228 1947 2326 2028 ad
2380 1946 2819 2029 instantiam
2881 1946 3345 2056 Margaretae

526 2076 927 2159 Flandriae
975 2091 1050 2160 et
1084 2079 1501 2161 Hainoniae
1537 2078 2003 2184 comitissae,
2042 2104 2177 2186 per
2214 2087 2737 2186 procuratores
2773 2077 2937 2187 ejus
2973 2077 3147 2161 licet
3188 2105 3341 2162 non

3441 1967 3685 2064 Taffifflm

3509 2075 3643 2128 Jullo.
3696 2051 3711 2073 ⁹

527 2209 625 2290 sit
660 2208 895 2292 moris
930 2211 1226 2320 imperii
1255 2221 1553 2319 recepto
1579 2210 2013 2320 juramento
2035 2273 2058 2316 ,
2108 2235 2280 2291 eam
2315 2211 2411 2291 de
2449 2209 2693 2291 feudis
2729 2210 3133 2292 comitatus
3168 2210 3340 2295 Na-
3451 2262 3470 2281 -

526 2342 947 2425 mur-censis
992 2354 1068 2425 et
1111 2344 1346 2451 partis
1382 2343 1780 2424 Flandriae
1830 2342 2020 2423 citra
2057 2342 2392 2424 Scaldim
2446 2368 2707 2424 versus
2761 2342 3215 2425 Hainoniam
3271 2356 3345 2427 et

526 2474 1016 2557 Brabantiam
1071 2501 1248 2557 cum
1312 2486 1642 2584 quatuor
1704 2474 2131 2557 Ministeriis
2152 2535 2176 2580 ,
2242 2483 2442 2555 terra
2494 2473 2590 2555 de
2654 2472 2868 2555 Alost
2934 2487 3008 2556 et
3073 2475 3343 2561 insulis

527 2606 863 2714 investit,
906 2606 1012 2688 ita
1048 2621 1133 2689 ut
1168 2633 1259 2689 ea
1315 2608 1411 2690 ab
1458 2606 1774 2716 imperio
1832 2606 2264 2688 immediate
2315 2616 2566 2686 teneat
2608 2615 2683 2687 et
2734 2606 2989 2688 debita
3044 2608 3344 2690 servitia

529 2750 1048 2848 recognoscat.

693 2954 882 3033 (Edit.
916 2971 1014 3031 ap.
1047 2956 1514 3033 Wnnxoanio,
1544 2954 1700 3016 Hist.
1733 2952 1801 3013 de
1833 2952 1893 3013 Ia
1919 2950 2176 3014 Flandre
2204 2959 2260 3013 et
2286 2950 2357 3011 de
2381 2970 2468 3013 ses
2491 2952 2873 3030 institutione,
2904 2959 2950 3012 t.
2975 2953 3025 3025 Ι,
3058 2955 3131 3014 de
3154 2953 3337 3015 l’edit.

768 3061 1091 3136 francaise,
1122 3053 1270 3137 plec.
1299 3060 1515 3137 justit„
1556 3071 1624 3120 n⁰
1656 3061 1831 3137 XIX,
1867 3077 1939 3119 ex
1988 3076 2107 3119 uno
2136 3056 2384 3119 vidimus
2422 3060 2562 3120 anni
2602 3067 2753 3119 1252
2795 3062 2858 3118 in
2899 3061 3199 3136 copiarum
3237 3077 3341 3120 co-

762 3168 892 3227 dice
919 3184 956 3226 a
986 3167 1319 3227 Godefridis
1345 3168 1581 3227 redacto
1611 3174 1671 3227 et
1695 3168 1788 3227 hls
1811 3166 2015 3226 dlebus
2041 3183 2216 3243 penes
2242 3183 2374 3227 orn.
2405 3168 2600 3226 virum
2627 3166 3012 3228 Godefridum
3037 3185 3135 3244 ap.
3166 3168 3343 3229 Insu-

767 3270 886 3344 las,
914 3277 963 3330 t.
994 3273 1055 3345 1,
1084 3271 1128 3331 f.
1157 3281 1368 3332 ‘lo-72.
1398 3274 1568 3333 Nunc
1595 3273 2054 3332 emendatiorem
2090 3279 2324 3332 textum
2346 3272 2576 3332 edimus
2599 3273 2878 3333 collatum
2906 3289 3042 3333 cum
3072 3274 3341 3351 originali

771 3393 1037 3455 pergam.
1064 3380 1126 3435 in
1154 3377 1427 3437 biblioth.
1458 3379 1654 3439 Cesar.
1686 3378 1897 3448 Paris„
1927 3378 2088 3437 unde
2114 3377 2278 3437 bulla
2305 3394 2482 3438 aurea
2512 3379 2722 3438 avulsa
2752 3377 2913 3456 fuit.)

624 3563 698 3633 In
745 3560 1027 3632 nomine
1070 3570 1308 3633 sancte
1349 3570 1419 3632 et
1457 3560 1816 3632 individue
1864 3562 2237 3633 Trinitatis.
2289 3561 2672 3634 Fridericus
2712 3562 3056 3634 secundus
3106 3561 3340 3634 divina

527 3685 804 3758 favente
863 3685 1229 3758 clementia
1273 3687 1743 3757 Romanorum
1791 3684 2169 3780 imperator
2219 3707 2496 3781 semper
2542 3696 2908 3779 augustus,
2961 3687 3338 3758 Jerusalem

530 3817 600 3879 et
629 3808 859 3881 Sicilie
885 3830 1042 3880 rex.
1073 3808 1283 3881 Iustis
1311 3806 1621 3880 fidelium
1657 3818 2051 3881 nostrorum
2086 3809 2532 3903 petitionibus
2564 3809 3118 3882 condescendere
3149 3811 3338 3902 cogi-

529 3953 683 4003 mur
718 3952 892 4024 quas
927 3932 1058 4003 nisi
1101 3931 1573 4004 favorabiliter
1612 3932 2049 4022 audiremuS,
2094 3933 2429 4005 obaudire
2470 3934 2658 4028 quod
2705 3933 2962 4028 petitur
2996 3953 3122 4026 per
3157 3932 3339 4022 inju-

528 4054 696 4125 riam
729 4055 1151 4128 videremur.
1188 4055 1320 4127 Per
1350 4076 1636 4151 presens
1672 4055 1883 4149 igitur
1920 4056 2356 4156 privilegium
2398 4068 2641 4128 notum
2678 4055 2965 4127 facimus
3003 4055 3343 4127 universis

527 4176 793 4271 imperii
831 4176 1154 4251 fidelibus
1188 4188 1329 4249 tam
1364 4179 1798 4272 presentibus
1834 4200 2043 4271 quam
2085 4180 2333 4250 futuris
2364 4180 2555 4272 quod
2595 4178 2960 4269 Margarita
2998 4179 3343 4250 comitissa

526 4298 843 4371 Flandrie
876 4310 947 4372 et
982 4302 1333 4391 Hanonie,
1374 4300 1626 4373 dilecta
1671 4300 1895 4373 fidelis
1934 4312 2207 4392 nostra,
2250 4323 2376 4396 per
2409 4303 2490 4373 R.
2533 4302 3003 4374 venerabilem
3043 4302 3341 4397 priorem

528 4420 762 4492 Sancti
814 4423 997 4494 Salvi
1037 4436 1107 4495 et
1146 4426 1460 4520 Genlayn
1502 4425 1785 4497 nuntios
1822 4446 1983 4496 suos
2029 4425 2121 4497 ad
2161 4434 2468 4495 nostram
2511 4426 2928 4521 presentiam
2968 4427 3345 4499 destinatos

530 4544 874 4634 majestati
903 4556 1137 4618 nostre
1184 4547 1537 4620 humiliter
1567 4547 1983 4643 supplicavit
2025 4558 2104 4617 ut
2134 4548 2357 4642 ipsam
2402 4548 2492 4620 de
2529 4549 2756 4622 feudis
2799 4550 3163 4622 comitatus
3204 4550 3342 4622 Na·

527 4666 876 4739 mucensis
922 4679 994 4740 et
1030 4672 1247 4765 partis
1286 4670 1605 4743 Flandrie
1645 4671 1816 4742 citra
1863 4670 2164 4742 Scaldim
2210 4691 2454 4743 versus
2496 4673 2881 4746 Hanoniam
2927 4682 2997 4744 et
3040 4672 3343 4745 Berban-
