<?xml version="1.0" encoding="UTF-8"?>
<!DOCTYPE html PUBLIC "-//W3C//DTD XHTML 1.0 Transitional//EN"
    "http://www.w3.org/TR/xhtml1/DTD/xhtml1-transitional.dtd">
<html xmlns="http://www.w3.org/1999/xhtml" xml:lang="en" lang="en">
 <head>
  <title>
</title>
<meta http-equiv="Content-Type" content="text/html;charset=utf-8" />
  <meta name='ocr-system' content='tesseract 3.04.00' />
  <meta name='ocr-capabilities' content='ocr_page ocr_carea ocr_par ocr_line ocrx_word'/>
</head>
<body>
  <div class='ocr_page' id='page_1' title='image "./historiadiploma00degoog_0532.png"; bbox 0 0 4364 5738; ppageno 0'>
   <div class='ocr_carea' id='block_1_1' title="bbox 962 572 3866 659">
    <p class='ocr_par' dir='ltr' id='par_1_1' title="bbox 962 572 3866 659">
     <span class='ocr_line' id='line_1_1' title="bbox 962 572 3866 659; baseline -0 -23"><span class='ocrx_word' id='word_1_1' title='bbox 962 613 975 625; x_wconf 92' lang='lat'>.</span> <span class='ocrx_word' id='word_1_2' title='bbox 1054 575 1175 636; x_wconf 84' lang='lat'><strong>516</strong></span> <span class='ocrx_word' id='word_1_3' title='bbox 2047 572 2475 635; x_wconf 78' lang='lat' dir='ltr'><strong>rmnmucr</strong></span> <span class='ocrx_word' id='word_1_4' title='bbox 2525 572 2871 636; x_wconf 73' lang='lat' dir='ltr'><strong>sscuum</strong></span> <span class='ocrx_word' id='word_1_5' title='bbox 3486 572 3651 659; x_wconf 67' lang='lat' dir='ltr'><strong>[An.</strong></span> <span class='ocrx_word' id='word_1_6' title='bbox 3688 573 3866 635; x_wconf 63' lang='grc' dir='ltr'><strong>ιω.</strong></span> 
     </span>
    </p>
   </div>
   <div class='ocr_carea' id='block_1_2' title="bbox 1048 709 3869 3181">
    <p class='ocr_par' dir='ltr' id='par_1_2' title="bbox 1048 709 3869 3181">
     <span class='ocr_line' id='line_1_2' title="bbox 1053 709 3869 808; baseline -0 -24"><span class='ocrx_word' id='word_1_7' title='bbox 1053 712 1197 784; x_wconf 87' lang='lat' dir='ltr'><strong>vite</strong></span> <span class='ocrx_word' id='word_1_8' title='bbox 1229 720 1462 784; x_wconf 88' lang='lat' dir='ltr'><strong>nostre</strong></span> <span class='ocrx_word' id='word_1_9' title='bbox 1498 712 1808 805; x_wconf 86' lang='lat' dir='ltr'><strong>sublato,</strong></span> <span class='ocrx_word' id='word_1_10' title='bbox 1841 711 1933 784; x_wconf 89' lang='lat' dir='ltr'><strong>ad</strong></span> <span class='ocrx_word' id='word_1_11' title='bbox 1957 733 2218 785; x_wconf 84' lang='lat' dir='ltr'><strong>vacans</strong></span> <span class='ocrx_word' id='word_1_12' title='bbox 2244 711 2645 808; x_wconf 88' lang='lat' dir='ltr'><strong>imperium,</strong></span> <span class='ocrx_word' id='word_1_13' title='bbox 2679 711 2869 804; x_wconf 89' lang='lat' dir='ltr'><strong>quod</strong></span> <span class='ocrx_word' id='word_1_14' title='bbox 2899 719 3128 783; x_wconf 89' lang='lat' dir='ltr'><strong>tamen</strong></span> <span class='ocrx_word' id='word_1_15' title='bbox 3163 710 3416 784; x_wconf 90' lang='lat' dir='ltr'><strong>dilecto</strong></span> <span class='ocrx_word' id='word_1_16' title='bbox 3449 709 3592 783; x_wconf 83' lang='lat' dir='ltr'><strong>filio</strong></span> <span class='ocrx_word' id='word_1_17' title='bbox 3628 720 3869 783; x_wconf 91' lang='lat' dir='ltr'><strong>nostro</strong></span> 
     </span>
     <span class='ocr_line' id='line_1_3' title="bbox 1054 833 3867 932; baseline -0.001 -23"><span class='ocrx_word' id='word_1_18' title='bbox 1054 837 1366 910; x_wconf 89' lang='lat' dir='ltr'><strong>Conrado</strong></span> <span class='ocrx_word' id='word_1_19' title='bbox 1399 840 1864 912; x_wconf 88' lang='lat' dir='ltr'><strong>Romanorum</strong></span> <span class='ocrx_word' id='word_1_20' title='bbox 1901 838 1973 909; x_wconf 93' lang='lat' dir='ltr'><strong>in</strong></span> <span class='ocrx_word' id='word_1_21' title='bbox 2007 860 2243 932; x_wconf 88' lang='lat' dir='ltr'><strong>regem</strong></span> <span class='ocrx_word' id='word_1_22' title='bbox 2276 838 2499 910; x_wconf 90' lang='lat' dir='ltr'><strong>electo</strong></span> <span class='ocrx_word' id='word_1_23' title='bbox 2534 858 2810 932; x_wconf 81' lang='lat' dir='ltr'>semper</span> <span class='ocrx_word' id='word_1_24' title='bbox 2834 847 3128 930; x_wconf 89' lang='lat' dir='ltr'><strong>augusto</strong></span> <span class='ocrx_word' id='word_1_25' title='bbox 3156 846 3227 910; x_wconf 88' lang='lat' dir='ltr'><strong>et</strong></span> <span class='ocrx_word' id='word_1_26' title='bbox 3257 836 3454 929; x_wconf 90' lang='lat' dir='ltr'><strong>regni</strong></span> <span class='ocrx_word' id='word_1_27' title='bbox 3497 833 3867 908; x_wconf 69' lang='lat' dir='ltr'><strong>Hieromli-</strong></span> 
     </span>
     <span class='ocr_line' id='line_1_4' title="bbox 1053 960 3866 1061; baseline 0 -29"><span class='ocrx_word' id='word_1_28' title='bbox 1053 961 1294 1034; x_wconf 92' lang='lat' dir='ltr'><strong>mitani</strong></span> <span class='ocrx_word' id='word_1_29' title='bbox 1328 963 1582 1036; x_wconf 89' lang='lat' dir='ltr'><strong>herede</strong></span> <span class='ocrx_word' id='word_1_30' title='bbox 1609 964 2007 1061; x_wconf 82' lang='lat' dir='ltr'><strong>superstite,</strong></span> <span class='ocrx_word' id='word_1_31' title='bbox 2043 984 2442 1036; x_wconf 83' lang='lat' dir='ltr'><strong>successore</strong></span> <span class='ocrx_word' id='word_1_32' title='bbox 2474 963 2782 1055; x_wconf 89' lang='lat' dir='ltr'><strong>legitimo</strong></span> <span class='ocrx_word' id='word_1_33' title='bbox 2809 983 2949 1034; x_wconf 92' lang='lat' dir='ltr'><strong>non</strong></span> <span class='ocrx_word' id='word_1_34' title='bbox 2986 962 3292 1054; x_wconf 79' lang='lat' dir='ltr'><strong>carebat,</strong></span> <span class='ocrx_word' id='word_1_35' title='bbox 3324 960 3552 1036; x_wconf 86' lang='lat' dir='ltr'><strong>vocati</strong></span> <span class='ocrx_word' id='word_1_36' title='bbox 3582 960 3866 1032; x_wconf 90' lang='lat' dir='ltr'><strong>liberius</strong></span> 
     </span>
     <span class='ocr_line' id='line_1_5' title="bbox 1054 1084 3866 1185; baseline -0 -27"><span class='ocrx_word' id='word_1_37' title='bbox 1054 1096 1384 1182; x_wconf 90' lang='lat' dir='ltr'><strong>tanquam</strong></span> <span class='ocrx_word' id='word_1_38' title='bbox 1435 1089 1526 1162; x_wconf 90' lang='lat' dir='ltr'><strong>ad</strong></span> <span class='ocrx_word' id='word_1_39' title='bbox 1571 1091 1848 1185; x_wconf 82' lang='lat' dir='ltr'><strong>nuptias</strong></span> <span class='ocrx_word' id='word_1_40' title='bbox 1885 1089 2271 1161; x_wconf 81' lang='lat' dir='ltr'><strong>introirent.</strong></span> <span class='ocrx_word' id='word_1_41' title='bbox 2319 1090 2405 1161; x_wconf 86' lang='lat' dir='ltr'><strong>Et</strong></span> <span class='ocrx_word' id='word_1_42' title='bbox 2444 1111 2605 1161; x_wconf 91' lang='lat' dir='ltr'><strong>cum</strong></span> <span class='ocrx_word' id='word_1_43' title='bbox 2651 1089 2907 1161; x_wconf 86' lang='lat' dir='ltr'><strong>factum</strong></span> <span class='ocrx_word' id='word_1_44' title='bbox 2954 1109 3104 1160; x_wconf 90' lang='lat' dir='ltr'><strong>esse</strong></span> <span class='ocrx_word' id='word_1_45' title='bbox 3143 1088 3290 1180; x_wconf 84' lang='lat' dir='ltr'><strong>jam</strong></span> <span class='ocrx_word' id='word_1_46' title='bbox 3322 1086 3641 1160; x_wconf 88' lang='lat' dir='ltr'><strong>crederet</strong></span> <span class='ocrx_word' id='word_1_47' title='bbox 3676 1084 3866 1181; x_wconf 90' lang='lat' dir='ltr'><strong>quod</strong></span> 
     </span>
     <span class='ocr_line' id='line_1_6' title="bbox 1051 1210 3862 1287; baseline -0.001 -3"><span class='ocrx_word' id='word_1_48' title='bbox 1051 1213 1248 1285; x_wconf 87' lang='lat' dir='ltr'><strong>velut</strong></span> <span class='ocrx_word' id='word_1_49' title='bbox 1292 1212 1669 1286; x_wconf 88' lang='lat' dir='ltr'><strong>domestica</strong></span> <span class='ocrx_word' id='word_1_50' title='bbox 1718 1215 2226 1287; x_wconf 86' lang='lat' dir='ltr'><strong>machinatione</strong></span> <span class='ocrx_word' id='word_1_51' title='bbox 2277 1214 2667 1286; x_wconf 91' lang='lat' dir='ltr'><strong>confectum</strong></span> <span class='ocrx_word' id='word_1_52' title='bbox 2727 1215 3034 1285; x_wconf 91' lang='lat' dir='ltr'><strong>futurum</strong></span> <span class='ocrx_word' id='word_1_53' title='bbox 3083 1210 3633 1284; x_wconf 89' lang='lat' dir='ltr'><strong>indubitabiliter</strong></span> <span class='ocrx_word' id='word_1_54' title='bbox 3685 1210 3862 1283; x_wconf 86' lang='lat' dir='ltr'><strong>exti-</strong></span> 
     </span>
     <span class='ocr_line' id='line_1_7' title="bbox 1052 1337 3864 1431; baseline -0 -23"><span class='ocrx_word' id='word_1_55' title='bbox 1052 1338 1324 1428; x_wconf 91' lang='lat' dir='ltr'><strong>mabat,</strong></span> <span class='ocrx_word' id='word_1_56' title='bbox 1364 1338 1828 1431; x_wconf 77' lang='lat' dir='ltr'><strong>lantgravium</strong></span> <span class='ocrx_word' id='word_1_57' title='bbox 1860 1338 2234 1430; x_wconf 87' lang='lat' dir='ltr'><strong>Thuringie</strong></span> <span class='ocrx_word' id='word_1_58' title='bbox 2270 1339 2358 1410; x_wconf 91' lang='lat' dir='ltr'><strong>de</strong></span> <span class='ocrx_word' id='word_1_59' title='bbox 2391 1337 2600 1410; x_wconf 88' lang='lat' dir='ltr'><strong>domo</strong></span> <span class='ocrx_word' id='word_1_60' title='bbox 2637 1347 2709 1409; x_wconf 91' lang='lat' dir='ltr'><strong>et</strong></span> <span class='ocrx_word' id='word_1_61' title='bbox 2747 1358 3002 1431; x_wconf 81' lang='lat' dir='ltr'><strong>genere</strong></span> <span class='ocrx_word' id='word_1_62' title='bbox 3037 1348 3275 1411; x_wconf 90' lang='lat' dir='ltr'><strong>nostro</strong></span> <span class='ocrx_word' id='word_1_63' title='bbox 3318 1347 3596 1426; x_wconf 90' lang='lat' dir='ltr'><strong>natum,</strong></span> <span class='ocrx_word' id='word_1_64' title='bbox 3635 1356 3864 1408; x_wconf 90' lang='lat' dir='ltr'><strong>sacra-</strong></span> 
     </span>
     <span class='ocr_line' id='line_1_8' title="bbox 1051 1460 3862 1559; baseline -0 -27"><span class='ocrx_word' id='word_1_65' title='bbox 1051 1473 1289 1534; x_wconf 92' lang='lat' dir='ltr'><strong>mento</strong></span> <span class='ocrx_word' id='word_1_66' title='bbox 1348 1463 1476 1534; x_wconf 92' lang='lat' dir='ltr'><strong>sibi</strong></span> <span class='ocrx_word' id='word_1_67' title='bbox 1530 1463 1619 1534; x_wconf 89' lang='lat' dir='ltr'><strong>de</strong></span> <span class='ocrx_word' id='word_1_68' title='bbox 1671 1474 1889 1537; x_wconf 87' lang='lat' dir='ltr'><strong>morte</strong></span> <span class='ocrx_word' id='word_1_69' title='bbox 1942 1474 2180 1536; x_wconf 88' lang='lat' dir='ltr'><strong>nostra</strong></span> <span class='ocrx_word' id='word_1_70' title='bbox 2237 1472 2471 1534; x_wconf 87' lang='lat' dir='ltr'><strong>secuta</strong></span> <span class='ocrx_word' id='word_1_71' title='bbox 2522 1463 2971 1557; x_wconf 82' lang='lat' dir='ltr'><strong>corporaliter</strong></span> <span class='ocrx_word' id='word_1_72' title='bbox 3017 1463 3307 1559; x_wconf 89' lang='lat' dir='ltr'><strong>prestito</strong></span> <span class='ocrx_word' id='word_1_73' title='bbox 3356 1484 3483 1558; x_wconf 92' lang='lat' dir='ltr'><strong>per</strong></span> <span class='ocrx_word' id='word_1_74' title='bbox 3528 1460 3862 1555; x_wconf 88' lang='lat' dir='ltr'><strong>quosdam</strong></span> 
     </span>
     <span class='ocr_line' id='line_1_9' title="bbox 1051 1581 3861 1684; baseline -0.001 -26"><span class='ocrx_word' id='word_1_75' title='bbox 1051 1587 1550 1659; x_wconf 89' lang='lat' dir='ltr'><strong>ecclesiasticos</strong></span> <span class='ocrx_word' id='word_1_76' title='bbox 1584 1589 1960 1684; x_wconf 85' lang='lat' dir='ltr'><strong>principes,</strong></span> <span class='ocrx_word' id='word_1_77' title='bbox 1992 1609 2266 1661; x_wconf 86' lang='lat' dir='ltr'><strong>necnon</strong></span> <span class='ocrx_word' id='word_1_78' title='bbox 2300 1599 2371 1659; x_wconf 91' lang='lat' dir='ltr'><strong>et</strong></span> <span class='ocrx_word' id='word_1_79' title='bbox 2402 1587 2913 1683; x_wconf 84' lang='lat' dir='ltr'><strong>dispensatione</strong></span> <span class='ocrx_word' id='word_1_80' title='bbox 2946 1607 3271 1660; x_wconf 88' lang='lat' dir='ltr'><strong>concessa</strong></span> <span class='ocrx_word' id='word_1_81' title='bbox 3306 1586 3436 1658; x_wconf 90' lang='lat' dir='ltr'><strong>sibi</strong></span> <span class='ocrx_word' id='word_1_82' title='bbox 3475 1581 3660 1683; x_wconf 93' lang='lat' dir='ltr'><strong>[pro]</strong></span> <span class='ocrx_word' id='word_1_83' title='bbox 3694 1605 3861 1678; x_wconf 85' lang='lat' dir='ltr'><strong>qua·</strong></span> 
     </span>
     <span class='ocr_line' id='line_1_10' title="bbox 1054 1709 3865 1808; baseline -0.001 -27"><span class='ocrx_word' id='word_1_84' title='bbox 1054 1709 1218 1781; x_wconf 88' lang='lat' dir='ltr'><strong>dam</strong></span> <span class='ocrx_word' id='word_1_85' title='bbox 1262 1733 1531 1784; x_wconf 88' lang='lat' dir='ltr'><strong>summa</strong></span> <span class='ocrx_word' id='word_1_86' title='bbox 1576 1713 1867 1806; x_wconf 91' lang='lat' dir='ltr'><strong>pecunie</strong></span> <span class='ocrx_word' id='word_1_87' title='bbox 1921 1713 2008 1785; x_wconf 88' lang='lat' dir='ltr'><strong>de</strong></span> <span class='ocrx_word' id='word_1_88' title='bbox 2055 1713 2256 1786; x_wconf 89' lang='lat' dir='ltr'><strong>bonis</strong></span> <span class='ocrx_word' id='word_1_89' title='bbox 2304 1711 2608 1784; x_wconf 91' lang='lat' dir='ltr'><strong>Ecclesie</strong></span> <span class='ocrx_word' id='word_1_90' title='bbox 2662 1733 2873 1808; x_wconf 90' lang='lat' dir='ltr'><strong>super</strong></span> <span class='ocrx_word' id='word_1_91' title='bbox 2915 1711 3153 1784; x_wconf 91' lang='lat' dir='ltr'><strong>illicito</strong></span> <span class='ocrx_word' id='word_1_92' title='bbox 3197 1709 3637 1783; x_wconf 85' lang='lat' dir='ltr'><strong>matrimonio</strong></span> <span class='ocrx_word' id='word_1_93' title='bbox 3689 1710 3865 1781; x_wconf 88' lang='lat' dir='ltr'><strong>inter</strong></span> 
     </span>
     <span class='ocr_line' id='line_1_11' title="bbox 1052 1834 3855 1932; baseline 0.001 -28"><span class='ocrx_word' id='word_1_94' title='bbox 1052 1835 1279 1928; x_wconf 88' lang='lat' dir='ltr'><strong>ipsum</strong></span> <span class='ocrx_word' id='word_1_95' title='bbox 1308 1846 1379 1907; x_wconf 88' lang='lat' dir='ltr'><strong>et</strong></span> <span class='ocrx_word' id='word_1_96' title='bbox 1407 1858 1701 1909; x_wconf 81' lang='lat' dir='ltr'><strong>uxorem</strong></span> <span class='ocrx_word' id='word_1_97' title='bbox 1729 1859 1925 1910; x_wconf 90' lang='lat' dir='ltr'><strong>suam</strong></span> <span class='ocrx_word' id='word_1_98' title='bbox 1958 1837 2444 1911; x_wconf 90' lang='lat' dir='ltr'><strong>consobrinam</strong></span> <span class='ocrx_word' id='word_1_99' title='bbox 2472 1836 2688 1932; x_wconf 91' lang='lat' dir='ltr'><strong>ipsius</strong></span> <span class='ocrx_word' id='word_1_100' title='bbox 2715 1836 2946 1909; x_wconf 87' lang='lat' dir='ltr'><strong>venali</strong></span> <span class='ocrx_word' id='word_1_101' title='bbox 2979 1835 3393 1908; x_wconf 90' lang='lat' dir='ltr'><strong>commercio</strong></span> <span class='ocrx_word' id='word_1_102' title='bbox 3424 1834 3855 1931; x_wconf 87' lang='lat' dir='ltr'><strong>repromissa,</strong></span> 
     </span>
     <span class='ocr_line' id='line_1_12' title="bbox 1053 1958 3863 2058; baseline -0.001 -28"><span class='ocrx_word' id='word_1_103' title='bbox 1053 1980 1264 2055; x_wconf 90' lang='lat' dir='ltr'><strong>supra</strong></span> <span class='ocrx_word' id='word_1_104' title='bbox 1307 1971 1627 2053; x_wconf 82' lang='lat' dir='ltr'><strong>vegetem</strong></span> <span class='ocrx_word' id='word_1_105' title='bbox 1664 1962 2037 2057; x_wconf 88' lang='lat' dir='ltr'><strong>quemdam</strong></span> <span class='ocrx_word' id='word_1_106' title='bbox 2079 1962 2478 2058; x_wconf 87' lang='lat' dir='ltr'><strong>impositum</strong></span> <span class='ocrx_word' id='word_1_107' title='bbox 2525 1960 2752 2033; x_wconf 84' lang='lat' dir='ltr'><strong>erexit</strong></span> <span class='ocrx_word' id='word_1_108' title='bbox 2783 1961 2854 2032; x_wconf 91' lang='lat' dir='ltr'><strong>in</strong></span> <span class='ocrx_word' id='word_1_109' title='bbox 2900 1982 3164 2054; x_wconf 89' lang='lat' dir='ltr'><strong>regem.</strong></span> <span class='ocrx_word' id='word_1_110' title='bbox 3201 1963 3344 2033; x_wconf 89' lang='lat' dir='ltr'><strong>Hec</strong></span> <span class='ocrx_word' id='word_1_111' title='bbox 3381 1981 3519 2054; x_wconf 89' lang='lat' dir='ltr'><strong>que</strong></span> <span class='ocrx_word' id='word_1_112' title='bbox 3564 1958 3863 2054; x_wconf 85' lang='lat' dir='ltr'><strong>presenti</strong></span> 
     </span>
     <span class='ocr_line' id='line_1_13' title="bbox 1051 2083 3862 2182; baseline 0 -28"><span class='ocrx_word' id='word_1_113' title='bbox 1051 2083 1279 2156; x_wconf 88' lang='lat' dir='ltr'><strong>littera</strong></span> <span class='ocrx_word' id='word_1_114' title='bbox 1307 2085 1670 2157; x_wconf 89' lang='lat' dir='ltr'><strong>scribimus</strong></span> <span class='ocrx_word' id='word_1_115' title='bbox 1703 2087 1901 2158; x_wconf 90' lang='lat' dir='ltr'><strong>vobis</strong></span> <span class='ocrx_word' id='word_1_116' title='bbox 1937 2098 2007 2160; x_wconf 87' lang='lat' dir='ltr'><strong>et</strong></span> <span class='ocrx_word' id='word_1_117' title='bbox 2040 2087 2165 2159; x_wconf 88' lang='lat' dir='ltr'><strong>toti</strong></span> <span class='ocrx_word' id='word_1_118' title='bbox 2201 2086 2462 2160; x_wconf 92' lang='lat' dir='ltr'><strong>mundo</strong></span> <span class='ocrx_word' id='word_1_119' title='bbox 2496 2085 2766 2160; x_wconf 87' lang='lat' dir='ltr'><strong>notoria</strong></span> <span class='ocrx_word' id='word_1_120' title='bbox 2798 2098 3238 2182; x_wconf 88' lang='lat' dir='ltr'><strong>reputamus,</strong></span> <span class='ocrx_word' id='word_1_121' title='bbox 3268 2087 3629 2178; x_wconf 88' lang='lat' dir='ltr'><strong>velutque</strong></span> <span class='ocrx_word' id='word_1_122' title='bbox 3661 2084 3862 2156; x_wconf 88' lang='lat' dir='ltr'><strong>rebus</strong></span> 
     </span>
     <span class='ocr_line' id='line_1_14' title="bbox 1051 2207 3858 2306; baseline 0 -27"><span class='ocrx_word' id='word_1_123' title='bbox 1051 2207 1217 2302; x_wconf 93' lang='lat' dir='ltr'><strong>ipsis</strong></span> <span class='ocrx_word' id='word_1_124' title='bbox 1259 2218 1330 2280; x_wconf 88' lang='lat' dir='ltr'><strong>et</strong></span> <span class='ocrx_word' id='word_1_125' title='bbox 1376 2209 1573 2281; x_wconf 90' lang='lat' dir='ltr'><strong>factis</strong></span> <span class='ocrx_word' id='word_1_126' title='bbox 1615 2211 1768 2282; x_wconf 89' lang='lat' dir='ltr'><strong>luce</strong></span> <span class='ocrx_word' id='word_1_127' title='bbox 1810 2210 2106 2282; x_wconf 85' lang='lat' dir='ltr'><strong>lucidius</strong></span> <span class='ocrx_word' id='word_1_128' title='bbox 2152 2210 2725 2306; x_wconf 77' lang='lat' dir='ltr'><strong>compmbantur3</strong></span> <span class='ocrx_word' id='word_1_129' title='bbox 2776 2231 2907 2282; x_wconf 93' lang='lat' dir='ltr'><strong>nec</strong></span> <span class='ocrx_word' id='word_1_130' title='bbox 2950 2231 3077 2306; x_wconf 88' lang='lat' dir='ltr'><strong>per</strong></span> <span class='ocrx_word' id='word_1_131' title='bbox 3120 2208 3282 2282; x_wconf 88' lang='lat' dir='ltr'><strong>ficta</strong></span> <span class='ocrx_word' id='word_1_132' title='bbox 3335 2217 3677 2282; x_wconf 88' lang='lat' dir='ltr'><strong>tormenta</strong></span> <span class='ocrx_word' id='word_1_133' title='bbox 3720 2208 3858 2280; x_wconf 87' lang='lat' dir='ltr'><strong>cla·</strong></span> 
     </span>
     <span class='ocr_line' id='line_1_15' title="bbox 1049 2332 3861 2430; baseline -0 -26"><span class='ocrx_word' id='word_1_134' title='bbox 1049 2334 1414 2425; x_wconf 91' lang='lat' dir='ltr'><strong>mantium,</strong></span> <span class='ocrx_word' id='word_1_135' title='bbox 1457 2355 1500 2405; x_wconf 92' lang='lat' dir='ltr'><strong>a</strong></span> <span class='ocrx_word' id='word_1_136' title='bbox 1525 2335 1779 2426; x_wconf 90' lang='lat' dir='ltr'><strong>quibus</strong></span> <span class='ocrx_word' id='word_1_137' title='bbox 1806 2345 2082 2408; x_wconf 85' lang='lat' dir='ltr'><strong>extorta</strong></span> <span class='ocrx_word' id='word_1_138' title='bbox 2105 2335 2358 2408; x_wconf 90' lang='lat' dir='ltr'><strong>dicitur</strong></span> <span class='ocrx_word' id='word_1_139' title='bbox 2380 2336 2754 2408; x_wconf 85' lang='lat' dir='ltr'><strong>subornata</strong></span> <span class='ocrx_word' id='word_1_140' title='bbox 2782 2335 3123 2408; x_wconf 90' lang='lat' dir='ltr'><strong>confessio</strong></span> <span class='ocrx_word' id='word_1_141' title='bbox 3156 2334 3347 2429; x_wconf 89' lang='lat' dir='ltr'><strong>quod</strong></span> <span class='ocrx_word' id='word_1_142' title='bbox 3376 2355 3502 2430; x_wconf 91' lang='lat' dir='ltr'><strong>per</strong></span> <span class='ocrx_word' id='word_1_143' title='bbox 3530 2332 3861 2427; x_wconf 88' lang='lat' dir='ltr'><strong>quosdam</strong></span> 
     </span>
     <span class='ocr_line' id='line_1_16' title="bbox 1050 2457 3859 2557; baseline -0 -27"><span class='ocrx_word' id='word_1_144' title='bbox 1050 2480 1144 2530; x_wconf 81' lang='lat' dir='ltr'><strong>ex</strong></span> <span class='ocrx_word' id='word_1_145' title='bbox 1178 2460 1432 2531; x_wconf 90' lang='lat' dir='ltr'><strong>nostris</strong></span> <span class='ocrx_word' id='word_1_146' title='bbox 1465 2472 1756 2532; x_wconf 92' lang='lat' dir='ltr'><strong>mortem</strong></span> <span class='ocrx_word' id='word_1_147' title='bbox 1788 2482 1968 2556; x_wconf 90' lang='lat' dir='ltr'><strong>pape</strong></span> <span class='ocrx_word' id='word_1_148' title='bbox 2012 2461 2345 2534; x_wconf 83' lang='lat' dir='ltr'><strong>fuerimus</strong></span> <span class='ocrx_word' id='word_1_149' title='bbox 2381 2460 2757 2532; x_wconf 87' lang='lat' dir='ltr'><strong>machinati</strong></span> <span class='ocrx_word' id='word_1_150' title='bbox 2784 2458 2920 2557; x_wconf 76' lang='lat' dir='ltr'><strong>(t),</strong></span> <span class='ocrx_word' id='word_1_151' title='bbox 2957 2461 3031 2533; x_wconf 90' lang='lat' dir='ltr'><strong>id</strong></span> <span class='ocrx_word' id='word_1_152' title='bbox 3059 2481 3144 2532; x_wconf 93' lang='lat' dir='ltr'><strong>eo</strong></span> <span class='ocrx_word' id='word_1_153' title='bbox 3184 2460 3395 2533; x_wconf 88' lang='lat' dir='ltr'><strong>debet</strong></span> <span class='ocrx_word' id='word_1_154' title='bbox 3424 2461 3516 2531; x_wconf 91' lang='lat' dir='ltr'><strong>ab</strong></span> <span class='ocrx_word' id='word_1_155' title='bbox 3546 2457 3859 2531; x_wconf 87' lang='lat' dir='ltr'><strong>omnibus</strong></span> 
     </span>
     <span class='ocr_line' id='line_1_17' title="bbox 1048 2581 3859 2681; baseline 0 -28"><span class='ocrx_word' id='word_1_156' title='bbox 1048 2582 1521 2656; x_wconf 86' lang='lat' dir='ltr'><strong>incredibilius</strong></span> <span class='ocrx_word' id='word_1_157' title='bbox 1570 2585 1876 2681; x_wconf 90' lang='lat' dir='ltr'><strong>reputari</strong></span> <span class='ocrx_word' id='word_1_158' title='bbox 1927 2587 2117 2679; x_wconf 92' lang='lat' dir='ltr'><strong>quod</strong></span> <span class='ocrx_word' id='word_1_159' title='bbox 2166 2585 2678 2678; x_wconf 83' lang='lat' dir='ltr'><strong>magnificentie</strong></span> <span class='ocrx_word' id='word_1_160' title='bbox 2734 2594 2969 2657; x_wconf 90' lang='lat' dir='ltr'><strong>nostre</strong></span> <span class='ocrx_word' id='word_1_161' title='bbox 3039 2586 3217 2657; x_wconf 84' lang='lat' dir='ltr'><strong>foret</strong></span> <span class='ocrx_word' id='word_1_162' title='bbox 3273 2582 3672 2677; x_wconf 87' lang='lat' dir='ltr'><strong>hujusmodi</strong></span> <span class='ocrx_word' id='word_1_163' title='bbox 3724 2581 3859 2654; x_wconf 90' lang='lat' dir='ltr'><strong>vile</strong></span> 
     </span>
     <span class='ocr_line' id='line_1_18' title="bbox 1050 2709 3860 2807; baseline -0.001 -27"><span class='ocrx_word' id='word_1_164' title='bbox 1050 2710 1477 2804; x_wconf 82' lang='lat' dir='ltr'><strong>propositum</strong></span> <span class='ocrx_word' id='word_1_165' title='bbox 1542 2718 1614 2782; x_wconf 88' lang='lat' dir='ltr'><strong>et</strong></span> <span class='ocrx_word' id='word_1_166' title='bbox 1665 2709 1952 2783; x_wconf 87' lang='lat' dir='ltr'><strong>victorie</strong></span> <span class='ocrx_word' id='word_1_167' title='bbox 2015 2734 2299 2807; x_wconf 90' lang='lat' dir='ltr'><strong>prorsus</strong></span> <span class='ocrx_word' id='word_1_168' title='bbox 2364 2711 2607 2783; x_wconf 89' lang='lat' dir='ltr'><strong>inutile</strong></span> <span class='ocrx_word' id='word_1_169' title='bbox 2667 2719 3091 2783; x_wconf 87' lang='lat' dir='ltr'><strong>censeretur.</strong></span> <span class='ocrx_word' id='word_1_170' title='bbox 3156 2709 3324 2796; x_wconf 88' lang='lat' dir='ltr'><strong>Quis</strong></span> <span class='ocrx_word' id='word_1_171' title='bbox 3382 2709 3638 2782; x_wconf 90' lang='lat' dir='ltr'><strong>etenim</strong></span> <span class='ocrx_word' id='word_1_172' title='bbox 3699 2727 3860 2780; x_wconf 90' lang='lat' dir='ltr'><strong>sane</strong></span> 
     </span>
     <span class='ocr_line' id='line_1_19' title="bbox 1055 2831 3858 2929; baseline -0 -24"><span class='ocrx_word' id='word_1_173' title='bbox 1055 2833 1307 2905; x_wconf 90' lang='lat' dir='ltr'><strong>mentis</strong></span> <span class='ocrx_word' id='word_1_174' title='bbox 1356 2832 1491 2907; x_wconf 88' lang='lat' dir='ltr'><strong>hoc</strong></span> <span class='ocrx_word' id='word_1_175' title='bbox 1537 2834 1853 2908; x_wconf 90' lang='lat' dir='ltr'><strong>crederet</strong></span> <span class='ocrx_word' id='word_1_176' title='bbox 1916 2855 2045 2909; x_wconf 93' lang='lat' dir='ltr'><strong>nos</strong></span> <span class='ocrx_word' id='word_1_177' title='bbox 2090 2835 2415 2909; x_wconf 85' lang='lat' dir='ltr'><strong>illi&#39;velle</strong></span> <span class='ocrx_word' id='word_1_178' title='bbox 2470 2845 2763 2909; x_wconf 90' lang='lat' dir='ltr'><strong>mortem</strong></span> <span class='ocrx_word' id='word_1_179' title='bbox 2810 2833 3150 2909; x_wconf 87' lang='lat' dir='ltr'><strong>conficere</strong></span> <span class='ocrx_word' id='word_1_180' title='bbox 3194 2835 3395 2929; x_wconf 84' lang='lat' dir='ltr'><strong>cujus</strong></span> <span class='ocrx_word' id='word_1_181' title='bbox 3444 2854 3632 2908; x_wconf 89' lang='lat' dir='ltr'><strong>mors</strong></span> <span class='ocrx_word' id='word_1_182' title='bbox 3673 2831 3858 2906; x_wconf 84' lang='lat' dir='ltr'><strong>litem</strong></span> 
     </span>
     <span class='ocr_line' id='line_1_20' title="bbox 1051 2956 3855 3055; baseline 0.001 -26"><span class='ocrx_word' id='word_1_183' title='bbox 1051 2956 1253 3029; x_wconf 89' lang='lat' dir='ltr'><strong>istam</strong></span> <span class='ocrx_word' id='word_1_184' title='bbox 1294 2957 1495 3029; x_wconf 90' lang='lat' dir='ltr'><strong>nobis</strong></span> <span class='ocrx_word' id='word_1_185' title='bbox 1535 2967 1606 3029; x_wconf 87' lang='lat' dir='ltr'><strong>et</strong></span> <span class='ocrx_word' id='word_1_186' title='bbox 1651 2959 1943 3052; x_wconf 90' lang='lat' dir='ltr'><strong>posteris</strong></span> <span class='ocrx_word' id='word_1_187' title='bbox 1992 2961 2247 3032; x_wconf 88' lang='lat' dir='ltr'><strong>nostris</strong></span> <span class='ocrx_word' id='word_1_188' title='bbox 2289 2960 2592 3033; x_wconf 90' lang='lat' dir='ltr'><strong>efficeret</strong></span> <span class='ocrx_word' id='word_1_189' title='bbox 2636 2961 3129 3052; x_wconf 87' lang='lat' dir='ltr'><strong>immortalem,</strong></span> <span class='ocrx_word' id='word_1_190' title='bbox 3164 2960 3254 3032; x_wconf 89' lang='lat' dir='ltr'><strong>ad</strong></span> <span class='ocrx_word' id='word_1_191' title='bbox 3302 2961 3500 3053; x_wconf 88' lang='lat' dir='ltr'><strong>cujus</strong></span> <span class='ocrx_word' id='word_1_192' title='bbox 3547 2981 3855 3055; x_wconf 84' lang='lat' dir='ltr'><strong>assump-</strong></span> 
     </span>
     <span class='ocr_line' id='line_1_21' title="bbox 1053 3081 3857 3181; baseline 0.001 -27"><span class='ocrx_word' id='word_1_193' title='bbox 1053 3081 1310 3154; x_wconf 90' lang='lat' dir='ltr'><strong>tionem</strong></span> <span class='ocrx_word' id='word_1_194' title='bbox 1352 3092 1611 3176; x_wconf 87' lang='lat' dir='ltr'><strong>papatu</strong></span> <span class='ocrx_word' id='word_1_195' title='bbox 1650 3093 1943 3154; x_wconf 89' lang='lat' dir='ltr'><strong>vacante</strong></span> <span class='ocrx_word' id='word_1_196' title='bbox 1992 3085 2153 3156; x_wconf 89' lang='lat' dir='ltr'><strong>totis</strong></span> <span class='ocrx_word' id='word_1_197' title='bbox 2198 3085 2678 3159; x_wconf 86' lang='lat' dir='ltr'><strong>conaminibus</strong></span> <span class='ocrx_word' id='word_1_198' title='bbox 2721 3086 3141 3159; x_wconf 87' lang='lat' dir='ltr'><strong>intendimus</strong></span> <span class='ocrx_word' id='word_1_199' title='bbox 3161 3139 3182 3179; x_wconf 96' lang='lat'><strong>,</strong></span> <span class='ocrx_word' id='word_1_200' title='bbox 3218 3108 3608 3181; x_wconf 88' lang='lat' dir='ltr'><strong>quumque,</strong></span> <span class='ocrx_word' id='word_1_201' title='bbox 3655 3086 3857 3158; x_wconf 88' lang='lat' dir='ltr'><strong>rebus</strong></span> 
     </span>
    </p>
   </div>
   <div class='ocr_carea' id='block_1_3' title="bbox 1039 3363 3858 4792">
    <p class='ocr_par' dir='ltr' id='par_1_3' title="bbox 1039 3363 3858 4792">
     <span class='ocr_line' id='line_1_22' title="bbox 1125 3363 3855 3444; baseline 0.002 -23"><span class='ocrx_word' id='word_1_202' title='bbox 1125 3363 1196 3438; x_wconf 80' lang='lat' dir='ltr'><strong>(t)</strong></span> <span class='ocrx_word' id='word_1_203' title='bbox 1228 3366 1306 3422; x_wconf 90' lang='lat' dir='ltr'><strong>De</strong></span> <span class='ocrx_word' id='word_1_204' title='bbox 1329 3381 1395 3423; x_wconf 88' lang='lat' dir='ltr'><strong>ea</strong></span> <span class='ocrx_word' id='word_1_205' title='bbox 1417 3381 1478 3423; x_wconf 92' lang='lat' dir='ltr'><strong>re</strong></span> <span class='ocrx_word' id='word_1_206' title='bbox 1506 3365 1678 3424; x_wconf 87' lang='lat' dir='ltr'><strong>multa</strong></span> <span class='ocrx_word' id='word_1_207' title='bbox 1700 3374 1825 3425; x_wconf 85' lang='lat' dir='ltr'><strong>sunt</strong></span> <span class='ocrx_word' id='word_1_208' title='bbox 1848 3368 1987 3442; x_wconf 91' lang='lat' dir='ltr'><strong>apud</strong></span> <span class='ocrx_word' id='word_1_209' title='bbox 2007 3368 2303 3425; x_wconf 79' lang='lat' dir='ltr'><strong>Mattheum</strong></span> <span class='ocrx_word' id='word_1_210' title='bbox 2322 3369 2516 3442; x_wconf 85' lang='lat' dir='ltr'><strong>Paris.;</strong></span> <span class='ocrx_word' id='word_1_211' title='bbox 2542 3370 2685 3428; x_wconf 90' lang='lat' dir='ltr'><strong>unde</strong></span> <span class='ocrx_word' id='word_1_212' title='bbox 2710 3385 2853 3444; x_wconf 88' lang='lat' dir='ltr'><strong>quae</strong></span> <span class='ocrx_word' id='word_1_213' title='bbox 2880 3376 3178 3444; x_wconf 86' lang='lat' dir='ltr'><strong>sequuntur</strong></span> <span class='ocrx_word' id='word_1_214' title='bbox 3202 3368 3532 3428; x_wconf 78' lang='lat' dir='ltr'><strong>detrahimus</strong></span> <span class='ocrx_word' id='word_1_215' title='bbox 3552 3386 3566 3425; x_wconf 71' lang='grc' dir='ltr'><strong><em>ι</em></strong></span> <span class='ocrx_word' id='word_1_216' title='bbox 3585 3388 3614 3425; x_wconf 73' lang='grc' dir='ltr'>ι</span> <span class='ocrx_word' id='word_1_217' title='bbox 3641 3367 3855 3427; x_wconf 77' lang='lat' dir='ltr'><strong>Eisdem</strong></span> 
     </span>
     <span class='ocr_line' id='line_1_23' title="bbox 1048 3461 3857 3540; baseline 0.001 -20"><span class='ocrx_word' id='word_1_218' title='bbox 1048 3461 1240 3520; x_wconf 89' lang='lat' dir='ltr'><strong>diebus</strong></span> <span class='ocrx_word' id='word_1_219' title='bbox 1284 3463 1450 3536; x_wconf 88' lang='lat' dir='ltr'><strong>(anno</strong></span> <span class='ocrx_word' id='word_1_220' title='bbox 1489 3468 1626 3522; x_wconf 71' lang='lat'><strong>⁴246</strong></span> <span class='ocrx_word' id='word_1_221' title='bbox 1663 3465 1717 3522; x_wconf 93' lang='lat' dir='ltr'><strong>in</strong></span> <span class='ocrx_word' id='word_1_222' title='bbox 1751 3466 1882 3540; x_wconf 87' lang='lat' dir='ltr'><strong>fine)</strong></span> <span class='ocrx_word' id='word_1_223' title='bbox 1914 3467 2211 3524; x_wconf 80' lang='lat' dir='ltr'><strong>transmissi</strong></span> <span class='ocrx_word' id='word_1_224' title='bbox 2240 3466 2455 3525; x_wconf 86' lang='lat' dir='ltr'><strong>fuerunt</strong></span> <span class='ocrx_word' id='word_1_225' title='bbox 2481 3468 2552 3526; x_wconf 91' lang='lat' dir='ltr'><strong>ad</strong></span> <span class='ocrx_word' id='word_1_226' title='bbox 2576 3468 2783 3527; x_wconf 88' lang='lat' dir='ltr'><strong>curiam</strong></span> <span class='ocrx_word' id='word_1_227' title='bbox 2818 3470 3112 3528; x_wconf 82' lang='lat' dir='ltr'><strong>Romanam</strong></span> <span class='ocrx_word' id='word_1_228' title='bbox 3139 3468 3246 3526; x_wconf 88' lang='lat' dir='ltr'><strong>duo</strong></span> <span class='ocrx_word' id='word_1_229' title='bbox 3273 3468 3553 3527; x_wconf 71' lang='lat' dir='ltr'><strong>facinorosi</strong></span> <span class='ocrx_word' id='word_1_230' title='bbox 3590 3466 3857 3526; x_wconf 62' lang='lat' dir='ltr'><strong>munerarii</strong></span> 
     </span>
     <span class='ocr_line' id='line_1_24' title="bbox 1048 3560 3854 3640; baseline 0.001 -23"><span class='ocrx_word' id='word_1_231' title='bbox 1048 3576 1145 3634; x_wconf 90' lang='lat' dir='ltr'><strong>per</strong></span> <span class='ocrx_word' id='word_1_232' title='bbox 1177 3560 1517 3619; x_wconf 83' lang='lat' dir='ltr'><strong>Fredericum</strong></span> <span class='ocrx_word' id='word_1_233' title='bbox 1535 3604 1550 3634; x_wconf 94' lang='lat'><strong>,</strong></span> <span class='ocrx_word' id='word_1_234' title='bbox 1589 3562 1683 3636; x_wconf 91' lang='lat' dir='ltr'><strong>qui</strong></span> <span class='ocrx_word' id='word_1_235' title='bbox 1710 3578 1857 3620; x_wconf 88' lang='lat' dir='ltr'><strong>more</strong></span> <span class='ocrx_word' id='word_1_236' title='bbox 1886 3564 2261 3621; x_wconf 82' lang='lat' dir='ltr'><strong>Assesinarum</strong></span> <span class='ocrx_word' id='word_1_237' title='bbox 2286 3565 2563 3622; x_wconf 88' lang='lat' dir='ltr'><strong>dominum</strong></span> <span class='ocrx_word' id='word_1_238' title='bbox 2586 3581 2781 3640; x_wconf 87' lang='lat' dir='ltr'><strong>papam</strong></span> <span class='ocrx_word' id='word_1_239' title='bbox 2809 3566 3034 3625; x_wconf 87' lang='lat' dir='ltr'><strong>subdola</strong></span> <span class='ocrx_word' id='word_1_240' title='bbox 3064 3565 3454 3640; x_wconf 84' lang='lat' dir='ltr'><strong>conspiratione</strong></span> <span class='ocrx_word' id='word_1_241' title='bbox 3478 3563 3854 3623; x_wconf 83' lang='lat' dir='ltr'><strong>interficerent.</strong></span> 
     </span>
     <span class='ocr_line' id='line_1_25' title="bbox 1046 3659 3857 3740; baseline 0.001 -23"><span class='ocrx_word' id='word_1_242' title='bbox 1046 3659 1191 3717; x_wconf 89' lang='lat' dir='ltr'><strong>Casu</strong></span> <span class='ocrx_word' id='word_1_243' title='bbox 1219 3660 1377 3733; x_wconf 83' lang='lat' dir='ltr'><strong>igitur</strong></span> <span class='ocrx_word' id='word_1_244' title='bbox 1404 3661 1676 3734; x_wconf 88' lang='lat' dir='ltr'><strong>inopinato</strong></span> <span class='ocrx_word' id='word_1_245' title='bbox 1703 3662 1846 3735; x_wconf 90' lang='lat' dir='ltr'><strong>capti</strong></span> <span class='ocrx_word' id='word_1_246' title='bbox 1881 3669 2008 3719; x_wconf 88' lang='lat' dir='ltr'><strong>sunt</strong></span> <span class='ocrx_word' id='word_1_247' title='bbox 2038 3670 2091 3719; x_wconf 90' lang='lat' dir='ltr'><strong>et</strong></span> <span class='ocrx_word' id='word_1_248' title='bbox 2120 3663 2463 3735; x_wconf 87' lang='lat' dir='ltr'><strong>incarcerati,</strong></span> <span class='ocrx_word' id='word_1_249' title='bbox 2492 3664 2750 3737; x_wconf 85' lang='lat' dir='ltr'><strong>judicium</strong></span> <span class='ocrx_word' id='word_1_250' title='bbox 2776 3680 2939 3740; x_wconf 87' lang='lat' dir='ltr'><strong>super</strong></span> <span class='ocrx_word' id='word_1_251' title='bbox 2967 3665 3171 3722; x_wconf 89' lang='lat' dir='ltr'><strong>crimen</strong></span> <span class='ocrx_word' id='word_1_252' title='bbox 3200 3665 3310 3723; x_wconf 91' lang='lat' dir='ltr'><strong>lese</strong></span> <span class='ocrx_word' id='word_1_253' title='bbox 3336 3663 3627 3738; x_wconf 85' lang='lat' dir='ltr'><strong>majestatis</strong></span> <span class='ocrx_word' id='word_1_254' title='bbox 3657 3679 3857 3739; x_wconf 82' lang='lat' dir='ltr'><strong>expec-</strong></span> 
     </span>
     <span class='ocr_line' id='line_1_26' title="bbox 1047 3756 3854 3835; baseline 0.001 -22"><span class='ocrx_word' id='word_1_255' title='bbox 1047 3761 1242 3814; x_wconf 88' lang='lat' dir='ltr'><strong>tantes.</strong></span> <span class='ocrx_word' id='word_1_256' title='bbox 1275 3756 1514 3813; x_wconf 81' lang='lat' dir='ltr'><strong>Fuerunt</strong></span> <span class='ocrx_word' id='word_1_257' title='bbox 1545 3762 1725 3814; x_wconf 90' lang='lat' dir='ltr'><strong>tamen</strong></span> <span class='ocrx_word' id='word_1_258' title='bbox 1752 3759 1842 3831; x_wconf 90' lang='lat' dir='ltr'><strong>qui</strong></span> <span class='ocrx_word' id='word_1_259' title='bbox 1871 3758 2114 3815; x_wconf 88' lang='lat' dir='ltr'><strong>dicerent</strong></span> <span class='ocrx_word' id='word_1_260' title='bbox 2145 3759 2250 3817; x_wconf 92' lang='lat' dir='ltr'><strong>hoc</strong></span> <span class='ocrx_word' id='word_1_261' title='bbox 2276 3766 2450 3818; x_wconf 86' lang='lat' dir='ltr'><strong>astute</strong></span> <span class='ocrx_word' id='word_1_262' title='bbox 2480 3760 2644 3818; x_wconf 85' lang='lat' dir='ltr'><strong>fuisse</strong></span> <span class='ocrx_word' id='word_1_263' title='bbox 2679 3761 3025 3819; x_wconf 85' lang='lat' dir='ltr'><strong>adinventum</strong></span> <span class='ocrx_word' id='word_1_264' title='bbox 3048 3769 3104 3820; x_wconf 91' lang='lat' dir='ltr'><strong>et</strong></span> <span class='ocrx_word' id='word_1_265' title='bbox 3126 3760 3492 3820; x_wconf 77' lang='lat' dir='ltr'><strong>fraudulenter</strong></span> <span class='ocrx_word' id='word_1_266' title='bbox 3520 3766 3854 3835; x_wconf 84' lang='lat' dir='ltr'><strong>procuratum</strong></span> 
     </span>
     <span class='ocr_line' id='line_1_27' title="bbox 1044 3853 3856 3933; baseline 0.002 -24"><span class='ocrx_word' id='word_1_267' title='bbox 1044 3859 1107 3909; x_wconf 89' lang='lat' dir='ltr'><strong>ut</strong></span> <span class='ocrx_word' id='word_1_268' title='bbox 1132 3853 1337 3911; x_wconf 88' lang='lat' dir='ltr'><strong>scilicet</strong></span> <span class='ocrx_word' id='word_1_269' title='bbox 1357 3854 1676 3911; x_wconf 79' lang='lat' dir='ltr'><strong>Fredericus</strong></span> <span class='ocrx_word' id='word_1_270' title='bbox 1702 3855 1793 3927; x_wconf 91' lang='lat' dir='ltr'><strong>qui</strong></span> <span class='ocrx_word' id='word_1_271' title='bbox 1820 3854 1925 3912; x_wconf 89' lang='lat' dir='ltr'><strong>sibi</strong></span> <span class='ocrx_word' id='word_1_272' title='bbox 1951 3855 2280 3913; x_wconf 88' lang='lat' dir='ltr'><strong>consimilem</strong></span> <span class='ocrx_word' id='word_1_273' title='bbox 2303 3872 2489 3914; x_wconf 89' lang='lat' dir='ltr'><strong>casum</strong></span> <span class='ocrx_word' id='word_1_274' title='bbox 2516 3874 2659 3932; x_wconf 84' lang='lat' dir='ltr'><strong>papa</strong></span> <span class='ocrx_word' id='word_1_275' title='bbox 2684 3865 3005 3932; x_wconf 84' lang='lat' dir='ltr'><strong>procurante</strong></span> <span class='ocrx_word' id='word_1_276' title='bbox 3030 3875 3203 3933; x_wconf 89' lang='lat' dir='ltr'><strong>nuper</strong></span> <span class='ocrx_word' id='word_1_277' title='bbox 3228 3859 3517 3932; x_wconf 78' lang='lat' dir='ltr'><strong>contigisse</strong></span> <span class='ocrx_word' id='word_1_278' title='bbox 3536 3864 3856 3932; x_wconf 75' lang='lat' dir='ltr'><strong>protestatus</strong></span> 
     </span>
     <span class='ocr_line' id='line_1_28' title="bbox 1046 3947 3855 4027; baseline 0.002 -24"><span class='ocrx_word' id='word_1_279' title='bbox 1046 3952 1157 4019; x_wconf 88' lang='lat' dir='ltr'><strong>est,</strong></span> <span class='ocrx_word' id='word_1_280' title='bbox 1188 3947 1448 4004; x_wconf 85' lang='lat' dir='ltr'><strong>consimili</strong></span> <span class='ocrx_word' id='word_1_281' title='bbox 1485 3947 1645 4020; x_wconf 89' lang='lat' dir='ltr'><strong>culpa</strong></span> <span class='ocrx_word' id='word_1_282' title='bbox 1682 3948 2074 4007; x_wconf 77' lang='lat' dir='ltr'><strong>diffamaretur.</strong></span> <span class='ocrx_word' id='word_1_283' title='bbox 2120 3968 2147 4002; x_wconf 73' lang='grc' dir='ltr'><strong>ι</strong></span> <span class='ocrx_word' id='word_1_284' title='bbox 2177 3950 2247 4006; x_wconf 89' lang='lat' dir='ltr'><strong>Et</strong></span> <span class='ocrx_word' id='word_1_285' title='bbox 2288 3950 2466 4009; x_wconf 85' lang='lat' dir='ltr'><strong>infra:</strong></span> <span class='ocrx_word' id='word_1_286' title='bbox 2498 3972 2525 4005; x_wconf 72' lang='grc' dir='ltr'>ι</span> <span class='ocrx_word' id='word_1_287' title='bbox 2555 3951 2710 4009; x_wconf 87' lang='lat' dir='ltr'><strong>Circa</strong></span> <span class='ocrx_word' id='word_1_288' title='bbox 2737 3952 2929 4011; x_wconf 90' lang='lat' dir='ltr'><strong>eadem</strong></span> <span class='ocrx_word' id='word_1_289' title='bbox 2971 3959 3211 4027; x_wconf 86' lang='lat' dir='ltr'><strong>tempora</strong></span> <span class='ocrx_word' id='word_1_290' title='bbox 3255 3956 3418 4023; x_wconf 83' lang='lat' dir='ltr'><strong>(anno</strong></span> <span class='ocrx_word' id='word_1_291' title='bbox 3455 3953 3595 4011; x_wconf 76' lang='lat'><strong>⁴247</strong></span> <span class='ocrx_word' id='word_1_292' title='bbox 3617 3950 3855 4025; x_wconf 89' lang='lat' dir='ltr'><strong>ineunte)</strong></span> 
     </span>
     <span class='ocr_line' id='line_1_29' title="bbox 1046 4044 3858 4125; baseline 0.001 -23"><span class='ocrx_word' id='word_1_293' title='bbox 1046 4045 1190 4119; x_wconf 89' lang='lat' dir='ltr'><strong>capti</strong></span> <span class='ocrx_word' id='word_1_294' title='bbox 1218 4052 1343 4101; x_wconf 90' lang='lat' dir='ltr'><strong>sunt</strong></span> <span class='ocrx_word' id='word_1_295' title='bbox 1368 4044 1475 4101; x_wconf 90' lang='lat' dir='ltr'><strong>duo</strong></span> <span class='ocrx_word' id='word_1_296' title='bbox 1503 4045 1700 4102; x_wconf 85' lang='lat' dir='ltr'><strong>milites</strong></span> <span class='ocrx_word' id='word_1_297' title='bbox 1732 4045 1892 4102; x_wconf 87' lang='lat' dir='ltr'><strong>italici</strong></span> <span class='ocrx_word' id='word_1_298' title='bbox 1920 4047 2160 4120; x_wconf 85' lang='lat' dir='ltr'><strong>Lugduni</strong></span> <span class='ocrx_word' id='word_1_299' title='bbox 2197 4063 2293 4120; x_wconf 88' lang='lat' dir='ltr'><strong>pro</strong></span> <span class='ocrx_word' id='word_1_300' title='bbox 2322 4049 2511 4106; x_wconf 87' lang='lat' dir='ltr'><strong>eadem</strong></span> <span class='ocrx_word' id='word_1_301' title='bbox 2534 4064 2720 4121; x_wconf 89' lang='lat' dir='ltr'><strong>causa,</strong></span> <span class='ocrx_word' id='word_1_302' title='bbox 2751 4051 2842 4123; x_wconf 91' lang='lat' dir='ltr'><strong>qui</strong></span> <span class='ocrx_word' id='word_1_303' title='bbox 2871 4058 2993 4124; x_wconf 89' lang='lat' dir='ltr'><strong>post</strong></span> <span class='ocrx_word' id='word_1_304' title='bbox 3016 4052 3320 4125; x_wconf 86' lang='lat' dir='ltr'><strong>captionem</strong></span> <span class='ocrx_word' id='word_1_305' title='bbox 3341 4067 3494 4108; x_wconf 86' lang='lat' dir='ltr'><strong>suam</strong></span> <span class='ocrx_word' id='word_1_306' title='bbox 3521 4049 3858 4108; x_wconf 83' lang='lat' dir='ltr'><strong>affirmabant</strong></span> 
     </span>
     <span class='ocr_line' id='line_1_30' title="bbox 1045 4142 3851 4224; baseline 0.004 -27"><span class='ocrx_word' id='word_1_307' title='bbox 1045 4142 1260 4198; x_wconf 90' lang='lat' dir='ltr'><strong>circiter</strong></span> <span class='ocrx_word' id='word_1_308' title='bbox 1287 4142 1640 4216; x_wconf 83' lang='lat' dir='ltr'><strong>quadraginta</strong></span> <span class='ocrx_word' id='word_1_309' title='bbox 1677 4143 1869 4200; x_wconf 83' lang='lat' dir='ltr'><strong>milites</strong></span> <span class='ocrx_word' id='word_1_310' title='bbox 1895 4144 2283 4204; x_wconf 86' lang='lat' dir='ltr'><strong>audacissimos</strong></span> <span class='ocrx_word' id='word_1_311' title='bbox 2311 4146 2368 4203; x_wconf 92' lang='lat' dir='ltr'><strong>in</strong></span> <span class='ocrx_word' id='word_1_312' title='bbox 2393 4163 2582 4205; x_wconf 88' lang='lat' dir='ltr'><strong>necem</strong></span> <span class='ocrx_word' id='word_1_313' title='bbox 2619 4164 2794 4222; x_wconf 87' lang='lat' dir='ltr'><strong>papae</strong></span> <span class='ocrx_word' id='word_1_314' title='bbox 2831 4149 3094 4222; x_wconf 88' lang='lat' dir='ltr'><strong>praestito</strong></span> <span class='ocrx_word' id='word_1_315' title='bbox 3122 4156 3459 4208; x_wconf 88' lang='lat' dir='ltr'><strong>sacramento</strong></span> <span class='ocrx_word' id='word_1_316' title='bbox 3491 4149 3851 4224; x_wconf 79' lang='lat' dir='ltr'><strong>conspirasse;</strong></span> 
     </span>
     <span class='ocr_line' id='line_1_31' title="bbox 1045 4237 3855 4321; baseline 0.004 -28"><span class='ocrx_word' id='word_1_317' title='bbox 1045 4237 1208 4310; x_wconf 84' lang='lat' dir='ltr'><strong>quisi</strong></span> <span class='ocrx_word' id='word_1_318' title='bbox 1236 4239 1394 4297; x_wconf 80' lang='lat' dir='ltr'><strong>etiam</strong></span> <span class='ocrx_word' id='word_1_319' title='bbox 1421 4240 1733 4298; x_wconf 81' lang='lat' dir='ltr'><strong>Fredericus</strong></span> <span class='ocrx_word' id='word_1_320' title='bbox 1767 4240 2050 4299; x_wconf 86' lang='lat' dir='ltr'><strong>defunctus</strong></span> <span class='ocrx_word' id='word_1_321' title='bbox 2078 4250 2252 4314; x_wconf 86' lang='lat' dir='ltr'><strong>esset,</strong></span> <span class='ocrx_word' id='word_1_322' title='bbox 2279 4251 2500 4319; x_wconf 90' lang='lat' dir='ltr'><strong>propter</strong></span> <span class='ocrx_word' id='word_1_323' title='bbox 2530 4245 2734 4303; x_wconf 82' lang='lat' dir='ltr'><strong>nullam</strong></span> <span class='ocrx_word' id='word_1_324' title='bbox 2770 4246 2960 4304; x_wconf 90' lang='lat' dir='ltr'><strong>mortis</strong></span> <span class='ocrx_word' id='word_1_325' title='bbox 2983 4263 3212 4321; x_wconf 88' lang='lat' dir='ltr'><strong>poenam</strong></span> <span class='ocrx_word' id='word_1_326' title='bbox 3247 4264 3353 4306; x_wconf 92' lang='lat' dir='ltr'><strong>non</strong></span> <span class='ocrx_word' id='word_1_327' title='bbox 3387 4248 3695 4305; x_wconf 77' lang='lat' dir='ltr'><strong>omitterent</strong></span> <span class='ocrx_word' id='word_1_328' title='bbox 3722 4247 3855 4319; x_wconf 89' lang='lat' dir='ltr'><strong>quin</strong></span> 
     </span>
     <span class='ocr_line' id='line_1_32' title="bbox 1045 4334 3851 4415; baseline 0.003 -24"><span class='ocrx_word' id='word_1_329' title='bbox 1045 4334 1223 4409; x_wconf 88' lang='lat' dir='ltr'><strong>ipsum</strong></span> <span class='ocrx_word' id='word_1_330' title='bbox 1270 4354 1463 4411; x_wconf 90' lang='lat' dir='ltr'><strong>papam</strong></span> <span class='ocrx_word' id='word_1_331' title='bbox 1499 4339 1665 4397; x_wconf 89' lang='lat' dir='ltr'><strong>totius</strong></span> <span class='ocrx_word' id='word_1_332' title='bbox 1698 4338 1884 4396; x_wconf 90' lang='lat' dir='ltr'><strong>mundi</strong></span> <span class='ocrx_word' id='word_1_333' title='bbox 1933 4341 2362 4413; x_wconf 87' lang='lat' dir='ltr'><strong>perturbatorem</strong></span> <span class='ocrx_word' id='word_1_334' title='bbox 2396 4348 2454 4399; x_wconf 92' lang='lat' dir='ltr'><strong>et</strong></span> <span class='ocrx_word' id='word_1_335' title='bbox 2486 4341 2758 4402; x_wconf 77' lang='lat' dir='ltr'><strong>Ecclesiae</strong></span> <span class='ocrx_word' id='word_1_336' title='bbox 2791 4345 3175 4403; x_wconf 83' lang='lat' dir='ltr'><strong>maculatorem</strong></span> <span class='ocrx_word' id='word_1_337' title='bbox 3208 4345 3265 4402; x_wconf 93' lang='lat' dir='ltr'><strong>in</strong></span> <span class='ocrx_word' id='word_1_338' title='bbox 3298 4344 3471 4402; x_wconf 79' lang='lat' dir='ltr'><strong>frusta</strong></span> <span class='ocrx_word' id='word_1_339' title='bbox 3500 4343 3851 4415; x_wconf 77' lang='lat' dir='ltr'><strong>trucidarent,</strong></span> 
     </span>
     <span class='ocr_line' id='line_1_33' title="bbox 1045 4432 3857 4515; baseline 0.002 -24"><span class='ocrx_word' id='word_1_340' title='bbox 1045 4432 1330 4491; x_wconf 85' lang='lat' dir='ltr'><strong>credentes</strong></span> <span class='ocrx_word' id='word_1_341' title='bbox 1365 4433 1667 4493; x_wconf 86' lang='lat' dir='ltr'><strong>firmissime</strong></span> <span class='ocrx_word' id='word_1_342' title='bbox 1702 4452 1763 4494; x_wconf 91' lang='lat' dir='ltr'><strong>se</strong></span> <span class='ocrx_word' id='word_1_343' title='bbox 1795 4437 1906 4495; x_wconf 89' lang='lat' dir='ltr'><strong>Deo</strong></span> <span class='ocrx_word' id='word_1_344' title='bbox 1940 4445 1996 4494; x_wconf 90' lang='lat' dir='ltr'><strong>et</strong></span> <span class='ocrx_word' id='word_1_345' title='bbox 2029 4438 2336 4496; x_wconf 90' lang='lat' dir='ltr'><strong>hominibus</strong></span> <span class='ocrx_word' id='word_1_346' title='bbox 2373 4439 2634 4513; x_wconf 87' lang='lat' dir='ltr'><strong>placentia</strong></span> <span class='ocrx_word' id='word_1_347' title='bbox 2665 4457 3063 4501; x_wconf 86' lang='lat' dir='ltr'><strong>consummasse</strong></span> <span class='ocrx_word' id='word_1_348' title='bbox 3092 4445 3138 4500; x_wconf 89' lang='lat' dir='ltr'><strong>si</strong></span> <span class='ocrx_word' id='word_1_349' title='bbox 3166 4442 3326 4500; x_wconf 89' lang='lat' dir='ltr'><strong>talem</strong></span> <span class='ocrx_word' id='word_1_350' title='bbox 3357 4441 3581 4499; x_wconf 89' lang='lat' dir='ltr'><strong>feliciter</strong></span> <span class='ocrx_word' id='word_1_351' title='bbox 3608 4439 3857 4515; x_wconf 83' lang='lat' dir='ltr'><strong>jugulas-</strong></span> 
     </span>
     <span class='ocr_line' id='line_1_34' title="bbox 1042 4532 3855 4613; baseline 0.002 -23"><span class='ocrx_word' id='word_1_352' title='bbox 1042 4537 1182 4591; x_wconf 89' lang='lat' dir='ltr'><strong>sent.</strong></span> <span class='ocrx_word' id='word_1_353' title='bbox 1213 4551 1240 4585; x_wconf 69' lang='grc' dir='ltr'>υ</span> <span class='ocrx_word' id='word_1_354' title='bbox 1267 4532 1416 4590; x_wconf 77' lang='lat' dir='ltr'><strong>Hist.</strong></span> <span class='ocrx_word' id='word_1_355' title='bbox 1449 4534 1587 4607; x_wconf 76' lang='lat' dir='ltr'><strong>maj.</strong></span> <span class='ocrx_word' id='word_1_356' title='bbox 1618 4534 1861 4608; x_wconf 67' lang='lat' dir='ltr'><strong>Anylor„</strong></span> <span class='ocrx_word' id='word_1_357' title='bbox 1896 4552 1952 4609; x_wconf 90' lang='lat' dir='ltr'><strong>p.</strong></span> <span class='ocrx_word' id='word_1_358' title='bbox 1982 4538 2245 4594; x_wconf 74' lang='lat' dir='ltr'><strong>tet-486.</strong></span> <span class='ocrx_word' id='word_1_359' title='bbox 2273 4537 2401 4598; x_wconf 83' lang='lat' dir='ltr'><strong>vid.</strong></span> <span class='ocrx_word' id='word_1_360' title='bbox 2430 4539 2592 4596; x_wconf 89' lang='lat' dir='ltr'><strong>etiam</strong></span> <span class='ocrx_word' id='word_1_361' title='bbox 2617 4538 2814 4597; x_wconf 90' lang='lat' dir='ltr'><strong>ibidem</strong></span> <span class='ocrx_word' id='word_1_362' title='bbox 2840 4540 3199 4599; x_wconf 88' lang='lat' dir='ltr'><strong>narrationem</strong></span> <span class='ocrx_word' id='word_1_363' title='bbox 3225 4540 3294 4596; x_wconf 89' lang='lat' dir='ltr'><strong>de</strong></span> <span class='ocrx_word' id='word_1_364' title='bbox 3320 4538 3600 4613; x_wconf 88' lang='lat' dir='ltr'><strong>Radulpho</strong></span> <span class='ocrx_word' id='word_1_365' title='bbox 3622 4538 3855 4612; x_wconf 89' lang='lat' dir='ltr'><strong>quodam</strong></span> 
     </span>
     <span class='ocr_line' id='line_1_35' title="bbox 1040 4616 3849 4713; baseline 0.003 -25"><span class='ocrx_word' id='word_1_366' title='bbox 1040 4630 1211 4688; x_wconf 72' lang='lat' dir='ltr'><strong>muita</strong></span> <span class='ocrx_word' id='word_1_367' title='bbox 1243 4647 1275 4688; x_wconf 81' lang='lat' dir='ltr'><strong>a</strong></span> <span class='ocrx_word' id='word_1_368' title='bbox 1303 4629 1579 4689; x_wconf 67' lang='lat' dir='ltr'><strong>euntem</strong></span> <span class='ocrx_word' id='word_1_369' title='bbox 1611 4632 1682 4690; x_wconf 75' lang='lat' dir='ltr'><strong>do</strong></span> <span class='ocrx_word' id='word_1_370' title='bbox 1716 4633 1860 4693; x_wconf 74' lang='lat' dir='ltr'><strong>ocm</strong></span> <span class='ocrx_word' id='word_1_371' title='bbox 1888 4634 2037 4709; x_wconf 83' lang='lat' dir='ltr'><strong>apud</strong></span> <span class='ocrx_word' id='word_1_372' title='bbox 2064 4635 2384 4710; x_wconf 74' lang='lat' dir='ltr'><strong>Lugdunum</strong></span> <span class='ocrx_word' id='word_1_373' title='bbox 2419 4636 2474 4696; x_wconf 76' lang='lat' dir='ltr'><strong>iu</strong></span> <span class='ocrx_word' id='word_1_374' title='bbox 2506 4652 2696 4697; x_wconf 79' lang='lat' dir='ltr'><strong>necem</strong></span> <span class='ocrx_word' id='word_1_375' title='bbox 2720 4652 2893 4713; x_wconf 73' lang='lat' dir='ltr'><strong>papae</strong></span> <span class='ocrx_word' id='word_1_376' title='bbox 2922 4637 3144 4697; x_wconf 73' lang='lat' dir='ltr'><strong>iuoiuto</strong></span> <span class='ocrx_word' id='word_1_377' title='bbox 3173 4642 3231 4696; x_wconf 79' lang='lat' dir='ltr'><strong>et</strong></span> <span class='ocrx_word' id='word_1_378' title='bbox 3254 4642 3439 4713; x_wconf 74' lang='lat' dir='ltr'><strong>postea</strong></span> <span class='ocrx_word' id='word_1_379' title='bbox 3465 4616 3699 4711; x_wconf 62' lang='lat' dir='ltr'><strong>pervim</strong></span> <span class='ocrx_word' id='word_1_380' title='bbox 3736 4643 3849 4696; x_wconf 74' lang='lat' dir='ltr'><strong>tor-</strong></span> 
     </span>
     <span class='ocr_line' id='line_1_36' title="bbox 1039 4730 1774 4792; baseline 0.003 -2"><span class='ocrx_word' id='word_1_381' title='bbox 1039 4735 1345 4790; x_wconf 86' lang='lat' dir='ltr'><strong>mentorum</strong></span> <span class='ocrx_word' id='word_1_382' title='bbox 1367 4745 1484 4791; x_wconf 87' lang='lat' dir='ltr'><strong>rem</strong></span> <span class='ocrx_word' id='word_1_383' title='bbox 1509 4730 1774 4792; x_wconf 85' lang='lat' dir='ltr'><strong>confesso.</strong></span> 
     </span>
    </p>
   </div>
  </div>
 </body>
</html>
