4364 5738
1072 557 1196 620 302
2067 558 2495 621 rmnssmcl
2545 555 2894 620 sucuxnt
3503 559 3669 638 [An.
3702 559 3877 622 1245.

1073 693 1413 765 obtinere.
1469 690 1647 762 Illud
1710 690 1917 762 etiam
1962 692 2105 783 juri
2154 693 2349 784 regio
2407 703 2479 764 et
2533 692 2776 764 honori
2821 691 3352 784 conjungimus,
3406 701 3488 763 ut
3533 693 3592 764 si
3639 693 3882 787 aliquis

1075 837 1331 905 comeS,
1367 813 1619 886 nobilis
1652 822 1773 884 aut
1803 813 2303 907 ministerialis,
2336 816 2449 888 vel
2479 815 2677 887 miles
2712 815 2803 887 de
2834 834 3052 906 regno
3089 824 3213 887 tuo
3251 829 3496 888 contra
3527 825 3596 887 te
3627 827 3703 888 et
3725 838 3881 889 suc·

1073 959 1382 1010 cessores
1412 947 1566 1009 tuos
1595 946 1666 1008 et
1702 946 1955 1009 terram
1986 947 2174 1009 tuam
2211 938 2498 1011 forsitan
2530 937 2947 1028 excesserit,
2986 946 3059 1009 et
3083 959 3212 1034 pro
3241 956 3374 1010 sno
3405 960 3700 1011 excessu
3732 961 3879 1012 cus·

1076 1073 1259 1134 trum
1293 1063 1405 1133 vel
1445 1061 1858 1132 munitiones
1884 1082 2044 1132 suas
2073 1063 2165 1133 ab
2199 1062 2585 1134 excedente
2618 1083 2746 1157 per
2777 1072 2846 1133 te
2885 1062 3000 1133 vel
3046 1082 3174 1155 per
3210 1062 3504 1133 nuncios
3545 1071 3706 1134 tuos
3745 1063 3882 1156 peti

1072 1184 1440 1275 contigerit
1465 1235 1485 1274 ‚
1536 1183 1822 1277 ipsaque
1861 1185 2223 1277 negaverit
2261 1186 2650 1278 assignare,
2696 1185 2924 1279 ipsum
2962 1203 3052 1254 ex
3090 1185 3251 1275 jure
3303 1183 3491 1276 reme
3535 1183 3884 1277 dignitatis

1072 1329 1199 1402 per
1252 1305 1666 1379 sententiam
1704 1307 1896 1378 curie
1941 1319 2058 1379 tue
2113 1308 2404 1379 bannire
2461 1317 2535 1379 et
2581 1306 2978 1379 forbannire
3027 1306 3302 1397 valeas,
3353 1306 3719 1401 ipsumque
3765 1326 3885 1380 ex-

1032 1464 1037 1467 *
1072 1442 1179 1503 tra
1214 1432 1441 1523 legem
1478 1431 1703 1501 facere
1744 1429 1969 1501 omnis
2005 1430 2179 1521 juris
2228 1430 2590 1524 suffragio,
2631 1440 2840 1524 prout
2885 1438 2992 1501 est
3039 1429 3252 1501 moris
3292 1430 3560 1523 imperii
3585 1482 3609 1520 ‚
3650 1450 3882 1502 carce·

1074 1553 1238 1624 rari.
1295 1554 1651 1643 Ceterum,
1709 1565 1789 1623 ut
1844 1572 2085 1647 pacem
2141 1563 2214 1624 et
2263 1553 2659 1645 justiciam,
2722 1574 2861 1647 que
2915 1563 3082 1624 sunt
3133 1574 3509 1647 regnorum
3576 1554 3882 1626 omnium

1074 1676 1559 1767 fundamenta,
1610 1677 1831 1770 possis
1885 1678 1955 1747 in
1997 1677 2309 1772 predicto
2350 1698 2566 1769 regno
2621 1687 2740 1749 tuo
2797 1677 3228 1749 constantius
3266 1677 3675 1768 confovere,
3725 1698 3882 1771 pre·

1076 1800 1377 1871 sentium
1427 1799 1551 1870 tibi
1600 1800 1968 1872 autoritate
2022 1800 2469 1871 concedimus
2527 1810 2609 1872 ut
2663 1798 2723 1871 si
2775 1800 2933 1892 quis
2983 1800 3058 1871 in
3122 1800 3436 1895 predicto
3490 1821 3709 1892 regno
3767 1810 3880 1871 tuo

1076 1926 1481 1995 manifestus
1513 1924 1819 1995 extiterit
1861 1925 2290 2013 malefactor,
2337 1934 2456 1995 tuo
2497 1923 2824 1996 videlicet
2858 1933 2982 1996 aut
3023 1923 3215 1996 curie
3257 1933 3375 1995 tue
3398 1923 3588 2016 justo
3622 1924 3883 2016 judicio

1075 2048 1601 2119 condemnetur.
1653 2049 1960 2140 Cumque
2005 2047 2256 2139 aliquis
2304 2047 2394 2120 de
2448 2046 2761 2141 predicto
2813 2066 3030 2140 regno
3081 2046 3417 2136 tenuerit,
3472 2047 3725 2119 foverit
3773 2047 3879 2118 vel

1076 2171 1467 2245 defenderit
1516 2170 1852 2260 eundem,
1902 2180 1975 2242 et
2012 2170 2382 2263 requisitus
2424 2182 2542 2242 tuo
2568 2170 2836 2262 judicio
2871 2170 3171 2242 noluerit
3209 2170 3597 2261 assignare,
3643 2169 3881 2242 eadem

1077 2317 1257 2390 pena
1311 2295 1540 2389 puniri
1589 2296 1843 2366 debeat
1895 2303 2285 2389 receptator
2331 2294 2658 2388 idemque
2714 2294 3038 2366 defensor
3092 2314 3232 2386 qua
3288 2294 3691 2365 malefactor
3738 2294 3880 2388 ipse

1078 2419 1308 2513 puniri
1349 2419 1660 2490 deberet.
1718 2417 1829 2489 Ad
1869 2417 2084 2488 decus
2128 2426 2444 2510 preterea
2488 2417 2686 2508 regni
2731 2416 2866 2504 tui,
2921 2415 3260 2510 presentis
3303 2416 3644 2510 privilegii
3687 2425 3880 2486 anto-

1078 2542 1280 2613 ritate
1315 2541 1807 2635 permittimus,
1844 2550 1923 2610 ut
1964 2540 2071 2611 de·
2090 2540 2445 2634 provincia
2488 2539 2800 2612 Carniole
2850 2539 3182 2611 ducatum
3230 2536 3440 2610 facias
3492 2536 3880 2610 immediate

1081 2665 1204 2736 tibi
1248 2677 1318 2736 et
1348 2687 1474 2759 per
1514 2674 1579 2735 te
1618 2664 1818 2735 nobis
1856 2673 1928 2734 et
1959 2663 2468 2735 successoribus
2501 2662 2756 2735 nostris
2795 2671 2868 2733 et
2918 2662 3207 2757 imperio
3241 2680 3766 2757 responsurum3
3813 2671 3880 2731 et

1078 2798 1156 2859 ut
1188 2790 1258 2859 in
1292 2788 1546 2861 ducatu
1581 2788 1731 2882 ipso
1758 2788 2163 2859 Anselinum
2194 2796 2566 2881 cognatum
2600 2796 2823 2875 tuum,
2854 2785 3131 2857 fidelem
3163 2794 3502 2875 nostrum,
3534 2787 3606 2855 in
3635 2785 3877 2857 ducem

1075 2913 1314 2984 valeas
1367 2932 1815 3007 promovere,
1876 2911 2150 3005 plenam
2206 2909 2328 2981 tibi
2383 2909 2830 2981 concedimus
2884 2917 3323 3003 potestatem.
3376 2907 3488 2980 Ad
3541 2908 3741 3000 cujus
3781 2908 3876 2980 rei

1077 3036 1478 3106 memoriam
1521 3045 1593 3106 et
1643 3035 1857 3105 robur
1901 3042 2242 3128 perpetuo
2299 3033 2672 3104 valiturum
2704 3083 2724 3121 ,
2782 3053 3069 3125 presens
3117 3031 3554 3125 privilegium
3616 3030 3764 3103 fieri
3811 3041 3879 3101 et

1079 3156 1268 3227 bulla
1313 3177 1521 3226 aurea
1565 3156 1834 3250 typario
1889 3165 2120 3227 nostre
2169 3155 2548 3247 majestatis
2581 3155 2912 3250 impressa
2947 3154 3281 3247 jussimus
3325 3153 3756 3227 commtmiri.

1176 3277 1351 3350 Acta
1408 3289 1569 3349 sunt
1633 3279 1764 3349 hec
1811 3299 1999 3350 anno
2055 3279 2398 3351 dominice
2459 3278 2954 3352 incarnationis
3003 3279 3097 3351 M.
3123 3278 3244 3351 OC.
3270 3278 3474 3367 XLV,
3524 3278 3612 3350 111
3662 3276 3875 3350 indic·

1086 3401 1305 3491 tione,
1342 3410 1475 3473 etc.
1516 3398 1653 3497 (l).

1154 3613 1225 3687 (t)
1263 3613 1323 3669 In
1348 3610 1623 3669 veteribus
1657 3610 2052 3683 exemplaribus
2084 3615 2250 3668 notae
2284 3611 2689 3684 chronologicae
2722 3627 2830 3669 non
2866 3612 2935 3669 ad
2962 3611 3230 3685 integrum
3263 3627 3441 3686 neque
3482 3611 3585 3669 sub
3612 3610 3878 3669 diffinitiva

1083 3709 1252 3767 forma
1278 3712 1583 3764 exarantur.
1612 3703 1783 3762 Valde
1811 3705 2035 3763 dubium
2058 3712 2142 3763 est
2161 3723 2232 3764 an
2254 3706 2360 3764 hoc
2385 3706 2740 3780 privilegium,
2761 3707 2888 3764 licet
2912 3707 2970 3763 in
2994 3705 3258 3781 imperiali
3279 3705 3654 3765 cancellar-istu
3674 3706 3882 3766 coniec-

1081 3814 1222 3875 tum,
1255 3819 1493 3878 unquam
1529 3802 1692 3859 suerit
1716 3803 2106 3876 promulgatum
2129 3808 2186 3861 et
2208 3819 2240 3861 a
2265 3803 2403 3861 duce
2431 3804 2548 3878 ipso
2575 3810 2868 3878 receptum.
2902 3804 2982 3861 De
3006 3804 3144 3861 iacto
3179 3809 3364 3861 tamen
3380 3847 3396 3875 ‚
3435 3803 3637 3862 scilicet
3661 3802 3732 3860 de
3751 3817 3877 3877 pos·

1082 3903 1343 3961 tulatione
1369 3900 1563 3974 regalis
1586 3899 1756 3968 tituli,
1788 3899 1927 3957 haec
1953 3901 2115 3957 tradit
2133 3901 2384 3960 chronic.
2417 3902 2733 3970 Gentem,
2766 3901 2909 3975 apud
2936 3902 3160 3971 muca,
3191 3907 3235 3958 t.
3264 3902 3315 3972 1,
3340 3917 3400 3975 p.
3428 3905 3522 3959 33.
3553 3920 3581 3955 ι
3609 3901 3748 3959 lton
3768 3900 3882 3957 Fri-

1079 4000 1314 4068 unicus,
1340 3999 1452 4056 dux
1477 3998 1747 4068 Austriae,
1774 3997 1830 4053 in
1856 3997 2070 4070 signum
2095 3998 2388 4071 recipiendi
2414 3999 2565 4074 regni
2585 4014 2683 4072 per
2710 3998 3022 4056 Heinricum
3050 3998 3365 4074 episcopum
3390 3998 3880 4072 Bnbenbergensfln

1079 4097 1228 4171 apud
1249 4097 1538 4153 wiennam
1561 4110 1721 4167 quam
1746 4093 1994 4167 pluribus
2010 4093 2292 4152 nobilibus
2320 4095 2690 4170 praesentibus
2707 4095 2962 4152 annulum
2986 4095 3224 4169 regalem
3244 4095 3450 4168 accepit
3474 4095 3545 4152 ab
3572 4095 3882 4170 imperatore

1081 4192 1483 4261 transmissum3
1527 4198 1584 4248 et
1617 4207 1683 4247 eo
1717 4205 1858 4247 anno
1897 4190 2042 4247 circa
2074 4191 2426 4248 Pentecosten
2458 4191 2605 4264 apud
2641 4191 2913 4250 Veronam
2956 4208 3080 4249 cum
3115 4190 3284 4250 multo
3322 4193 3579 4249 comitatu
3613 4191 3880 4249 dominum

1080 4287 1459 4361 imperatorem
1484 4286 1738 4357 visitavit,
1770 4302 1995 4361 sperans
2019 4302 2097 4357 se,
2129 4286 2273 4345 sicut
2298 4287 2437 4346 idem
2462 4288 2797 4361 promiserat,
2822 4288 2986 4362 regali
3003 4287 3260 4361 dignitate
3284 4287 3541 4346 decorari.
3564 4288 3671 4346 Sed
3694 4287 3879 4345 infecto

1082 4382 1326 4454 negotio,
1354 4383 1521 4439 immo
1540 4383 1720 4456 potins
1744 4382 1814 4441 ad
1838 4384 2019 4441 futura
2035 4399 2330 4458 suspensus
2353 4384 2424 4443 ad
2449 4388 2651 4443 terram
2672 4400 2827 4442 snam
2845 4385 3151 4445 revortitur.
3181 4403 3211 4439 ι
3234 4385 3370 4444 Vide
3394 4400 3608 4459 quoque
3630 4383 3875 4444 cm.

1086 4477 1510 4549 Gtamtromob„
1535 4479 1697 4550 ibid„
1726 4486 1769 4537 t.
1796 4481 1848 4551 1,
1881 4497 1940 4554 p.
1966 4482 2056 4552 87,
2083 4480 2226 4554 quod
2249 4486 2514 4538 vetustate
2531 4496 2635 4539 sua
2651 4495 2761 4537 non
2782 4480 2960 4539 minus
2975 4480 3400 4539 commendauit.
3427 4480 3615 4550 Quoad
3637 4477 3875 4538 Pernokii

1085 4575 1479 4642 testimonium,
1514 4573 1602 4632 his
1635 4576 1817 4633 verbis
1844 4594 1858 4633 ι
1891 4597 1917 4630 α
1944 4577 2241 4651 Imperator
2272 4584 2461 4650 sponte
2501 4577 2624 4635 duci
2652 4578 2960 4651 dignitatem
2992 4579 3136 4651 regis
3164 4577 3381 4649 obtulit,
3420 4593 3584 4655 qnam
3610 4582 3879 4651 acceptam

1083 4669 1254 4729 noluit
1287 4688 1353 4728 ne
1386 4671 1691 4745 pontificem
1718 4673 2012 4730 offenderet
2033 4693 2081 4745 ι,
2110 4673 2258 4733 nulla
2283 4672 2501 4734 omnino
2526 4673 2631 4731 fide
2653 4673 2871 4748 dignum
2899 4675 3055 4732 nohis
3081 4672 3318 4732 videtur.
