4364 5738
952 623 1069 683 164
1949 623 2377 688 FRIDERICI
2424 626 2775 688 SECUNDI
3388 629 3548 714 [An.
3586 631 3761 693 1244.

948 769 1237 854 quarto,
1283 760 1479 851 regni
1527 761 1896 832 Ierusalem
1944 761 2281 853 vigesimo
2315 760 2442 857 (a),
2491 763 2688 856 regni
2742 783 2912 836 vero
2964 762 3194 835 Sicilie
3238 764 3767 859 quadragesimo

947 895 1178 976 sexto,
1219 884 1532 957 feliciter.
1569 884 1821 957 Amen.

1045 1011 1192 1101 Ego
1234 1009 1530 1082 Iacobus
1566 1009 1883 1082 Bastonis
1913 1011 2259 1102 notariuS,
2300 1020 2438 1083 etc.

591 1652 827 1749 3533&
1051 1643 1478 1728 Fridericus
1501 1707 1524 1752 ‚
1583 1644 2102 1727 Romanorum
2167 1644 2606 1755 imperator,
2674 1645 3118 1729 hominibus
3191 1643 3418 1726 castri
3489 1642 3763 1728 Montis

943 1774 1293 1858 Politiani
1366 1776 1817 1860 franchisias
1912 1778 2195 1887 quibus
2275 1791 2614 1888 tempore
2695 1780 3361 1888 praedecessorum
3449 1802 3762 1859 suorum

947 1909 1056 1992 uti
1101 1919 1688 2019 consueverunt,
1741 1910 2128 2015 concedit,
2178 1920 2254 1993 et
2298 1912 2720 2020 specialiter
2774 1912 3209 1996 facultatem
3260 1908 3762 2020 cognoscendi

944 2041 1039 2123 de
1071 2041 1458 2124 maleficiis
1494 2044 1571 2123 in
1606 2054 1809 2126 terra
1845 2044 2011 2153 ipsa
2046 2043 2503 2127 commissis.

1108 2266 1356 2344 (Inedlt.
1388 2286 1462 2330 ex
1500 2271 1823 2348 exemplari
1860 2271 2200 2333 authentico
2244 2290 2341 2351 ap.
2383 2272 2608 2334 archiv.
2649 2286 2865 2333 comm.
2909 2271 3196 2345 senense,
3226 2285 3517 2349 pergam„
3556 2274 3606 2329 t.
3639 2266 3759 2339 111,

1180 2384 1248 2434 n·
1274 2384 1425 2451 2003
1454 2374 1556 2437 ubl
1584 2378 1805 2438 multae
1838 2377 2084 2439 lacunae
2110 2379 2189 2439 ob
2224 2395 2491 2439 corrosos
2518 2379 2884 2441 characteres
2919 2377 3035 2457 legi
3072 2382 3407 2454 nequeunt,
3447 2374 3552 2436 sed
3592 2371 3761 2434 facile

1178 2482 1541 2558 supplentur.
1572 2481 1822 2543 Mendas
1848 2483 2240 2545 evidentiores
2268 2484 2685 2562 correximus.)

1036 2685 1114 2754 In
1151 2683 1430 2753 nomine
1466 2682 1764 2754 Domini.
1804 2681 2054 2755 Amen.
2092 2685 2237 2756 Hoc
2273 2694 2379 2756 est
2415 2686 2818 2779 exemplum
2855 2684 3219 2777 cujusdam
3260 2681 3601 2777 privilegii
3637 2702 3755 2753 cu-

931 2809 1051 2899 jus
1086 2814 1284 2878 tenor
1316 2805 1472 2877 talis
1504 2815 1610 2878 est
1644 2831 1662 2877 ε

1035 2929 1473 3019 Fredericus,
1511 2931 1637 3002 Dei
1675 2932 1897 3023 gratia
1931 2932 2398 3004 Romanorum
2434 2932 2810 3027 imperator
2848 2952 3122 3027 semper
3156 2939 3527 3021 augustus,
3560 2929 3754 3000 Jeru-

938 3056 1153 3127 salem
1186 3063 1258 3125 et
1283 3053 1510 3125 Sicilie
1544 3075 1698 3125 rex.
1735 3056 1867 3127 Per
1901 3077 2190 3150 presens
2229 3056 2563 3151 scriptum
2593 3077 2882 3151 presens
2917 3066 3064 3127 etas
3099 3054 3371 3126 noverit
3408 3106 3427 3124 .
3490 3068 3513 3123 .·
3571 3104 3591 3122 .
3651 3105 3670 3121 .
3732 3104 3750 3121 .

944 3228 1696 3249 ..........
1752 3178 1942 3270 quod
1980 3199 2108 3251 nos
2152 3179 2594 3252 attendentes
2638 3179 2849 3253 fidem
2900 3190 2971 3251 et
3015 3178 3457 3252 devotionem
3506 3195 3754 3271 synce-

937 3320 1086 3370 ram
1115 3321 1325 3394 quam
1353 3299 1674 3373 homines
1705 3302 1910 3373 castri
1949 3303 2201 3374 Montis
2237 3303 2555 3376 Politiani
2594 3304 2837 3377 fideles
2865 3303 3082 3376 nostri
3121 3324 3286 3397 erga
3326 3302 3755 3394 majestatem

935 3432 1244 3496 nostram
1300 3432 1370 3496 et
1412 3445 1683 3497 sacrum
1735 3426 2098 3521 imperium
2162 3427 2558 3499 habuerunt
2620 3480 3367 3500 ..........
3424 3445 3558 3497 nec
3613 3444 3754 3495 non

933 3556 1130 3639 grata
1166 3555 1238 3619 et
1281 3558 1566 3645 accepta
1602 3550 1883 3622 servitia
1926 3571 2064 3643 que
2110 3551 2313 3622 nobis
2371 3552 2794 3624 exibuerunt
2841 3561 2914 3622 et
2953 3551 3242 3623 exibent
3295 3571 3377 3621 ac
3430 3549 3504 3620 in
3550 3558 3754 3619 antea

935 3671 1269 3746 exhibere
1320 3683 1649 3768 poterunt
1702 3675 2043 3768 gratiora3
2094 3676 2538 3748 attendentes
2581 3677 2788 3748 etiam
2846 3687 3103 3749 statum
3156 3676 3373 3772 ipsius
3424 3675 3595 3765 loci,
3663 3672 3752 3745 ad

931 3797 1307 3888 honorem,
1337 3797 1708 3870 utilitatem
1753 3808 1824 3870 et
1858 3809 2307 3890 augmentum
2358 3809 2676 3871 nostrum
2722 3810 2793 3872 et
2840 3799 3113 3895 imperii
3147 3798 3625 3895 respicienteS,
3663 3796 3750 3868 de

932 3918 1405 3993 munificentie
1464 3929 1700 3992 nostre
1748 3915 2040 4018 [gratia]
2084 3921 2532 3994 concedimus
2570 3920 2968 3994 hominibus
3024 3929 3096 3993 et
3160 3919 3474 4016 personis
3539 3919 3753 4014 ipsius

931 4044 1139 4115 castri
1164 4044 1418 4117 nostris
1450 4042 1773 4117 fidelibus
1800 4044 1987 4116 intus
2023 4054 2094 4115 et
2125 4053 2326 4115 extra
2358 4045 2739 4137 libertateS,
2767 4043 3307 4117 consuetudines
3333 4052 3544 4137 atque
3571 4041 3753 4114 fran-

931 4156 1180 4241 chisias
1208 4170 1464 4264 quibus
1510 4170 1770 4242 ibidem
1809 4167 2206 4242 habitantes
2244 4170 2668 4264 temporibus
2705 4170 3027 4243 divorum
3055 4177 3508 4261 augustorum
3548 4173 3748 4239 ante-

931 4311 1282 4364 cessorum
1318 4302 1714 4366 nostrorum
1750 4294 1863 4366 avi
1905 4302 1974 4365 et
2004 4294 2223 4389 patris
2263 4294 2479 4365 nostri
2520 4294 2853 4366 memorie
2900 4292 3269 4366 recolende
3312 4293 3418 4363 uti
3459 4311 3750 4364 consue-

929 4426 1212 4505 verunt,
1252 4425 1323 4487 et
1353 4416 1542 4510 quod
1574 4438 1816 4489 omnes
1847 4419 2163 4492 volentes
2200 4418 2301 4491 ire
2348 4440 2508 4491 cum
2554 4441 2682 4491 suo
2705 4420 2865 4512 jure
2898 4419 2989 4492 ad
3027 4416 3484 4490 habitandum
3520 4417 3749 4489 locum

928 4538 1321 4634 predictum
1382 4539 1650 4635 possint
1703 4594 2694 4616 .............
2752 4553 3033 4636 tamque
3085 4541 3403 4617 homines
3455 4540 3748 4612 aliorum

1014 4735 1098 4816 (a)
1142 4738 1213 4798 In
1240 4739 1510 4815 sequenti
1537 4753 1680 4798 vero
1705 4730 2015 4818 privilegio
2040 4739 2257 4819 legitur
2282 4758 2434 4801 nono
2462 4737 2698 4821 decimo,
2727 4742 2966 4802 rectius.
