4364 5738
1006 557 1083 615 12
1997 550 2419 611 FRIDERICI
2470 548 2817 609 SECUNDI
3431 545 3596 624 [Anu.
3635 546 3810 608 1241.

1001 690 1166 763 dam
1203 687 1578 761 Benedicto
1613 685 1847 757 abbati
1880 685 2170 780 predicti
2207 684 2604 756 monasterii
2641 681 2875 753 Sancti
2915 680 3290 753 Salvator-is
3321 679 3816 753 confirmavere

1003 824 1075 887 et
1109 813 1648 886 corroboravere
1685 809 1983 905 idipsum
2025 809 2521 881 monasterium
2558 828 2718 878 cum
2760 806 3099 896 ecclesiiS,
3128 804 3353 895 cellis,
3386 805 3718 900 cappellis
3749 815 3819 877 et

1001 938 1298 1011 oraculis
1325 958 1450 1007 seu
1481 934 1790 1006 curtibus
1816 933 2128 1027 predicto
2158 931 2578 1004 monasterio
2614 929 3155 1026 pertinentibus,
3192 938 3332 1000 tam
3364 928 3544 1000 infra
3574 928 3816 1001 civita-

1003 1073 1144 1135 tem
1173 1064 1511 1132 Lucanam
1541 1079 1747 1151 quam
1780 1067 1850 1128 et
1876 1056 2158 1145 deforiS,
2181 1077 2478 1149 quorum
2504 1054 2634 1126 hec
2658 1064 2820 1126 sunt
2844 1052 3185 1125 vocabula
3209 1083 3226 1124 ε
3252 1051 3578 1125 videlicet
3605 1054 3821 1124 eccle-

1000 1185 1103 1257 sia
1135 1182 1366 1255 Sancti
1397 1180 1786 1270 Benedicti,
1822 1180 2109 1251 ecclesia
2142 1179 2375 1250 Sancti
2406 1177 2729 1272 Philippi,
2758 1199 2918 1249 cum
2949 1175 3379 1271 pertinentiis
3408 1177 3575 1268 suiS,
3603 1177 3821 1247 eccle-

1000 1309 1101 1380 sia
1134 1307 1363 1379 Sancti
1395 1304 1779 1393 Ambrosii,
1814 1303 2103 1375 ecclesia
2145 1305 2395 1374 Sancte
2434 1302 2648 1374 Marie
2685 1302 2758 1372 in
2793 1299 3232 1394 campitello,
3264 1299 3552 1371 ecclesia
3584 1299 3817 1372 Sancti

999 1431 1247 1524 Angeli
1280 1429 1349 1499 in
1384 1429 1684 1518 Guam0,
1719 1426 2006 1497 ecclesia
2048 1426 2279 1496 Sancti
2310 1426 2499 1497 Paoli
2540 1425 2614 1495 in
2658 1424 2954 1513 Coselle;
2992 1421 3577 1495 confirmaverunt
3607 1422 3816 1495 etiam

999 1563 1071 1627 et
1114 1552 1738 1625 corroboraverunt
1778 1549 2091 1644 predicto
2128 1549 2483 1640 quondam
2516 1547 2891 1620 Benedicto
2918 1545 3152 1619 abbati
3185 1556 3402 1618 terras
3440 1556 3510 1618 et
3540 1567 3817 1619 mansos

1000 1678 1072 1748 in
1113 1680 1267 1749 loco
1307 1675 1616 1747 Carraria
1653 1682 1725 1744 et
1758 1675 1831 1745 in
1866 1675 2254 1766 Toringana
2300 1684 2553 1745 terram
2589 1694 2727 1765 que
2770 1672 3020 1744 dicitur
3055 1671 3143 1743 (16
3184 1671 3596 1744 Sorbilliano
3635 1681 3706 1743 et
3745 1671 3815 1741 in

999 1802 1154 1873 loco
1189 1799 1622 1890 Peringnano
1645 1808 1716 1869 et
1745 1798 1816 1868 in
1841 1798 1954 1869 via
1983 1798 2278 1869 Venaria
2298 1851 2317 1886 ,
2348 1805 2617 1868 curtem
2650 1818 2788 1890 que
2821 1796 3073 1868 dicitur
3102 1796 3274 1867 Villa
3302 1805 3372 1867 et
3403 1795 3811 1886 Colognora,

1001 1924 1364 1998 ecclesiam
1387 1922 1619 1994 Sancti
1640 1921 1989 1993 Laurentii
2024 1921 2094 1992 in
2130 1922 2281 1993 loco
2303 1920 2903 1993 Massamacinaria
2935 1930 3002 1991 et
3038 1919 3108 1990 in
3148 1920 3300 1991 loco
3321 1921 3530 1990 Faeto
3563 1929 3633 1989 et
3665 1920 3814 1990 loco

1000 2047 1315 2121 Scafiano
1363 2057 1579 2118 terras
1618 2067 1777 2119 cum
1820 2045 2009 2117 silvis
2056 2055 2126 2116 et
2166 2045 2473 2134 olivetis,
2507 2045 2576 2116 in
2627 2046 2778 2116 loco
2813 2044 3146 2138 Compoto
3177 2044 3533 2115 ecclesiam
3584 2043 3814 2116 Sancti

995 2172 1398 2245 Columbani
1430 2180 1500 2242 et
1528 2170 1888 2242 ecclesiam
1923 2170 2155 2241 Sancti
2188 2170 2367 2242 Petri
2394 2178 2464 2240 et
2486 2179 2755 2264 partem
2786 2190 2998 2240 unam
3024 2168 3091 2239 in
3118 2167 3329 2263 podio
3356 2169 3477 2239 ubi
3510 2167 3639 2238 fuit
3670 2188 3818 2238 cas-

996 2307 1181 2368 trum
1219 2297 1308 2368 de
1345 2297 1711 2390 Compoto,
1748 2294 1819 2363 in
1859 2294 2009 2365 loco
2036 2295 2252 2365 Sexto
2286 2294 2645 2365 ecclesiam
2689 2293 2922 2364 Sancti
2953 2292 3231 2364 Andree
3270 2315 3407 2385 quc
3441 2292 3692 2363 dicitur
3724 2290 3817 2364 ad

992 2420 1708 2511 Montem,Castellum
1731 2419 1948 2488 Vetus
1974 2417 2048 2486 in
2074 2427 2270 2487 curte
2299 2417 2387 2488 (16
2415 2417 2630 2489 Sexto
2658 2417 2728 2487 in
2758 2428 2993 2489 monte
3022 2427 3093 2488 et
3118 2417 3326 2512 podia
3357 2416 3519 2489 dicti
3547 2437 3817 2486 monas-

997 2543 1150 2615 terii
1181 2541 1642 2635 Frangiperge
1674 2539 2055 2628 nominata,
2094 2540 2324 2610 locum
2355 2541 2476 2611 ubi
2507 2540 2637 2612 fuit
2674 2541 2962 2613 ecclesia
2999 2541 3229 2612 Sancti
3262 2539 3613 2611 Benedicti
3655 2561 3812 2610 cum

998 2666 1282 2737 castello
1319 2664 1389 2734 in
1422 2666 1572 2735 loco
1601 2663 1828 2733 Insula
1857 2685 2016 2733 cum
2041 2663 2258 2757 pratis
2297 2674 2367 2735 et
2393 2663 2764 2758 paludibus
2796 2674 2865 2736 et
2891 2664 3091 2736 fossis
3122 2673 3193 2735 et
3224 2663 3532 2759 piscariis
3569 2671 3640 2733 et
3682 2662 3818 2733 cal-

999 2788 1182 2860 libus
1217 2796 1287 2860 et
1315 2787 1684 2859 navillibus
1708 2796 1775 2857 et
1802 2786 1991 2856 silvis
2023 2797 2092 2857 et
2125 2788 2378 2882 padule
2410 2787 2599 2881 quod
2632 2787 2884 2859 dicitur
2916 2787 3159 2860 Atreto
3193 2786 3290 2883 (a)
3321 2798 3390 2859 et
3420 2789 3688 2882 sylvam
3726 2786 3813 2858 de

997 2914 1329 2985 Bruscera
1363 2910 1457 3008 (b)
1483 2933 1607 2983 seu
1638 2911 1956 3005 Spinetro
1990 2922 2059 2983 et
2088 2912 2498 2984 Paliaretum
2540 2922 2610 2985 et
2645 2913 3016 2985 Cassanum
3053 2923 3123 2983 et
3152 2913 3410 2983 Silvam
3443 2912 3710 3004 nigram
3746 2921 3814 2982 et

996 3046 1272 3131 portum
1304 3036 1393 3107 de
1423 3035 1742 3107 Foxisole
1772 3043 1841 3105 et
1876 3036 2097 3105 lacum
2134 3035 2224 3107 de
2254 3014 2690 3130 ipso'padule
2724 3036 2844 3129 qui
2874 3044 3166 3107 vocatur
3193 3036 3451 3107 Padule
3484 3035 3572 3107 (16
3600 3037 3815 3108 Sexto

999 3180 1158 3231 cum
1203 3169 1407 3254 portu
1448 3158 1535 3229 de
1564 3159 1735 3230 Tolli
1764 3159 1884 3250 qui
1913 3168 2018 3230 est
2049 3159 2138 3230 de
2173 3160 2322 3253 ipso
2364 3163 2554 3250 lacu,
2587 3183 2743 3232 cum
2781 3161 2946 3252 viis,
2977 3160 3286 3256 piscariis
3319 3169 3389 3231 et
3415 3160 3703 3231 callibus
3744 3169 3812 3231 et

1000 3282 1192 3353 silvis
1220 3282 1290 3353 in
1318 3283 1608 3353 circuitu
1636 3281 1850 3375 ipsius
1877 3283 2068 3353 lacus
2092 3280 2182 3377 (c)
2207 3292 2278 3353 et
2298 3284 2413 3355 via
2438 3284 2528 3355 de
2549 3283 2837 3355 Galleno
2866 3294 2936 3354 et
2961 3283 3075 3355 via
3102 3284 3192 3355 de
3219 3283 3427 3356 Cerro
3453 3304 3612 3354 cum
3638 3283 3812 3354 colle

1005 3427 1142 3497 que
1176 3407 1569 3477 nominatur
1595 3405 1780 3478 Colle
1809 3406 2065 3476 Petruli
2094 3415 2165 3477 et
2189 3407 2427 3477 villam
2458 3407 2605 3477 sive
2632 3408 2927 3499 burgum
2954 3406 3043 3477 de
3068 3407 3401 3479 Orintano
3424 3427 3580 3476 cum
3604 3415 3811 3500 portu

1002 3539 1073 3599 et
1108 3529 1416 3600 cerbaria
1449 3531 1596 3621 ejus
1625 3550 1876 3602 vasurc
1910 3540 1980 3599 et
2012 3529 2294 3624 podium
2329 3530 2417 3601 de
2445 3530 2728 3601 Galleno
2761 3529 2950 3623 quod
2979 3530 3232 3602 dicitur
3255 3529 3576 3618 Vadalt0,
3604 3539 3673 3599 et
3700 3550 3810 3600 se-

1000 3652 1261 3723 mineta
1288 3663 1359 3723 et
1384 3653 1615 3743 silvaS,
1639 3661 1903 3723 curtem
1935 3664 2003 3724 et
2028 3653 2388 3723 ecclesiam
2417 3653 2649 3725 Sancti
2674 3653 2988 3748 Prosperi
3007 3674 3223 3749 prope
3239 3652 3624 3723 Blentinam
3654 3672 3813 3722 cum

997 3777 1188 3849 omni
1221 3798 1346 3847 sua
1374 3776 1821 3871 pertinentia,
1859 3776 2219 3847 ecclesiam
2249 3776 2479 3847 Sancti
2511 3777 2682 3848 Justi
2715 3776 2803 3848 de
2834 3777 3182 3867 Blentina,
3226 3787 3490 3854 curtem
3524 3777 3613 3848 de
3646 3778 3810 3847 Tre·

999 3900 1222 3974 decim
1254 3923 1412 3972 cum
1443 3899 1731 3971 ecclesia
1758 3899 1990 3971 Sancti
2016 3899 2368 3990 Frediani,
2392 3909 2462 3971 et
2492 3909 2706 3971 terras
2734 3909 2804 3972 et
2829 3921 3104 3972 mansos
3133 3901 3201 3971 in
3230 3902 3384 3973 loco
3403 3899 3810 3994 Vicopisano

1080 4075 1165 4155 (a)
1208 4078 1282 4136 In
1307 4076 1510 4136 charta
1534 4074 1884 4149 Medicum„
1914 4071 2128 4134 Alecto.

1087 4179 1166 4259 (b)
1212 4180 1437 4240 Ibidem
1465 4182 1759 4241 Brusceto.

1084 4286 1157 4365 (c)
1211 4285 1437 4346 Ibidem
1463 4282 1585 4347 loci.

1000 4565 1126 4606 cum
1144 4548 1217 4606 ibi
1246 4547 1447 4604 mentio
1478 4545 1572 4603 fiat
1592 4547 1661 4603 de
1685 4548 1910 4605 Hem-ico
1936 4548 2008 4605 Ill
2036 4547 2265 4606 Conradi
2282 4547 2505 4605 secundi
2531 4547 2637 4606 filio
2656 4555 2711 4606 et
2737 4548 2853 4606 sine
2877 4548 3058 4607 medio
3083 4564 3424 4607 successore:
3441 4551 3583 4623 quod
3613 4567 3810 4609 nomen

999 4646 1271 4703 Benedicti
1294 4645 1380 4701 his
1405 4644 1614 4701 duobus
1639 4645 1989 4718 regnantibus
2011 4652 2138 4701 tunc
2164 4645 2379 4702 abbatis
2406 4644 2621 4705 abunde
2647 4646 3000 4704 demonstrat.
