4364 5738
1004 567 1082 626 42
1682 582 1737 661 '.
1850 532 1860 543 ’
2000 562 2824 625 rmnnmclsnctum
3439 559 3602 637 [Ass.
3640 556 3813 618 1242.

1004 704 1284 773 Pascam
1319 710 1387 768 et
1414 697 1807 768 Delitiosam
1842 695 2135 767 heredes
2170 701 2360 770 Pauli
2394 700 2481 770 de
2515 702 2766 770 Sancta
2800 695 3073 787 Agatha
3104 694 3302 766 citari
3336 695 3624 766 fecimus
3656 694 3819 785 legi-

1007 827 1170 897 time
1208 833 1279 893 et
1314 820 1776 915 perhemtorie
1803 831 1884 890 ut
1912 823 2235 893 venirent
2272 824 2595 896 auditure
2628 844 2860 893 sacras
2891 820 3292 916 imperiales
3317 820 3581 891 litteras
3616 839 3821 913 supe·

871 955 880 964 '
1005 950 1148 1020 rins
1220 947 1671 1039 exemplatas,
1738 947 1888 1031 Que
1968 948 2254 1040 quidem
2333 951 2654 1020 mulieres
2722 947 3230 1019 constituerunt
3306 954 3818 1041 procuratorem

1004 1073 1388 1145 Iohannem
1428 1070 1970 1142 Buccaconcium
2013 1072 2082 1141 in
2125 1074 2491 1164 questione
2529 1071 2961 1165 infrascripta
3003 1081 3074 1142 et
3109 1070 3485 1166 supradicti
3529 1069 3821 1141 Iacobus

1004 1197 1419 1269 Mallabacca
1487 1203 1558 1264 et
1636 1194 1918 1264 domina
1988 1197 2199 1267 Pasca
2279 1219 2459 1270 uxor
2523 1197 2674 1286 ejus
2736 1195 3244 1267 constituerunt
3309 1202 3821 1287 procuratorem

1003 1319 1385 1393 Iohannem
1432 1318 1783 1388 Rucellam
1840 1318 1912 1388 in
1962 1322 2323 1412 questione
2369 1322 2704 1416 predicta.
2760 1320 3027 1405 Quibus
3068 1320 3138 1389 in
3190 1328 3426 1389 nostra
3478 1316 3822 1410 presentia

1005 1444 1394 1515 constitutis
1441 1452 1510 1512 et
1564 1442 2003 1513 dominorum
2046 1445 2288 1516 Marini
2345 1446 2668 1535 Bulcani,
2718 1442 3051 1515 Iohannis
3101 1442 3354 1536 Capicii
3406 1441 3813 1530 Romacelli,

1005 1566 1268 1637 Nicolai
1297 1564 1708 1653 Falconerii,
1744 1564 2088 1637 Thomasii
2124 1567 2417 1662 Sparelli
2451 1578 2522 1639 et
2556 1566 2813 1639 Mathei
2843 1566 3284 1660 Imperatoris
3316 1566 3482 1637 olim
3507 1565 3819 1657 judicum

1008 1689 1304 1762 civitatis
1340 1689 1693 1782 Neapoli5‚
1752 1689 2103 1783 predictus
2158 1693 2460 1763 Ioannes
2526 1692 2808 1763 Rucella
2884 1700 3290 1785 procurator
3354 1689 3819 1784 predictorum

1007 1813 1243 1886 Iacobi
1279 1824 1349 1884 et
1382 1814 1588 1884 Pasce
1622 1814 1863 1884 uxoris
1895 1837 2018 1885 sue
2043 1826 2282 1887 contra
2310 1816 2695 1888 Iohannem
2732 1814 3279 1887 Buccaconoium
3309 1824 3823 1908 procuratorem

1012 1937 1479 2032 predictarum
1498 1937 1705 2008 Pasce
1735 1949 1807 2008 et
1823 1938 2149 2010 Delitiose
2181 1942 2493 2034 porrexit
2517 1940 2827 2011 libellum
2857 1938 3278 2011 continentie
3299 1939 3476 2009 talis,
3499 1936 3822 2031 Proponit
3849 1927 3861 1938 ’

1007 2061 1358 2132 Iohannes
1392 2061 1713 2133 Ruccella
1760 2064 2235 2156 procuratorio
2284 2064 2566 2135 nomine
2612 2085 2740 2158 pro
2795 2075 2990 2157 parte
3032 2062 3266 2134 Iacobi
3305 2061 3721 2132 Mallabacce
3756 2069 3822 2131 et

1009 2186 1217 2258 Pasce
1244 2186 1484 2267 uxoris
1503 2207 1625 2256 sue
1652 2185 1842 2279 quod
1864 2187 2171 2259 constitit
2189 2188 2632 2277 constitutus,
2655 2208 2814 2258 cum
2839 2188 3247 2258 auctoritate
3277 2185 3566 2280 predicti
3587 2184 3822 2256 Iacobi

1006 2310 1139 2382 viri
1166 2309 1659 2382 etmundualdi
1692 2311 1826 2400 sui,
1846 2323 2088 2382 contra
2106 2312 2492 2384 Iohannem
2516 2311 3062 2383 Buccaconcium
3086 2320 3606 2405 procuratorem
3639 2307 3823 2379 Deli-

1008 2435 1178 2506 tiose
1211 2444 1281 2505 et
1313 2436 1521 2506 Pasce
1553 2456 1762 2527 quem
1787 2436 2121 2521 constitit,
2156 2435 2495 2507 heredum
2530 2434 2885 2528 quondam
2919 2434 3111 2505 Pauli
3148 2434 3236 2505 de
3269 2435 3522 2505 Sancta
3557 2430 3824 2523 Agatha

1006 2558 1456 2629 constitutum
1513 2578 1673 2628 cum
1751 2558 2160 2629 auctoritate
2208 2558 2441 2630 Iacobi
2504 2558 2595 2629 de
2649 2559 3013 2630 Durazano
3066 2557 3311 2628 tutoris
3373 2566 3443 2626 et
3491 2555 3825 2627 curatoris

1007 2701 1246 2751 earum
1281 2700 1419 2772 que
1453 2688 1693 2751 tenent
1721 2689 1791 2751 et
1823 2681 2177 2775 possident
2213 2682 2497 2754 domum
2526 2683 2813 2754 inferius
2848 2683 3305 2773 designatam.
3342 2680 3567 2765 Quam
3600 2678 3824 2750 dictus

1007 2804 1303 2877 Iacobus
1349 2804 1769 2877 Mallabacca
1809 2827 1969 2877 cum
2020 2806 2264 2879 eadem
2316 2828 2537 2880 uxore
2583 2829 2708 2880 sua
2748 2807 3217 2880 vendiderunt
3255 2804 3565 2900 predicto
3599 2824 3822 2897 quon-

1008 2928 1169 3001 dam
1204 2929 1415 3001 Paulo
1451 2928 1539 3001 de
1582 2931 1835 3002 Sancta
1869 2930 2141 3024 Agatha
2177 2933 2598 3005 antecessori
2644 2954 2881 3005 earum
2922 2953 3050 3027 pro
3086 2931 3309 3002 unciis
3348 2930 3499 3000 auri
3529 2938 3827 3022 quatuor

1009 3062 1080 3125 et
1114 3053 1369 3125 tarenis
1414 3053 1566 3124 auri
1614 3063 1880 3148 septem
1918 3064 1989 3125 et
2032 3055 2368 3127 medium.
2408 3059 2482 3128 In
2516 3078 2658 3149 qna
2697 3057 3098 3129 venditione
3146 3055 3373 3127 dictus
3417 3054 3712 3126 Iacobus
3756 3064 3826 3124 et

976 3198 1191 3250 ,uxor
1230 3198 1355 3249 sua
1401 3187 1564 3248 sunt
1614 3176 1887 3272 decepti
1930 3181 2112 3250 ultra
2146 3179 2509 3253 dimidium
2543 3181 2714 3272 justi
2756 3181 2985 3275 pretii.
3026 3179 3224 3251 Unde
3257 3178 3431 3273 petit
3462 3200 3588 3272 pro
3630 3187 3824 3272 parte

1009 3301 1174 3373 dicti
1216 3300 1451 3373 Iacobi
1493 3312 1564 3373 et
1611 3302 1853 3374 uxoris
1898 3325 2020 3375 sue
2068 3305 2262 3397 quod
2312 3305 2441 3399 ipsi
2486 3305 2782 3377 heredes
2829 3305 3192 3377 restituant
3237 3303 3494 3374 dictam
3540 3299 3824 3372 domum

1008 3425 1140 3519 ipsi
1170 3425 1425 3497 Iacobo
1460 3435 1530 3497 et
1570 3426 1775 3498 uxori
1808 3449 1958 3518 sne,
2003 3428 2298 3523 receptis
2325 3429 2652 3522 predictis
2684 3420 2983 3523 quatu'or
3013 3427 3236 3499 unciis
3265 3426 3416 3498 auri
3458 3434 3530 3496 et
3567 3421 3822 3495 tarenis

1008 3550 1161 3620 auri
1189 3559 1454 3644 septem
1488 3559 1558 3620 et
1599 3550 1854 3642 medio,
1894 3553 2005 3624 vel
2040 3553 2413 3646 suppleant
2463 3553 2562 3624 eis
2591 3553 2858 3644 justum
2892 3552 3232 3646 pretium,
3282 3547 3608 3620 videlicet
3649 3545 3820 3619 alias

1008 3684 1307 3767 quatuor
1353 3673 1594 3744 uncias
1643 3673 1795 3744 auri
1842 3683 1913 3744 et
1959 3683 2235 3746 tarenos
2270 3675 2421 3746 auri
2453 3685 2754 3767 quatuor
2795 3675 3024 3745 minus
3054 3682 3393 3766 quantum
3426 3672 3608 3743 ultra
3638 3669 3821 3764 ipsas

1007 3799 1248 3870 uncias
1290 3807 1593 3890 quatuor
1637 3806 1707 3867 et
1748 3805 2021 3868 tarenos
2064 3799 2216 3870 auri
2257 3809 2525 3893 septem
2567 3809 2638 3870 et
2680 3798 3017 3889 medium,
3054 3798 3247 3870 salvo
3272 3797 3454 3888 jure,
3495 3803 3629 3866 etc.
3671 3787 3820 3886 (sic)

1008 3922 1266 3996 Domus
1298 3943 1467 3994 vero
1495 3921 1626 3993 sita
1664 3929 1769 3992 est
1802 3920 1872 3992 in
1900 3922 2051 3994 loco
2070 3922 2327 3995 Fistule
2364 3925 2561 4015 cujus
2597 3921 2773 3994 fines
2803 3920 2901 3992 hii
2932 3932 3140 3994 sunt:
3188 3921 3279 3992 31)
3313 3940 3456 3990 una
3488 3928 3685 4012 parte
3720 3922 3827 3988 est

1011 4046 1262 4120 domus
1291 4046 1727 4141 Neapolitani
1757 4055 1828 4118 et
1866 4047 1957 4118 31)
1993 4046 2129 4118 31ἰ3
2171 4058 2368 4142 parte
2406 4057 2510 4119 est
2542 4048 2790 4119 domus
2827 4044 3194 4138 Finagrani
3226 4054 3297 4116 et
3331 4044 3422 4115 31)
3457 4043 3589 4114 alia
3628 4049 3826 4135 parte

1010 4178 1115 4242 est
1152 4179 1346 4242 ortus
1389 4171 1621 4243 Sancti
1661 4169 2077 4263 Archangeli
2127 4170 2219 4242 ad
2255 4173 2615 4264 Bajanum.
2668 4171 2779 4244 Ad
2819 4192 2956 4263 que
2995 4170 3221 4242 dictus
3257 4166 3606 4240 Iohannes
3648 4165 3824 4235 Buc-

1012 4293 1376 4366 caconcius
1427 4304 1832 4387 procurator
1893 4294 2362 4389 predictarum
2417 4296 2625 4367 Pasce
2682 4304 2752 4366 et
2803 4293 3169 4384 Delitiose,
3228 4291 3422 4386 quod
3479 4286 3818 4377 constitit,

1015 4419 1203 4496 litem
1235 4416 1689 4489 contestando
1722 4418 2076 4512 respondit
2119 4419 2448 4511 ignorans
2493 4417 2726 4492 omnia
2775 4427 2846 4490 et
2887 4418 3159 4511 singula
3198 4413 3422 4511 posita
3456 4413 3529 4483 in
3555 4410 3817 4499 libello,

1015 4543 1224 4614 salvis
1264 4540 1585 4611 omnibus
1625 4540 2007 4614 rationibus
2039 4552 2107 4614 et
2140 4543 2666 4639 exceptionibus
2697 4543 2866 4615 suis.
2907 4543 3053 4616 Lite
3085 4542 3318 4635 itaque
3356 4558 3589 4611 coram
3625 4534 3825 4607 nohis

1016 4679 1088 4739 et
1118 4665 1321 4740 dictis
1347 4664 1696 4755 judicibus
1722 4665 2024 4756 legitime
2054 4678 2464 4760 contestata,
2488 4668 2761 4761 utrique
2786 4667 3085 4764 partium
3104 4664 3471 4738 terminum
3496 4659 3821 4756 perhem-
