4364 5738
565 497 766 556 lnmcr.
804 494 892 570 l.]
1459 491 1858 554 HISTORIA
1908 487 2507 554 D1PLOMATICA.
3276 481 3385 542 101

567 628 772 700 nobis
819 636 890 698 et
926 627 1017 697 ab
1058 626 1350 720 imperio
1396 636 1721 699 tenentur
1750 648 1909 698 cum
1945 629 2253 722 ipsorum
2300 625 2732 721 pertinentiis
2771 623 2928 714 jure
2980 620 3396 694 contulimus

570 752 832 824 feudali
875 778 892 822 :
945 750 1064 822 tali
1117 761 1347 822 tamen
1392 751 1616 822 forma
1668 762 1749 822 ut
1794 753 1852 822 si
1898 754 2048 823 sine
2090 750 2351 822 herede
2401 748 2578 840 filio,
2630 746 2822 841 quod
2863 748 3051 818 Deus
3094 753 3393 834 avertat,

571 877 799 971 ipsum
839 875 1141 968 premori
1166 874 1557 967 contigerit,
1581 870 1816 946 n'ostra
1842 876 2195 947 concessio
2216 874 2480 946 stabilis
2503 880 2925 968 perseveret,
2957 891 3048 940 ne
3074 870 3255 940 inter
3274 869 3400 940 he·

572 999 776 1071 redes
799 1008 987 1088 tunc,
1019 1019 1178 1069 cum
1204 997 1292 1070 de
1311 1018 1398 1093 pa
1407 997 1528 1087 tris
1546 998 1653 1069 sui
1672 998 2047 1069 Hermanni
2071 998 2288 1070 felicis
2311 995 2810 1069 recordationis
2826 993 3283 1089 primogenita
3307 994 3399 1063 sis

571 1122 884 1213 genitus,
929 1122 1084 1192 lites
1125 1131 1197 1192 et
1231 1122 1607 1194 seditiones
1647 1124 1984 1214 oriantur,
2027 1132 2100 1195 et
2128 1131 2208 1193 ut
2240 1122 2449 1193 etiam
2488 1121 2587 1193 sic
2622 1120 2755 1191 tuis
2787 1118 3221 1213 presentibus
3251 1138 3397 1188 res-

573 1245 1008 1339 pondeamus
1039 1245 1338 1317 servitiis
1369 1256 1441 1316 et
1471 1245 1762 1340 imperio
1791 1246 2051 1319 servire
2082 1245 2380 1318 tenearis
2407 1245 2479 1315 iu
2507 1246 2765 1317 futuro.
2799 1242 2911 1315 Ad
2930 1242 3140 1334 hujus
3165 1252 3395 1314 autem

575 1378 809 1439 nostre
858 1368 1324 1440 concessionis
1365 1369 1770 1441 memoriam
1811 1391 1895 1441 ac
1930 1370 2247 1442 stabilem
2283 1367 2710 1458 firmitatem,
2749 1388 3036 1462 presens
3065 1368 3394 1460 scriptum

576 1488 729 1563 fieri
762 1504 833 1563 et
869 1492 1252 1585 majestatis
1282 1502 1518 1564 nostre
1551 1493 1773 1585 sigillo
1797 1494 2128 1585 jussimus
2155 1493 2591 1565 communiri.

676 1616 927 1687 Datum
959 1616 1374 1707 Beneventi,
1416 1637 1602 1688 anno
1645 1617 1922 1688 Domini
1958 1616 2321 1688 millesimo
2357 1616 2831 1688 ducentesimo
2870 1613 3399 1709 quadragesimo

579 1741 883 1812 secundo
919 1739 1046 1836 (a),
1085 1741 1332 1813 ultimo
1358 1741 1572 1833 junii-5
1609 1741 1832 1834 prime
1864 1741 2281 1813 indictionis.

686 2315 1149 2418 Fridericus‚
1211 2315 1731 2398 Romanorum
1761 2295 2233 2422 imperator,
2302 2315 2456 2397 sive
2516 2315 2763 2422 potius
2830 2316 3143 2423 quidam
3205 2317 3399 2400 alius

583 2474 714 2531 rex
757 2446 1114 2531 fidelibus
1161 2449 1321 2530 suis
1377 2449 1677 2531 nuntiat
1724 2474 2002 2556 papam
2040 2448 2332 2530 noviter
2388 2448 2619 2529 fuisse
2672 2459 3048 2553 creatum,
3082 2475 3400 2533 monens

585 2592 671 2663 ut
704 2580 971 2663 laudes
1008 2580 1335 2665 Domino
1371 2581 1505 2690 qui
1544 2606 1762 2663 suam
1800 2581 2125 2689 respexit
2157 2579 2572 2662 Ecclesiam
2610 2580 3128 2662 decantentur.

749 2795 954 2874 (Edld.
995 2797 1269 2874 Banu,
1301 2794 1568 2872 Μίκκα,
1600 2805 1648 2858 t.
1681 2798 1743 2874 1,
1778 2814 1840 2875 p.
1882 2806 2187 2876 4⁵5-4583
2226 2797 2365 2858 coll.
2406 2813 2541 2857 cum
2579 2800 2757 2857 variis
2792 2796 2931 2856 bibl.
2973 2798 3168 2860 Cesar.
3210 2799 3394 2860 Paris.

824 2903 1171 2982 codicibus.)

689 3089 1066 3179 Imperator
1102 3089 1443 3161 univ-ersis
1479 3090 1675 3182 regni
1706 3088 2052 3161 fidelibus.
2088 3090 2426 3161 Excelsus
2463 3111 2674 3184 super
2708 3110 2951 3164 omnes
2985 3100 3229 3183 gentes
3258 3093 3399 3164 Do-

597 3212 826 3283 minus
865 3211 1053 3282 orbis
1105 3212 1421 3307 acephali
1469 3214 1842 3284 calamitati
1891 3214 2318 3309 compatiens
2372 3215 2599 3286 emisit
2643 3215 2733 3286 de
2786 3214 3150 3287 altitudine
3198 3237 3399 3288 mon·

597 3336 766 3405 tium
803 3355 1086 3404 manum
1131 3357 1328 3406 suam
1372 3347 1452 3406 ut
1496 3337 1939 3408 tabernacula
1989 3338 2338 3409 seniorum
2383 3339 2788 3431 alienigenis
2829 3339 2974 3429 jam
3024 3338 3405 3410 inhabitata

595 3459 859 3530 colonis
891 3468 964 3529 et
1001 3460 1390 3531 sanctuaria
1419 3462 1580 3532 Iesu
1613 3460 1860 3532 Christi
1891 3461 2117 3533 minus
2153 3461 2380 3554 dignis
2414 3463 2677 3557 polluta
2718 3462 3044 3533 ministris
3080 3472 3408 3556 purgaret

596 3605 635 3653 a
671 3583 841 3654 vitio
862 3636 882 3673 ,
911 3583 1227 3678 expiaret
1259 3604 1303 3655 a
1333 3584 1592 3655 scelere
1611 3637 1635 3674 ,
1677 3595 1747 3654 et
1776 3585 2184 3657 universalis
2217 3586 2530 3657 orbitatis
2566 3586 3045 3656 umbraculum
3076 3585 3406 3679 supersti-

599 3705 800 3777 tionis
853 3708 1113 3798 rejecta
1166 3707 1459 3800 caligine
1512 3707 1934 3780 illuminaret
1987 3711 2269 3803 speculo
2316 3710 2669 3781 claritatis.
2726 3710 3005 3781 Nullum
3049 3709 3268 3797 enim,
3330 3718 3409 3777 ut

598 3829 982 3919 credimus,
1023 3840 1384 3924 presentes
1416 3832 1586 3903 latet
1615 3832 1917 3925 latebras
1960 3833 2205 3905 mundi
2237 3836 2453 3924 latus,
2490 3834 2749 3904 nullius
2779 3853 2984 3903 aures
3013 3830 3220 3901 surde
3251 3850 3413 3923 pre-

599 3962 873 4024 tereunt
907 3964 1165 4046 quante
1196 3955 1656 4027 tribulationis
1685 3955 1936 4029 modus
1962 3956 2036 4027 in
2063 3958 2234 4029 orbe
2265 3957 2701 4028 resultaverit
2741 3964 2812 4025 et
2845 3956 2917 4023 in
2952 3953 3161 4042 urbe,
3197 3973 3414 4046 quan-

601 4084 805 4169 teque
840 4078 1199 4151 seditionis
1230 4080 1666 4152 iuvolucrum
1707 4081 2032 4177 antiquus
2062 4082 2372 4153 attulerit
2403 4088 2882 4175 persequutor,
2919 4077 3040 4169 qui
3073 4077 3130 4149 si
3158 4078 3413 4149 veritas

604 4200 733 4270 sub
768 4201 956 4273 nube
991 4224 1134 4274 non
1177 4204 1430 4295 lateat,
1466 4213 1734 4278 tantum
1768 4206 1840 4276 in
1873 4205 2220 4278 dominica
2252 4204 2460 4275 vinea
2490 4203 2682 4275 virus
2715 4203 3022 4273 evomuit
3055 4201 3245 4294 quod
3284 4202 3417 4272 nisi

604 4318 784 4393 filius
815 4325 941 4395 Dei
972 4325 1117 4397 vivi
1157 4326 1278 4421 qui
1313 4326 1404 4399 ad
1446 4327 1995 4423 redemptionem
2030 4327 2318 4399 humani
2349 4326 2622 4418 generis
2672 4325 2859 4417 quod
2898 4326 2986 4397 de
3027 4326 3190 4398 limo
3237 4335 3416 4396 terre

609 4452 1188 4543 transumpserat‚
1259 4449 1493 4523 subire
1551 4451 1936 4523 martirium
1997 4471 2140 4520 non
2188 4449 2511 4542 expavit,
2571 4471 2693 4521 sue
2746 4450 3109 4522 clementie
3166 4450 3414 4522 dexte·

692 4593 780 4675 (a)
821 4597 917 4659 Sic
941 4601 1006 4659 ln
1031 4601 1339 4673 omuibus3
1371 4601 1504 4662 luce
1528 4608 1728 4662 tamen
1760 4601 1977 4662 clarius
2001 4601 2313 4678 legendum
2339 4598 2771 4680 quadraqesimo
2796 4602 2981 4661 tercio.

3524 2314 3736 2418 msiffiq
