4364 5738
1033 606 1144 665 138
2025 608 2448 668 Fnlnssmct
2500 609 2849 669 SECUNDI
3459 612 3623 689 [Ans.
3660 613 3833 676 1243.

1024 739 1276 811 sentiat
1304 739 1843 831 germinaturam
1896 740 1988 812 ad
2036 742 2144 812 sui
2191 751 2412 813 status
2448 752 2521 813 et
2553 741 2838 813 honoris
2886 754 3363 835 augmentum.
3401 746 3593 819 Circa
3626 769 3835 841 quem

1023 864 1120 934 sic
1157 860 1627 935 favorabiliter
1667 874 1737 935 et
1771 865 2070 957 benigne
2112 885 2353 957 gerere
2395 885 2523 936 nos
2560 862 2869 937 confidas
2915 876 2985 937 et
3032 866 3124 938 ad
3159 868 3668 961 providendum
3708 871 3835 942 sibi

1021 988 1109 1058 de
1142 1008 1361 1060 uxore
1394 988 1795 1061 benivolum
1822 990 2253 1083 propositum
2278 988 2706 1083 concepisse,
2736 999 2815 1059 ut
2841 989 3021 1061 votis
3052 990 3184 1061 tuis
3216 991 3546 1083 gaudium
3579 1013 3831 1084 augea-

1023 1121 1132 1182 tur
1159 1121 1227 1181 et
1259 1132 1526 1182 moram
1551 1134 1776 1201 suam,
1810 1122 1949 1182 tam
1980 1112 2109 1182 sibi
2146 1112 2387 1183 utilem
2426 1123 2497 1183 et
2527 1112 2989 1184 necessariam
3025 1136 3236 1207 quam
3265 1115 3641 1206 jocundam
3677 1117 3827 1206 tibi,

1016 1234 1197 1306 circa
1229 1256 1356 1307 nos
1383 1236 1782 1307 continuam
1816 1257 1966 1307 esse
1996 1246 2344 1330 peroptes.

1983 1513 3432 1523 w-*ss*

606 1750 657 1792 In
685 1754 840 1795 castris
860 1761 962 1796 ante

617 1803 941 1902 4ἬῶἋῖᾓί
1119 1772 1583 1876 FridericuS‚
1674 1773 2194 1854 Romanorum
2275 1771 2712 1877 imperator,
2798 1769 3310 1879 llensivegnae
3399 1769 3828 1854 Florentino

1010 1904 1410 1986 mercatori
1455 1930 1594 2012 pro
1639 1904 1989 1986 undecim
2036 1902 2374 1985 millibus
2410 1902 2626 1985 libris
2671 1902 3161 1986 denariorum
3200 1903 3455 1986 vendit
3499 1903 3599 1985 ad
3631 1905 3826 1987 duos

1012 2062 1255 2120 annos
1306 2037 1809 2146 argenteriam
1874 2062 2094 2119 suam
2149 2036 2495 2119 Monterii
2550 2060 2729 2117 cum
2777 2034 2950 2143 jure
2996 2034 3322 2116 cudendi
3395 2047 3816 2143 monetam,
3871 2143 3876 2148 μ

1009 2197 1146 2258 nec
1181 2198 1335 2254 non
1384 2170 1561 2279 jura
1605 2170 2133 2278 passagiorum
2187 2195 2320 2250 seu
2375 2167 2849 2250 teloneorum
2901 2192 3099 2277 quae
3151 2168 3361 2250 curia
3415 2194 3557 2249 sua
3602 2166 3823 2250 debet

1006 2303 1285 2386 habere
1320 2303 1398 2383 in
1438 2304 1712 2386 Sancto
1747 2303 2082 2406 Minime,
2122 2303 2203 2382 in
2240 2299 2556 2383 Ficeclio
2593 2312 2667 2382 et
2702 2300 2915 2382 alibi.

1170 2519 1403 2598 (Edidit
1431 2519 1618 2596 ΕΔΜ,
1647 2518 1902 2577 Monum-
1935 2512 2126 2576 eccles.
2156 2512 2442 2593 Florem„
2472 2522 2618 2576 tom.
2653 2517 2715 2592 1,
2747 2533 2806 2592 p.
2841 2516 3009 2593 493.)

1101 2706 1517 2798 FrideriguS‚
1559 2706 1687 2776 Dei
1719 2705 1936 2796 gratia
1976 2704 2441 2775 Romanorum
2482 2705 2859 2798 imperator
2899 2725 3174 2797 semper
3210 2714 3579 2798 augustus,
3622 2705 3816 2776 Jeru-

1004 2832 1220 2903 salem
1256 2840 1326 2903 et
1357 2829 1584 2902 Sicilie
1621 2851 1774 2901 rex.
1819 2829 1948 2900 Per
1980 2849 2266 2923 presens
2308 2828 2639 2923 scriptum
2687 2803 2929 2900 notum
2972 2827 3260 2900 facimus
3299 2828 3641 2899 universis
3685 2828 3814 2900 im-

1003 2956 1173 3051 perii
1217 2954 1536 3027 fidelibus
1590 2964 1728 3026 tam
1780 2954 2217 3048 presentibus
2252 2974 2463 3044 quam
2510 2953 2757 3023 futuris
2789 2953 2983 3045 quod
3023 2973 3150 3024 nos
3187 2973 3316 3047 pro
3363 2953 3816 3049 expediendis

1000 3079 1092 3151 ad
1120 3100 1405 3174 presens
1439 3077 1673 3149 arduis
1718 3077 1984 3171 imperii
2024 3076 2320 3169 negotiis
2355 3097 2491 3171 que
2530 3075 2973 3165 incumbunt,
3011 3076 3455 3149 vendidimus
3491 3088 3565 3149 et
3603 3078 3811 3150 tradi-

1001 3203 1231 3274 dimus
1285 3212 1494 3305 atque
1549 3201 1879 3272 cessimus
1931 3201 2360 3293 Bensivegne
2422 3200 2787 3303 mercatori
2844 3200 3225 3291 Florentie,
3267 3199 3407 3275 filio
3463 3202 3812 3294 quondam

999 3325 1298 3418 Ugolini‚
1336 3324 1524 3397 fideli
1560 3334 1826 3427 nostrO,
1861 3346 1902 3395 a
1935 3325 2047 3396 die
2082 3324 2347 3395 scilicet
2380 3324 2705 3394 mercurii
2753 3324 3096 3417 presentis
3131 3325 3387 3395 mensis
3420 3327 3813 3399 novembris

998 3471 1220 3543 usque
1264 3449 1357 3521 ad
1393 3448 1570 3520 duos
1605 3470 1825 3521 annos
1865 3450 2246 3542 completos
2290 3448 2558 3519 futuros
2599 3444 3061 3539 argenteriam
3102 3458 3406 3520 nostram
3455 3451 3803 3542 Monta-ii,

996 3573 1206 3647 salvis
1255 3572 1536 3661 banniS‚
1576 3572 1810 3666 peniS,
1853 3572 2164 3643 exercitu
2215 3580 2425 3663 atque
2468 3571 2781 3642 custodia
2824 3571 3030 3643 castri
3069 3593 3277 3663 quam
3322 3574 3523 3645 nobis
3568 3585 3637 3646 et
3679 3574 3805 3646 im-

992 3698 1187 3797 perio
1241 3696 1770 3770 reservavimus,
1825 3694 2277 3766 Concedimus
2331 3694 2538 3765 etiam
2593 3694 2784 3788 quod
2839 3695 3014 3766 infra
3065 3696 3389 3768 eumdem
3441 3698 3808 3770 terminum

991 3824 1198 3895 liceat
1231 3822 1360 3893 sibi
1401 3820 1660 3892 ibidem
1696 3828 2046 3891 monetam
2090 3818 2585 3888 miliarensium
2625 3817 2882 3888 cudere
2921 3829 2993 3890 et
3034 3818 3195 3891 cudi
3247 3820 3475 3891 facere
3520 3820 3612 3893 ad
3653 3843 3803 3895 mo-

992 3948 1159 4021 dum
1216 3957 1285 4018 et
1330 3948 1624 4018 formam
1670 3965 1807 4036 que
1867 3943 1940 4012 in
1989 3942 2180 4014 sicha
2235 3942 2545 4014 Pisarum
2594 3952 2935 4014 servatur.
2996 3944 3313 4015 Preterea
3368 3946 3803 4018 vendidimus

990 4071 1470 4165 prenominato
1505 4067 1934 4159 Bensivegne
1970 4086 2096 4160 pro
2129 4066 2402 4138 duobus
2436 4065 2636 4137 annis
2673 4066 2921 4138 futuris
2957 4067 3276 4161 passadia
3310 4068 3455 4141 sive
3495 4070 3795 4160 telonea,

983 4194 1144 4284 jura
1180 4203 1249 4264 et
1282 4203 1658 4287 proventus
1699 4189 2173 4285 passagiorum
2218 4210 2356 4281 que
2404 4189 2595 4261 curia
2623 4200 2859 4262 nostra
2902 4190 3112 4263 debet
3148 4191 3406 4264 habere
3445 4193 3517 4263 in
3550 4196 3799 4266 Sancto

987 4315 1267 4387 Miniate
1305 4325 1374 4387 et
1410 4317 1560 4406 ejus
1592 4314 1819 4402 curia,
1859 4314 1930 4384 in
1971 4312 2265 4384 Ficeclio
2308 4322 2377 4383 et
2418 4314 2568 4404 ejus
2599 4313 2815 4403 curia,
2869 4314 2941 4383 in
2988 4316 3169 4386 valle
3209 4316 3506 4406 Nevole,
3546 4316 3796 4387 Ariane

989 4449 1060 4511 et
1077 4438 1293 4528 Lime,
1325 4447 1467 4509 tam
1499 4438 1572 4508 in
1597 4459 1779 4532 aqua
1803 4459 2013 4530 quam
2045 4437 2116 4507 in
2150 4446 2357 4527 terra,
2384 4458 2522 4528 que
2546 4446 2877 4508 consueta
2910 4448 3073 4509 sunt
3101 4437 3344 4511 baberi
3381 4448 3450 4510 et
3481 4440 3628 4512 tolli
3664 4449 3799 4512 tam

985 4560 1075 4633 de
1116 4559 1501 4655 pecudibus
1541 4582 1752 4653 quam
1794 4560 1881 4632 de
1918 4560 2070 4631 aliis
2112 4560 2293 4632 sicut
2337 4570 2745 4632 consuetum
2791 4571 2921 4633 est.
2983 4564 3113 4635 Pro
3157 4564 3409 4655 quibus
3452 4562 3794 4636 venditio-

982 4686 1189 4757 nibus
1239 4683 1547 4779 prefatus
1584 4683 2013 4775 Bensivegna
2060 4683 2251 4755 curie
2305 4693 2539 4756 nostre
2595 4684 2668 4756 in
2719 4686 3027 4778 presenti
3074 4686 3268 4759 dedit
3333 4697 3402 4759 et
3455 4687 3663 4760 solvit
3708 4685 3796 4758 de
