4364 5738
589 593 789 651 Iunior.
832 591 955 667 15.]
1480 588 1878 648 HISTORIA
1932 588 2527 650 DIPLOMATICA.
3334 590 3411 650 47

587 726 856 799 civibus
912 734 983 796 et
1042 724 1304 794 civitati
1362 723 1749 795 Coloniensi
1814 733 2149 818 perpetuo
2201 722 2710 794 confirmamus,
2777 722 2889 794 Ad
2944 722 3152 815 hujus
3203 724 3413 815 igitur

588 859 823 921 nostre
861 846 1402 919 confirmationis
1439 848 1743 918 futuram
1781 847 2184 919 memoriam
2218 858 2289 919 et
2323 847 2638 919 stabilem
2665 846 3087 934 firmitatem,
3125 869 3411 941 presens

587 974 1027 1069 privilegium
1063 972 1212 1043 fieri
1246 981 1317 1043 et
1344 973 1724 1064 maJestatis
1759 983 1993 1045 nostre
2036 973 2262 1064 sigillo
2287 973 2620 1064 jussimus
2655 972 3092 1043 communiri.

687 1099 908 1190 Hujus
963 1096 1062 1167 rei
1120 1106 1330 1167 testes
1381 1105 1545 1166 sunt
1596 1123 1617 1170 z
1663 1096 2027 1168 Bertoldus
2078 1096 2497 1168 venerabilis
2549 1096 3058 1189 Aquilegiensis
3113 1097 3410 1191 patriar-

585 1222 714 1294 cha
752 1220 883 1317 (1),
920 1220 1225 1291 Marinus
1263 1220 1584 1291 Barensis
1617 1220 2205 1314 archiepiscopus,
2248 1220 2516 1291 Ulricus
2549 1220 2988 1311 Tergestinus
3014 1220 3404 1315 episcopus,

584 1347 802 1417 frater
841 1343 1188 1417 Gerardus
1229 1344 1558 1436 magister
1611 1345 1860 1416 domus
1909 1346 2160 1416 Sancte
2206 1344 2418 1416 Marie
2465 1344 2998 1415 Teutonicorum
3043 1343 3115 1413 in
3161 1343 3406 1416 lheru-

584 1469 837 1558 salem,
907 1466 1246 1538 Henricus
1307 1465 1652 1560 Aquensis
1714 1468 2102 1561 prepositus
2155 1466 2531 1560 imperialis
2587 1468 2745 1537 aule
2810 1466 3403 1560 prothonotariuS,

584 1587 993 1685 Rudolphus
1033 1613 1269 1662 comes
1311 1590 1399 1662 de
1451 1590 2029 1685 Habchespurch‚
2066 1591 2456 1662 Fridericus
2493 1590 2732 1683 junior
2774 1590 3276 1683 burchgravius
3320 1589 3408 1661 de

584 1714 1051 1788 Norembercb
1077 1768 1097 1803 ,
1138 1714 1545 1787 Chunradus
1591 1714 1680 1786 de
1725 1714 2167 1804 Hohenloch,
2205 1715 2576 1786 Anselmus
2609 1714 2848 1804 junior
2887 1713 2976 1785 de
3006 1714 3405 1807 lustingen,

586 1840 881 1910 Wiricus
918 1839 1005 1911 de
1040 1841 1237 1910 Dune
1271 1836 1400 1933 (a),
1438 1837 1857 1910 Ludowicus
1888 1838 1977 1909 de
2009 1838 2505 1926 Virnesberch,
2546 1849 2618 1910 et
2647 1838 2762 1909 alii
2796 1839 3270 1931 quamplures,

682 1964 967 2055 Signum
1026 1962 1289 2034 domini
1342 1962 1703 2052 Friderici,
1760 1962 1884 2033 Dei
1923 1962 2144 2053 gratia
2188 1961 2617 2033 invictissimi
2671 1963 3134 2034 Romanorum
3187 1961 3407 2055 impe-

586 2091 833 2162 ratoris
870 2110 1146 2183 semper
1184 2088 1495 2181 augusti,
1536 2088 1918 2159 Jerusalem
1951 2099 2022 2159 et
2057 2087 2285 2159 Sicilie
2320 2088 2525 2178 regis.
2989 2178 2998 2187 Β

681 2214 855 2285 Acta
916 2222 1079 2284 sunt
1136 2211 1265 2283 hec
1324 2233 1510 2283 anno
1581 2211 1926 2284 dominice
2000 2210 2493 2282 incarnationis
2558 2212 2651 2282 M.
2678 2211 2802 2284 CC.
2871 2210 3402 2303 quadragesimo

586 2337 931 2426 secundo,
970 2357 1205 2407 mense
1247 2336 1481 2407 madio
1514 2332 1636 2431 (b),
1673 2334 2184 2429 quintedecime
2227 2334 2653 2423 indictioniS,
2694 2335 3079 2428 imperante
3120 2332 3402 2406 domino
3530 2318 3544 2329 ⁶

585 2471 821 2534 nostro
862 2459 1210 2532 Friderico
1262 2459 1755 2565 gloriosissimo
1802 2460 2268 2530 Romanorum
2316 2458 2731 2553 imperatore
2763 2478 3039 2551 semper
3073 2466 3395 2548 augusto,

585 2584 962 2654 Jerusalem
996 2591 1067 2653 et
1107 2581 1333 2653 Sicilie
1375 2603 1573 2673 rege,
1616 2603 1802 2652 anno
1834 2580 2122 2654 Romani
2161 2580 2434 2675 imperii
2480 2582 2632 2672 ejus
2671 2580 3000 2653 vicesimo
3050 2578 3394 2671 secundo,

587 2707 779 2799 regni
819 2707 1199 2778 Jerusalem
1243 2715 1489 2778 octavo
1522 2703 1819 2797 decimo,
1861 2706 2056 2798 regni
2100 2726 2271 2777 vero
2315 2706 2544 2777 Sicilie
2586 2704 3118 2797 quadragesimo
3157 2704 3402 2797 quinto

585 2831 899 2903 feliciter.
938 2827 1187 2900 Amen.

679 2955 934 3025 Datum
971 2953 1229 3046 Capue,
1270 2971 1483 3040 ann0,
1525 2970 1766 3024 mense
1803 2959 1873 3022 et
1898 2949 2274 3022 indictione
2316 2949 2735 3044 prescriptis.

687 3500 1150 3608 FridericuS,
1197 3501 1719 3585 Romanorum
1778 3501 2217 3610 imperator,
2271 3500 2372 3580 ad
2425 3500 3051 3608 supplicationem
3114 3503 3394 3586 civium
3528 3524 3725 3622 0333?-

587 3633 1677 3744 Coloniensium,privilegium
1714 3632 1813 3715 ab
1848 3633 2169 3716 Henrico
2210 3631 2654 3715 Coloniense
2689 3633 2924 3716 electo
2962 3660 3165 3717 anno
3196 3638 3398 3718 1229

583 3767 690 3850 eis
751 3794 1197 3852 concessum
1256 3768 1692 3876 confirmat,
1761 3767 2102 3852 videlicet
2163 3767 2260 3849 de
2314 3766 2535 3849 bonis
2589 3765 3260 3851 consuetudinibus
3319 3776 3394 3848 et
3434 3763 3440 3770 ’

581 3902 790 4010 quod
826 3910 1037 3983 extra
1078 3900 1474 3985 Coloniam
1510 3901 1590 3981 in
1618 3900 1749 4010 jus
1783 3901 2036 3983 vocari
2073 3926 2228 3982 non
2267 3900 2587 4009 possint.
3508 3897 3512 3901 ’

662 4068 747 4149 (a)
790 4070 1021 4132 Scilicet
1046 4071 1243 4131 Dana.

663 4174 746 4255 (b)
790 4178 905 4253 Ap.
926 4177 1362 4237 Hansselmann
1380 4176 1613 4249 martio,
1633 4175 1808 4238 male.

584 4410 685 4469 hoc
719 4410 1063 4484 privilegium
1092 4426 1236 4468 nunc
1262 4410 1544 4468 etiterum
1578 4409 1635 4466 in
1660 4408 1902 4482 sequenti
1944 4408 2265 4465 documento
2305 4404 2719 4478 confirmaverit,
2760 4415 2820 4465 ut
2846 4423 2938 4467 eos
2972 4407 3031 4465 in
3056 4424 3208 4466 suam
3235 4409 3394 4466 fidem

584 4507 817 4564 strictius
842 4507 1119 4563 retineret.

655 4604 725 4676 (4)
764 4624 790 4658 α
819 4605 1000 4661 Mense
1020 4603 1157 4676 junii
1178 4601 1475 4676 patriarcha
1502 4600 1877 4674 Aquilegensis
1893 4600 1984 4673 qui
2003 4598 2254 4672 profacto
2277 4601 2624 4658 Tartaron-um
2649 4601 2718 4658 ad
2743 4603 3122 4677 imperatorem
3147 4605 3386 4671 venerat,

586 4699 889 4759 licentiatus
917 4701 986 4758 ab
1011 4716 1075 4758 (ο
1102 4700 1157 4755 in
1180 4715 1279 4758 sua
1309 4699 1532 4758 recedit.
1561 4718 1586 4752 ι
1608 4698 1749 4755 llice.
1784 4697 1850 4754 de
1880 4696 1944 4753 S.
1973 4697 2156 4754 Germ.
2184 4696 2409 4767 Chr-on„
2444 4696 2512 4756 ad
2536 4712 2663 4753 ann.
2694 4700 2858 4756 ⁴2⁴2.
