4364 5738
1059 579 1185 641 ⁴34
2057 578 2487 640 tammum
2538 578 2882 640 SEcuNm
3494 579 3660 658 [An.
3695 579 3871 643 12⁴6.

1060 710 1462 804 hujusmodi
1491 714 1848 806 signaculo
1878 714 2198 787 celeriter
2227 725 2298 784 et
2324 711 2612 785 viriliter
2642 733 2718 784 se
2745 714 3137 808 accingant,
3170 713 3496 786 studiosis
3523 726 3595 785 et
3618 715 3876 788 sedulis

1062 833 1659 909 exhortationibus
1683 837 2013 910 inducere
2045 836 2454 933 procuretis.
2491 835 2633 909 Nos
2668 836 2854 907 enim
2888 836 2977 908 de
3000 836 3492 931 omnipotentis
3515 838 3642 910 Dei
3665 840 3873 912 mise·

1061 957 1353 1031 ricordia
1385 969 1455 1031 et
1479 960 1841 1033 beatorum
1867 960 2049 1033 Petri
2079 970 2151 1031 et
2175 957 2366 1031 Pauli
2396 960 2864 1054 apostolorum
2887 959 3038 1051 ejus
3060 960 3467 1034 auctoritate
3490 960 3756 1058 confisi,
3782 986 3874 1036 ex

1061 1080 1179 1154 illa
1215 1104 1427 1174 quam
1460 1084 1663 1156 uobis
1691 1084 1854 1156 licet
1885 1083 2186 1176 indignis
2215 1084 2404 1154 Deus
2435 1081 2694 1175 ligandi
2735 1092 2950 1177 atque
2979 1083 3294 1156 solvendi
3319 1085 3610 1160 contulit
3644 1097 3870 1182 potes-

1064 1214 1231 1296 tate,
1264 1207 1588 1278 omnibus
1615 1207 1734 1300 qui
1761 1209 2069 1279 laborem
2098 1206 2307 1278 istum
2340 1206 2408 1277 in
2443 1205 2738 1301 propriis
2769 1206 3083 1302 personis
3113 1207 3476 1279 subierunt
3506 1219 3580 1281 et
3607 1230 3870 1306 expeu-

1061 1329 1155 1400 sis
1190 1339 1262 1401 et
1293 1329 1392 1401 eis
1423 1329 1543 1423 qui
1573 1352 1715 1403 non
1757 1331 1829 1403 in
1869 1330 2182 1425 personis
2225 1329 2520 1425 propriis
2557 1329 3054 1421 laboraverint,
3076 1330 3202 1403 sed
3233 1332 3305 1402 in
3337 1330 3481 1403 suis
3510 1331 3872 1405 dumtaxat

1060 1453 1449 1548 sumptibus
1468 1454 1676 1545 juxta
1711 1453 2108 1525 facultatem
2134 1474 2330 1524 suam
2361 1462 2432 1524 et
2457 1452 2858 1545 qualitatem
2887 1454 3175 1525 idoneos
3203 1453 3701 1527 destinaverint
3729 1457 3872 1527 bel·

1061 1576 1343 1664 latores,
1379 1597 1650 1648 necnon
1678 1577 1814 1648 illis
1844 1577 1963 1670 qui
1991 1577 2152 1649 licet
2178 1599 2251 1648 m
2283 1576 2525 1648 alienis
2553 1576 2905 1672 expensis,
2941 1578 3010 1649 in
3041 1578 3337 1673 propriis
3373 1588 3606 1650 tamen
3633 1601 3865 1675 perso·

1061 1699 1171 1770 nis
1204 1719 1381 1769 onus
1413 1698 1596 1771 istud
1629 1700 2159 1795 assumpserint,
2197 1699 2383 1771 illam
2416 1720 2703 1771 suorum
2729 1710 3169 1794 peccatorum
3205 1702 3293 1773 de
3324 1703 3581 1795 quibus
3610 1704 3868 1775 veraci·

1064 1834 1169 1893 ter
1199 1820 1410 1894 corde
1438 1822 1712 1893 contriti
1739 1833 1809 1893 et
1837 1844 1959 1894 ore
1991 1821 2285 1894 confessi
2321 1821 2576 1893 fuerint
2617 1822 2894 1893 veniam
2925 1822 3364 1917 indulgemus
3398 1825 3725 1920 ipsosque
3755 1828 3868 1900 illo

1062 1942 1422 2038 privilegio
1450 1944 1707 2036 illaque
1742 1944 2174 2017 immunitate
2209 1944 2516 2039 gaudere
2550 1945 2875 2018 volumus
2908 1968 3046 2040 que
3091 1955 3276 2020 terre
3313 1958 3551 2022 sancte
3591 1972 3865 2022 succur-

1060 2066 1374 2138 rentibus
1419 2066 1489 2136 in
1535 2068 1840 2158 generali
1883 2069 2178 2140 concilio
2231 2078 2394 2140 sunt
2442 2089 2812 2160 concessa,
2864 2069 3073 2162 hujus
3125 2093 3406 2166 quoque
3456 2074 3868 2147 remissionis

1061 2189 1507 2262 concedimus
1533 2212 1684 2261 esse
1711 2192 2081 2287 participes
2105 2192 2314 2285 juxta
2339 2192 2797 2284 quantitatem
2828 2192 3115 2265 subsidii
3148 2204 3221 2266 et
3245 2195 3635 2269 devotionis
3663 2198 3864 2271 affec-

1062 2321 1237 2402 tum,
1262 2333 1505 2383 omnes
1531 2314 1652 2407 qui
1679 2314 2013 2387 adversus
2042 2314 2303 2386 dictum
2330 2314 2767 2387 Fredericum
2798 2325 2869 2387 et
2899 2316 3048 2409 ejus
3066 2318 3369 2390 fautores
3394 2318 3483 2391 de
3509 2320 3712 2393 bonis
3732 2322 3868 2393 suis

1059 2453 1364 2526 congrue
1401 2435 1888 2507 ministrabunt
1915 2446 2038 2508 aut
2062 2437 2425 2509 consilium
2462 2447 2532 2509 et
2560 2438 2898 2509 auxilium
2930 2439 3393 2535 impenderint
3423 2453 3857 2539 oportunum.

1155 2556 1406 2628 Datum
1436 2558 1783 2651 Lugduni,
1811 2560 1872 2632 V
1897 2559 2229 2633 kalendas
2246 2560 2402 2652 julii
2431 2559 2565 2657 (l),
2601 2583 2786 2635 anno
2816 2563 2960 2633 111⁰.

1165 3168 1544 3251 lohannes
1600 3170 1997 3277 MorenuS,
2054 3171 2415 3279 magister
2467 3178 2913 3278 procurator
2965 3167 3217 3249 curiae
3270 3166 3740 3275 Principatus
3792 3173 3865 3246 et

1061 3300 1336 3383 Terrae
1388 3301 1747 3409 Laboris,
1802 3314 2096 3411 recepto
2151 3303 2514 3384 mandato
2549 3299 2924 3409 imperiali
2973 3299 3192 3409 cujus
3228 3310 3443 3382 tenor
3477 3298 3856 3403 inseritur,

1059 3430 1321 3514 scribit
1354 3432 1654 3542 Hugoni
1693 3433 1788 3515 de
1815 3432 2057 3515 Sarno
2095 3444 2376 3515 statuto
2413 3457 2639 3540 super
2673 3430 3078 3537 demaniis,
3110 3430 3476 3513 revocatis
3511 3439 3585 3510 et
3618 3426 3860 3510 eecle-

1056 3563 1188 3646 siis
1231 3564 1679 3647 vacantibus
1728 3564 2200 3672 Principatus
2249 3573 2325 3646 et
2368 3574 2611 3645 terrae
2660 3563 3230 3645 Beneventanae
3274 3572 3360 3643 ut
3407 3558 3859 3643 monasterio

1058 3695 1373 3778 Cavensi
1445 3694 1796 3777 ecclesias
1867 3705 1942 3776 et
2014 3707 2253 3776 terras
2324 3720 2518 3803 quas
2587 3694 2996 3777 Riccardus
3056 3693 3154 3774 de
3216 3691 3609 3774 Fasanella
3629 3752 3653 3796 ,
3728 3689 3858 3770 filii

1052 3829 1447 3936 quondam
1477 3827 1755 3937 judicis
1809 3826 2046 3932 Petri,
2090 3825 2540 3908 Guillelmus
2590 3826 2686 3907 de
2720 3825 3009 3929 Ehulo,
3050 3822 3374 3906 lacobus
3420 3824 3859 3906 Gentetorus

1122 4199 1196 4270 (⁴)
1234 4201 1335 4271 Ap.
1367 4198 1548 4256 noller
1570 4198 1760 4271 legitur
1789 4198 1830 4252 V
1850 4197 1976 4253 idus
1992 4195 2131 4271 julii
2154 4215 2170 4253 :
2193 4195 2340 4270 quod
2376 4195 2451 4252 ita
2480 4196 2850 4269 corrigendum
2881 4203 2968 4254 est
2998 4212 3065 4253 ex
3093 4195 3246 4270 eopia
3274 4195 3577 4253 authentica
3598 4209 3758 4268 quam
3783 4195 3847 4251 cl.

1046 4295 1133 4352 vir
1159 4294 1227 4351 de
1252 4295 1502 4352 Cherrier
1536 4312 1604 4351 ex
1630 4294 1848 4352 archivo
1881 4295 2140 4352 Vaticano
2171 4293 2505 4368 deprompsit
2540 4300 2598 4350 et
2634 4293 2913 4350 nobiscum
2939 4308 3037 4351 sua
3074 4293 3233 4352 solita
3268 4292 3590 4349 liberalitate
3623 4307 3857 4350 commu-

1045 4389 1265 4448 nicavit.
1308 4390 1487 4459 Quum
1521 4406 1652 4447 vero
1686 4391 2027 4450 Innocentius
2061 4407 2169 4449 non
2204 4407 2237 4448 a
2270 4391 2356 4448 die
2396 4390 2671 4449 electionis
2709 4407 2839 4448 suae
2870 4391 2941 4447 25
2961 4390 3135 4462 junii,
3183 4389 3276 4446 sod
3310 4405 3345 4446 a
3378 4389 3466 4446 die
3503 4388 3854 4447 coronationis

1045 4488 1116 4546 28
1131 4487 1288 4560 junii,
1312 4502 1481 4544 anuos
1499 4486 1837 4559 pontificatus
1863 4488 1947 4545 sui
1969 4489 2352 4558 numeraverit,
2373 4489 2566 4545 tertius
2590 4502 2767 4545 annus
2791 4502 2962 4560 usque
2987 4486 3055 4543 ad
3077 4485 3222 4542 hunc
3244 4486 3384 4544 diem
3410 4486 3634 4559 produci
3661 4491 3852 4560 potest.

1043 4585 1177 4642 Inde
1202 4583 1528 4641 Boehmerus
1549 4583 1824 4657 epistolam
1852 4600 2027 4659 papae
2052 4585 2294 4659 ejusdem
2323 4585 2504 4643 datam
2533 4586 2605 4642 vl
2633 4584 2889 4642 kalendas
2908 4583 3026 4657 julii
3042 4626 3057 4653 ,
3083 4599 3225 4641 anno
3247 4583 3348 4653 111,
3374 4583 3441 4639 ad
3467 4598 3667 4640 annum
3695 4585 3850 4652 ⁴266,

1042 4701 1148 4743 non
1174 4697 1305 4740 vero
1334 4684 1494 4753 ⁴245,
1522 4697 1786 4755 reponere
1812 4697 1920 4739 nou
1946 4682 2236 4740 dubitavit.
2267 4682 2347 4740 Cf.
2379 4681 2510 4739 God.
2541 4682 2765 4756 diplom.
2787 4679 3237 4755 Momoftancos„
3263 4697 3319 4754 p.
3340 4681 3431 4737 7¹7.
