4364 5738
652 531 851 589 lxmcr.
890 528 1017 606 15.]
1539 526 1932 586 HISTORIA
1983 522 2576 587 DIPLOMATICA.
3429 515 3469 572 3

651 672 1077 759 persecutor,
1115 683 1259 734 non
1301 660 1604 733 debebat
1638 662 1883 734 deesse
1930 661 2288 750 defensor,
2338 656 2696 755 presertim
2737 676 2895 725 cum
2939 651 3157 723 virtus
3202 648 3471 744 imperii

656 786 1099 859 transcendat
1137 787 1525 874 hominem,
1571 795 1641 857 et
1676 786 1896 857 leonis
1936 786 2227 877 vestigia
2268 781 2590 854 animalia
2633 779 2903 870 singula
2952 776 3463 871 pertimescant.

655 914 810 984 Non
842 912 1052 1003 igitur
1084 911 1273 1003 regia
1311 910 1650 983 celsitudo
1678 910 1996 1001 miretur,
2038 910 2094 980 si
2141 909 2444 1004 prelatos
2487 904 2772 976 Francie
2818 903 2886 972 in
2940 909 3235 994 angusto
3284 908 3476 971 tenet

656 1037 1044 1129 Augustus,
1079 1035 1201 1128 qui
1228 1035 1321 1106 ad
1347 1034 1612 1107 Cesaris
1646 1034 2000 1125 angustias
2032 1033 2459 1104 nitebantur.

769 1598 1230 1703 FridericuS,
1290 1599 1808 1681 Romanorum
1864 1599 2304 1707 imperator,
2345 1597 2648 1695 cuidam
2703 1595 3193 1678 Alemanniae
3246 1595 3476 1703 prin-

667 1731 811 1838 cipi
850 1730 971 1840 (1)
1017 1731 1305 1837 scribit,
1356 1756 1675 1813 monens
1711 1731 1922 1842 quod
1947 1758 2126 1814 cum
2172 1758 2266 1813 ex
2316 1732 2632 1814 adverso
2679 1729 3108 1812 turbatores
3154 1729 3360 1836 pacis
3409 1738 3485 1811 et

668 1862 963 1970 imperii
1011 1862 1592 1970 insurrexerint,
1642 1873 1949 1973 experta
2012 1863 2203 1973 fides
2267 1863 2700 1973 principum
2770 1887 3034 1945 eorum
3086 1859 3486 1943 conatibus

670 1994 953 2102 obviet,
993 1995 1445 2107 nuntiatque
1482 2022 1563 2079 se
1598 2006 1769 2105 post
1805 1996 2234 2105 proximam
2274 1997 2448 2079 novi
2485 1995 2861 2104 pontificis
2896 1995 3483 2104 promotionem,

672 2128 748 2207 in
790 2128 1275 2212 Germaniam
1311 2156 1618 2239 gressus
1658 2155 1836 2213 suos
1871 2155 2437 2213 conversurum.

836 2346 857 2416 (
867 2343 1081 2403 Inedit.
1097 2360 1174 2404 ex
1193 2344 1323 2404 cod.
1349 2342 1628 2404 Biblioth.
1661 2341 1858 2404 Cesar.
1881 2343 2222 2405 vindobon.
2243 2343 2400 2402 dicto
2418 2338 2770 2423 Philoloqus,
2788 2352 2856 2402 n⁰
2874 2351 3013 2420 805,
3032 2341 3138 2401 fol.
3163 2349 3273 2401 153
3293 2357 3487 2421 verso,

921 2458 1032 2509 154
1061 2449 1269 2528 recto.)
2917 2468 2924 2471 ⁷

641 2649 644 2652 ’
770 2635 1208 2729 FredericuS,
1243 2647 1378 2709 etc.
1412 2638 1592 2710 Olim
1624 2639 2005 2711 existentes
2049 2639 2119 2709 in
2166 2639 2579 2729 Theutonia‚
2635 2637 2944 2731 generali
2987 2637 3381 2732 principum
3426 2646 3500 2708 et

677 2759 1051 2832 universali
1089 2759 1310 2832 tocius
1339 2760 1699 2833 Alemanie
1739 2763 1929 2835 curia
1961 2775 2409 2855 congregata,
2450 2762 2704 2833 fuimus
2738 2762 2831 2833 ab
2864 2761 3205 2833 universis
3236 2760 3493 2856 princi·

679 2884 880 2977 pibus
913 2894 985 2956 et
1010 2885 1351 2977 exquisita
1391 2886 1610 2957 tocius
1637 2887 1826 2958 curie
1863 2887 2364 2960 deliberatione
2399 2887 2811 2978 submoniti,
2838 2887 3264 2958 acclamante
3301 2883 3503 2956 nobis

680 3007 1126 3079 universitate
1157 3009 1623 3103 presentium,
1666 3020 1745 3080 ut
1777 3006 1921 3106 [ad]
1957 3011 2454 3103 requirendam
2484 3010 2751 3082 Italiam
2782 3009 3254 3103 imperialibus
3288 3006 3504 3078 titulis

682 3132 872 3202 velut
904 3133 1020 3223 jus
1057 3132 1327 3226 imperii
1367 3133 1863 3205 hereditarium
1897 3155 1990 3206 ex
2029 3134 2451 3207 hereditario
2489 3134 2813 3226 antiquo,
2850 3132 3305 3228 personaliter
3341 3151 3503 3204 cum

683 3255 991 3326 exercitu
1040 3256 1471 3346 veniremuS,
1508 3257 2069 3350 promittentibus
2108 3258 2396 3350 singulis
2432 3258 2768 3349 juvamen
2814 3279 3096 3329 suarum
3139 3257 3388 3328 virium
3428 3264 3499 3327 et

684 3389 994 3451 conatus.
1029 3379 1170 3451 Nos
1203 3389 1433 3451 autem
1458 3382 1667 3471 juxta
1698 3381 2064 3475 prestitum
2097 3382 2298 3453 nobis
2329 3381 2721 3454 universale
2759 3382 3156 3474 consilium,
3194 3384 3505 3457 laborem

685 3502 946 3574 itineris
975 3513 1045 3575 et
1071 3503 1546 3577 difficultatem
1580 3526 2047 3600 expensarum
2078 3506 2171 3579 ad
2200 3505 2538 3577 honorem
2569 3505 2842 3600 imperii
2860 3506 3155 3578 libenter
3184 3528 3502 3603 assump-

687 3626 899 3698 simus
920 3679 940 3716 ,
974 3637 1364 3698 maternum
1393 3649 1686 3720 regnum
1715 3650 1875 3700 cum
1910 3630 2280 3723 opulentiis
2317 3629 2459 3701 suis
2502 3639 2689 3701 tanto
2722 3631 3001 3722 negotio
3042 3631 3495 3727 deputantes3

689 3748 953 3821 deliciis
967 3771 1249 3843 quoque
1267 3751 1589 3846 palatinis
1611 3751 2009 3844 abnuimuS,
2033 3762 2104 3824 et
2126 3753 2318 3825 omni
2339 3754 2572 3847 quiete
2591 3755 2806 3847 regali
2824 3754 3201 3848 postposita
3224 3776 3492 3827 moram

689 3873 1021 3965 elegimus
1061 3874 1479 3946 continuatis
1523 3877 1876 3949 laboribus
1911 3875 2013 3974 (a)
2045 3878 2116 3950 in
2162 3878 2530 3951 sudoribus
2569 3878 2870 3968 bellicis,
2909 3878 3146 3950 estivis
3193 3865 3541 3972 pulveri-⁶

688 3995 820 4069 bus
847 4007 918 4070 et
944 3998 1211 4094 hyemis
1241 3999 1647 4096 intemperie
1680 4002 2247 4096 protrahendam,
2284 4013 2362 4075 ut
2394 4004 2590 4074 labor
2617 4000 2874 4073 diutius
2908 4000 3000 4073 ad
3034 4010 3197 4074 vota
3229 4024 3505 4098 proces-

774 4173 858 4252 (α)
898 4174 1035 4235 Vox
1079 4172 1367 4238 laboribus
1407 4179 1470 4237 ln
1509 4178 1709 4239 eodlce
1748 4180 2069 4240 cancellata
2106 4179 2241 4250 fuit,
2284 4181 2380 4239 cui
2402 4178 2792 4239 substitutum
2832 4183 2922 4238 est
2964 4178 3339 4258 tempor-ihm,
3390 4180 3495 4240 sed

695 4296 930 4355 prorsus
958 4282 1179 4358 inepte.

771 4531 839 4603 (t)
874 4533 955 4590 Ad
981 4533 1351 4610 landgravium
1372 4539 1697 4615 Thuringiae
1723 4540 1814 4614 qui
1847 4509 1969 4614 post
1995 4538 2380 4614 archiepiscopi
2409 4541 2701 4613 Moguntini
2726 4542 3076 4602 defectionem
3111 4554 3368 4618 tanquam
3405 4546 3508 4601 im-

703 4627 833 4698 perii
857 4639 1173 4702 procurator
1194 4642 1504 4710 assumptus
1528 4643 1637 4711 est,
1666 4638 1812 4696 hanc
1837 4636 2113 4711 epistolam
2140 4635 2304 4696 fuisse
2328 4637 2588 4696 directam
2614 4637 2867 4698 libentius
2891 4640 3261 4701 crediderim.¹.

3551 1615 3856 1671 (Septembri.)
