4364 5738
558 2628 865 2687 [septembris

972 608 1087 668 124
1967 611 2391 671 anmuc!
2443 611 2787 670 sEcUxm
3405 609 3567 687 [Arm.
3605 610 3779 671 1243.

967 742 1037 813 in
1078 744 1331 837 quibus
1373 765 1503 814 nec
1552 744 1866 836 ejusdem
1914 745 2136 818 honor
2179 745 2484 817 Ecclesie
2536 744 2908 817 videbatur
2964 765 3093 816 nec
3139 765 3423 816 suorum
3474 743 3782 818 fidelium

965 867 1356 962 procurari,
1405 888 1546 939 non
1593 868 2001 940 duxerimus
2048 868 2537 958 annuendum,
2585 889 2627 939 a
2675 868 3027 962 presentia
3077 878 3314 940 nostra
3355 868 3610 942 infecto
3657 891 3780 963 pe-

963 990 1150 1062 nitus
1193 991 1407 1085 ipsius
1441 992 1632 1085 pacis
1673 994 1952 1085 negotio
1998 1001 2458 1064 recesserunt.
2512 991 2949 1088 Quapropter
2990 990 3404 1064 mandamus
3454 993 3778 1085 quatinus

961 1111 1204 1185 fideles
1232 1125 1301 1185 et
1340 1115 1630 1188 devotos
1657 1117 1961 1188 Ecclesie
1994 1117 2064 1187 in
2100 1115 2511 1188 Lombardie
2548 1115 2860 1210 partibus
2897 1115 3303 1187 constitutos
3341 1125 3421 1185 ut
3456 1115 3525 1185 in
3564 1115 3776 1208 ipsius

960 1237 1330 1310 devotione
1387 1239 1584 1310 solita
1643 1239 1981 1311 stabiliter
2032 1248 2482 1334 perseverent
2530 1238 2813 1332 suisque
2864 1239 3214 1331 obsequiis
3257 1247 3776 1333 perseveranter

959 1362 1316 1451 insistant,
1365 1362 1647 1433 studeas
1685 1372 1894 1457 prout
1949 1363 2282 1458 expedire
2330 1362 2587 1435 videris
2631 1362 3023 1435 affectuosis
3068 1361 3581 1434 inductionibus
3623 1361 3773 1431 ani·-

958 1504 1184 1574 mare;
1223 1485 1391 1579 ipsis
1423 1506 1516 1556 ex
1556 1494 1752 1579 parte
1789 1496 2026 1557 nostra
2054 1485 2446 1579 significans
2479 1487 2670 1581 quod
2704 1508 2868 1558 cum
2904 1486 3003 1557 eis
3037 1494 3107 1557 et
3139 1486 3291 1558 aliis
3321 1484 3623 1557 Ecclesie
3647 1485 3772 1557 de-

956 1607 1169 1697 votis,
1215 1619 1421 1703 prout
1477 1608 1701 1680 eidem
1750 1609 2056 1681 Ecclesie
2097 1630 2181 1681 ac
2241 1611 2375 1681 illis
2429 1609 2765 1706 expedire
2810 1610 3192 1682 viderimus
3242 1620 3314 1681 et
3357 1630 3494 1681 non
3540 1609 3765 1700 aliter,

952 1751 1196 1826 pacem
1231 1732 1410 1803 inter
1442 1733 1818 1804 Ecclesiam
1859 1733 2080 1828 ipsam
2122 1743 2194 1806 et
2242 1743 2697 1805 memoratum
2753 1735 3137 1830 principem
3183 1734 3603 1806 intendimus
3655 1752 3769 1803 re·

957 1855 1280 1927 formare.

1051 1981 1301 2051 Datum
1334 1980 1674 2074 Anagnie‚
1710 1983 1804 2053 IX
1836 1981 2166 2055 kalendas
2198 1982 2534 2074 octobris,
2575 2003 2762 2054 anno
2795 1983 3045 2078 primo.

1053 2624 1516 2729 FridericuS‚
1587 2625 2105 2708 Romanorum
2169 2625 2610 2732 imperator,
2678 2622 3000 2705 Tineoso
3050 2620 3166 2732 (a)
3227 2621 3446 2703 militi
3506 2620 3762 2703 Viter-

945 2755 1188 2838 biensi
1229 2756 1521 2865 scribit,
1564 2758 2192 2840 recommendans
2227 2781 2403 2839 eum
2441 2756 2538 2838 de
2574 2756 2959 2839 fidelitate.

1107 2996 1295 3076 (Edit.
1336 3001 1401 3058 in
1427 2998 1594 3059 Petri
1621 2996 1690 3057 de
1727 2998 1852 3059 Vin.
1884 2998 2074 3077 epira,
2109 2998 2214 3060 nb.
2250 2999 2326 3071 V,
2355 3013 2482 3075 cap.
2520 2997 2809 3069 LXXIX,
2846 2995 2979 3057 coll.
3021 3013 3158 3056 cum
3199 2995 3450 3057 codicib.
3490 2994 3753 3056 Guelfer-

1187 3104 1393 3165 bitano
1417 3110 1477 3164 et
1501 3105 2031 3177 mediomontano.)

1038 3319 1169 3390 Per
1215 3327 1489 3390 tuorum
1535 3339 1824 3413 operum
1866 3317 2368 3390 exhibitionem
2409 3317 2829 3389 laudabilem
2883 3327 2952 3389 et
2992 3317 3397 3387 relationem
3426 3314 3750 3387 Richardi

940 3442 1029 3515 de
1073 3494 1092 3512 .
1124 3494 1142 3512 .
1174 3494 1192 3512 .
1221 3439 1348 3537 (b),
1385 3440 1608 3514 fidelis
1637 3442 1882 3531 nostri,
1909 3441 2217 3537 plenarie
2247 3450 2749 3534 cognoscentes
2780 3439 2970 3536 quod
3002 3439 3184 3512 circa
3211 3439 3490 3511 servitia
3515 3448 3749 3510 nostra

937 3587 1343 3662 perseveras
1383 3575 1454 3638 et
1493 3565 1730 3637 existis
1772 3564 2070 3638 fideliter
2113 3576 2185 3638 et
2217 3566 2502 3657 devote3
2552 3575 2746 3637 tuum
2796 3564 3053 3638 exinde
3099 3563 3407 3636 studium
3453 3573 3523 3633 et
3565 3562 3750 3633 solli-

935 3692 1313 3765 citudinem
1370 3690 1990 3763 commendabilem
2037 3691 2286 3762 merito
2340 3690 2944 3779 commendamus;
2990 3688 3082 3760 ad
3133 3709 3270 3781 que
3307 3687 3629 3760 volumus
3680 3696 3747 3757 te

934 3816 1265 3912 deinceps
1305 3815 1531 3887 taliter
1566 3815 1866 3887 existere
1904 3815 2186 3908 vigilem
2227 3826 2297 3886 et
2327 3816 2695 3905 intentum,
2732 3824 2810 3886 ut
2844 3834 3120 3907 semper
3156 3820 3275 3883 tua
3301 3831 3592 3906 syncera
3619 3809 3742 3880 de·

933 3942 1119 4014 votio
1165 3951 1236 4013 et
1292 3938 1681 4014 sollicitudo
1722 3938 2002 4011 incensa
2053 3940 2122 4009 in
2172 3948 2409 4012 nostre
2447 3937 2827 4031 majestatis
2878 3936 3222 4033 presentia
3277 3943 3514 4029 pateat
3553 3954 3743 4005 com·

929 4065 1349 4138 mendanda.

1012 4268 1095 4349 (a)
1141 4272 1213 4330 In
1239 4269 1435 4329 codice
1456 4268 1783 4342 Guelferb„
1819 4267 2038 4328 Cuncta
2063 4268 2158 4328 vel
2194 4266 2416 4327 Tuneto
2447 4262 2623 4326 militi
2634 4285 2669 4342 ;
2696 4269 2760 4326 in
2787 4265 2918 4326 eod.
2947 4264 3365 4337 mediomont„
3396 4259 3595 4321 Tincta
3625 4258 3741 4317 mi-

830 4405 836 4411 ·
928 4374 1022 4439 liti
1058 4372 1414 4437 viterbiensi.
1442 4374 1814 4435 Arbitramur
1835 4380 2034 4435 tamen
2058 4374 2220 4435 hunc
2240 4390 2365 4435 esse
2383 4373 2726 4444 Tiueosnm‚
2743 4375 2912 4449 cujus
2929 4369 3083 4431 infra
3108 4382 3455 4447 responsum
3483 4365 3736 4425 edimus.

1011 4478 1095 4559 (b)
1252 4480 1388 4541 cod.
1433 4478 1754 4551 Guelferb„
1791 4478 1864 4537 R.
1906 4476 1975 4537 de
2022 4475 2317 4539 Vaeounilla
2356 4473 2829 4557 (Vomimillffn
2861 4479 2922 4536 ln
2946 4475 3077 4536 eod.
3108 4473 3523 4547 mediomont„
3552 4468 3627 4529 R.
3665 4465 3736 4527 de

937 4587 1104 4649 ναίει·
1229 4603 1265 4661 ,·
1291 4599 1471 4661 quam
1498 4583 1767 4643 ultimam
1794 4583 2100 4643 lectionem
2127 4585 2412 4661 potiorem
2442 4584 2760 4643 credimus.
