4364 5738
997 574 1109 632 132
1989 585 2417 644 FRlDERlCI
2467 584 2810 645 SECUNDl
3426 590 3586 671 [Arm.
3625 591 3799 653 1243.

576 1154 938 1259 ”vffissffl‘⁶
1095 1158 1519 1242 Fridericus
1539 1221 1562 1264 ,
1616 1161 2132 1244 Romanorum
2189 1160 2630 1268 imperator,
2688 1160 3034 1242 homines
3088 1169 3330 1241 terrae
3390 1158 3798 1268 Coneglani

627 1263 881 1307 ‘'mbffl‘
987 1290 1248 1374 fideles
1294 1319 1474 1374 suos
1512 1291 1609 1374 ab
1645 1292 1856 1373 omni
1892 1293 2232 1374 dominio
2268 1291 2671 1401 cujuslibet
2706 1291 3026 1375 civitatis
3062 1302 3137 1374 et
3173 1291 3582 1400 singularis
3618 1317 3800 1399 per-

988 1448 1217 1506 sonae
1251 1425 1548 1532 eximit,
1590 1434 1831 1507 terras
1869 1425 2049 1506 sitas
2086 1425 2163 1506 in
2209 1426 2643 1534 episcopatu
2683 1425 3074 1507 cenetensi
3111 1425 3502 1533 capitaneo
3538 1425 3796 1532 impe-

987 1554 1154 1637 riali
1220 1555 1523 1662 subjicit
1591 1570 1666 1639 et
1737 1558 2201 1666 praedictam
2266 1568 2544 1639 terram
2603 1558 3017 1666 Coneglani
3083 1556 3180 1639 ab
3234 1558 3444 1640 omni
3497 1557 3789 1664 debito,

986 1697 1207 1795 pacto
1267 1701 1398 1770 aut
1452 1691 1949 1796 promissione
2002 1689 2220 1771 factis
2278 1716 2455 1772 cum
2514 1691 2957 1774 hominibus
3021 1691 3337 1773 Tarvisii
3392 1690 3795 1773 rebellibus

987 1820 1147 1902 suis
1184 1821 1529 1904 absolvit.

1148 2037 1353 2117 (Edid.
1382 2038 1596 2110 Vxncx,
1622 2039 1783 2099 Scor.
1810 2036 1962 2098 della
1983 2038 2192 2098 Marcu
2221 2038 2467 2119 Triviq„
2496 2045 2642 2099 tom.
2675 2039 2758 2118 11,
2787 2039 3053 2113 docum„
3083 2047 3149 2098 n⁰
3177 2048 3277 2113 87,
3310 2055 3370 2115 p.
3406 2047 3503 2117 10,
3533 2055 3609 2100 ex
3630 2041 3794 2116 copia

1220 2147 1283 2204 in
1310 2145 1552 2206 archivo
1577 2148 1739 2207 civit.
1767 2145 2005 2223 Conegl.
2039 2144 2400 2223 desumpta.)

1075 2335 1149 2403 In
1203 2333 1482 2406 nomine
1537 2334 1964 2405 sanctissime
2026 2344 2097 2405 et
2141 2333 2500 2405 individue
2554 2332 2933 2403 Trinitatis.
2983 2330 3354 2403 Federicus
3402 2333 3788 2422 secundus,

976 2456 1212 2529 divina
1248 2459 1524 2529 favente
1558 2458 1922 2529 clementia
1950 2459 2418 2529 Romanorum
2447 2456 2826 2551 imperator
2852 2477 3126 2551 semper
3158 2467 3516 2548 augustus,
3549 2458 3790 2529 Hieru-

976 2583 1192 2653 salem
1235 2593 1304 2652 et
1344 2581 1570 2652 Sicilie
1622 2604 1775 2652 rex.
1823 2583 1954 2651 Pro
2010 2579 2171 2652 fidei
2229 2581 2491 2652 meritis
2531 2592 2601 2652 et
2641 2580 3132 2652 commoditate
3173 2581 3609 2652 servitiorum
3655 2604 3789 2674 que

976 2706 1276 2797 dignitas
1309 2705 1682 2802 imperialis
1719 2707 2075 2801 experitur
2110 2706 2181 2775 in
2216 2705 2545 2795 subditis,
2584 2703 2662 2775 fit
2690 2706 2878 2796 juste
2914 2705 3267 2777 translatio
3308 2706 3654 2778 bonorum
3683 2706 3790 2776 in·

976 2828 1282 2902 fidelium
1338 2830 1429 2902 ad
1477 2829 1754 2921 fideleS,
1800 2841 1871 2903 et
1919 2830 2431 2903 conditionibus
2480 2839 2549 2902 et
2589 2828 2831 2900 officiis
2874 2829 3362 2921 immunitatiS‚
3404 2841 3612 2925 prout
3666 2852 3790 2926 per

978 2965 1289 3050 tempora
1324 2953 1477 3052 (sic)
1506 2966 1574 3025 et
1606 2977 1836 3026 rerum
1873 2955 2171 3049 qualitas
2205 2954 2602 3050 persuadet,
2640 2965 3089 3048 promovetur
3118 2954 3455 3026 habitudo
3482 2956 3790 3027 locorum

977 3089 1048 3149 et
1078 3088 1296 3151 status
1329 3077 1635 3149 fidelium
1677 3080 2049 3174 ampliatur
2080 3101 2206 3173 per
2245 3100 2421 3172 quos
2459 3077 2685 3150 honor
2721 3078 2991 3173 imperii
3024 3079 3246 3169 viget,
3284 3079 3527 3174 recipit
3564 3079 3787 3151 incre·

975 3211 1286 3272 mentum
1327 3214 1396 3273 et
1437 3211 1844 3295 procuratur
1885 3201 2373 3273 exterminium
2421 3202 2721 3288 hostium
2765 3203 3178 3274 vicinorum.
3219 3203 3392 3274 Hinc
3436 3213 3542 3274 est
3584 3203 3789 3295 igitur

975 3325 1167 3418 quod
1220 3347 1379 3396 cum
1438 3324 1752 3397 homines
1809 3336 1989 3398 terre
2049 3327 2422 3419 Coneglani
2482 3324 2722 3399 fideles
2783 3327 3001 3398 nostri
3074 3326 3485 3397 excellentie
3556 3338 3785 3398 nostre

973 3448 1325 3520 humiliter
1356 3451 1830 3545 supplicarunt
1857 3462 1933 3522 ut
1981 3460 2232 3522 terram
2273 3452 2492 3546 ipsam
2526 3451 2616 3523 ab
2662 3450 2852 3522 omni
2894 3450 3203 3523 dominio
3247 3459 3319 3521 et
3359 3450 3782 3542 subjectione

973 3572 1343 3665 cujuslibet
1377 3574 1669 3646 civitatis
1712 3586 1781 3646 et
1814 3575 2180 3667 singularis
2216 3597 2510 3670 persone
2558 3576 2868 3647 eximere
2911 3574 3358 3668 dignaremur
3396 3583 3477 3645 ut
3510 3574 3782 3646 nonnisi

971 3700 1450 3772 tantummodo
1492 3700 1693 3771 nobis
1730 3709 1800 3771 et
1835 3699 2125 3795 imperio
2167 3708 2558 3789 teneantur,
2596 3708 2667 3769 et
2696 3709 2957 3789 castra,
2995 3699 3186 3787 loca,
3219 3698 3420 3769 villas
3460 3707 3531 3769 et
3570 3707 3783 3769 terras

970 3826 1135 3898 sitas
1161 3825 1232 3895 in
1262 3824 1662 3920 episcopatu
1693 3823 2051 3895 Cenetensi
2081 3834 2149 3895 et
2182 3824 2496 3897 homines
2527 3822 2920 3894 habitantes
2946 3822 3021 3894 in
3049 3823 3148 3894 eis
3180 3822 3542 3917 capitaneo
3570 3821 3781 3915 ipsius

971 3961 1151 4022 terre
1190 3950 1311 4045 qui
1344 3972 1470 4046 pro
1510 3959 1820 4044 tempore
1853 3971 1979 4044 pro
2010 3958 2207 4044 parte
2250 3959 2483 4021 nostra
2530 3962 2600 4020 et
2648 3947 2918 4043 imperii
2964 3947 3035 4017 in
3088 3958 3271 4020 terra
3307 3947 3457 4040 ipsa
3487 3955 3780 4017 statutus

969 4075 1210 4167 fuerit,
1238 4075 1579 4168 subjicere
1614 4075 2062 4163 deberemus;
2096 4095 2226 4145 nos
2251 4073 2688 4145 attendentes
2716 4072 3023 4168 ipsorum
3051 4070 3361 4142 fidelium
3390 4078 3782 4143 nostrorum

969 4198 1413 4273 devotionem
1452 4210 1523 4273 et
1557 4199 2022 4272 sinceritatem
2066 4196 2231 4269 fidei
2270 4220 2480 4291 quam
2515 4198 2606 4269 ad
2652 4218 2777 4269 nos
2821 4207 2890 4269 et
2924 4196 3293 4290 imperium
3346 4193 3664 4266 habuisse
3714 4201 3783 4265 et

970 4319 1228 4394 hahere
1255 4333 1661 4415 noscuntur,
1699 4324 2003 4418 ipsisque
2036 4321 2483 4418 petitionibus
2511 4320 2876 4414 benignius
2909 4319 3242 4409 inclinati,
3284 4328 3536 4390 terram
3564 4318 3781 4411 ipsam

969 4446 1367 4537 Coneglani,
1390 4444 1730 4536 homineS,
1751 4446 2220 4541 possessiones
2240 4455 2310 4517 et
2331 4446 2516 4517 bona
2539 4445 2754 4541 ipsius
2776 4445 2864 4517 ab
2888 4441 3077 4516 omni
3104 4441 3436 4529 dominio,
3465 4439 3783 4533 jurisdic-

972 4570 1156 4641 tione
1187 4579 1258 4640 et
1283 4569 1710 4661 subjectione
1741 4571 2110 4662 cujuslibet
2140 4570 2435 4643 civitatis
2466 4590 2590 4642 seu
2623 4568 2988 4662 singularis
3011 4586 3305 4662 persone
3333 4586 3616 4660 prorsus
3644 4562 3781 4635 exi·

968 4693 1220 4766 mimus
1251 4703 1331 4764 ut
1363 4693 1535 4764 nulli
1563 4692 1680 4763 alii
1713 4715 1922 4786 quam
1951 4694 2152 4765 nobis
2194 4702 2265 4765 et
2291 4693 2580 4790 imperio
2609 4692 3031 4789 respondere
3058 4692 3148 4764 de
3181 4699 3415 4763 cetero
3447 4688 3520 4760 in
3549 4687 3780 4781 aliquo
