4364 5738
659 2532 923 2578 Novembre.

1035 562 1159 628 ⁴oe
2036 563 2469 626 nmmum
2507 564 2857 627 suenum
3472 566 3639 645 [An.
3673 567 3852 632 lm.

1034 698 1443 771 clericorum
1474 698 1976 789 arrogantiam,
2006 698 2134 770 sed
2163 720 2293 795 per
2324 699 2618 774 sudores
2648 699 2936 772 bellicos
2966 699 3175 771 fuerit
3212 699 3659 792 acquisitum,
3696 721 3855 796 pre-

1035 822 1215 895 senti
1242 822 1524 894 decreto
1554 821 1866 894 omnium
1886 823 2287 914 juramento
2320 823 2685 895 statuimus
2712 832 2784 894 et
2816 822 3164 894 sancimus
3192 833 3271 894 ut
3296 824 3530 896 nullus
3564 825 3855 899 clericus

1035 947 1148 1018 vel
1191 945 1409 1018 laicus
1456 945 1669 1017 alium
1698 943 1802 1041 (a)
1832 945 1924 1017 de
1968 957 2203 1019 cetero
2249 947 2480 1018 trahat
2518 947 2592 1018 in
2631 967 2913 1018 causam
2959 965 3192 1018 coram
3236 947 3588 1020 ordinario
3618 948 3853 1040 judice

1034 1070 1147 1143 vel
1180 1069 1527 1161 delegato,
1562 1069 1694 1140 nisi
1727 1089 1938 1163 super
1962 1068 2214 1158 heresi,
2244 1071 2687 1144 matrimonio
2713 1070 2826 1142 vel
2858 1069 3114 1160 usuris,
3149 1071 3520 1144 amissione
3544 1073 3851 1146 omnium

1031 1195 1373 1268 bonorum
1399 1214 1685 1266 suorum
1703 1203 1773 1266 et
1793 1194 2000 1265 unius
2020 1194 2309 1265 membri
2329 1195 2760 1268 mutilatione
2783 1196 3401 1288 transgressoribus
3420 1196 3845 1289 imminente,

1033 1319 1240 1391 certis
1272 1339 1316 1389 a
1353 1318 1555 1390 nobis
1600 1339 1808 1412 super
1842 1316 1973 1389 hoc
2013 1317 2505 1389 executoribus
2542 1318 2893 1414 deputatis
2930 1329 3012 1390 ut
3052 1319 3153 1391 sic
3182 1317 3577 1410 jurisdictio
3616 1331 3850 1394 nostra

1033 1439 1472 1513 ressuscitata
1502 1441 1817 1536 respiret,
1850 1449 1919 1512 et
1949 1439 2079 1534 ipsi
2108 1440 2444 1513 hactenus
2471 1463 2565 1513 ex
2596 1451 2830 1514 nostra
2856 1442 3445 1537 depauperatione
3473 1442 3669 1514 ditati
3695 1445 3849 1538 qui-

1033 1566 1166 1636 bus
1205 1564 1536 1637 Dominus
1570 1574 1854 1660 propter
1884 1585 2126 1636 eorum
2166 1564 2562 1660 superbiam
2597 1567 2922 1662 profanas
2959 1566 3181 1639 voluit
3223 1567 3533 1639 revelare
3562 1577 3849 1639 conten-

1035 1687 1293 1778 tiones,
1338 1687 1760 1759 reducantur
1806 1687 1897 1759 ad
1953 1698 2210 1759 statum
2249 1689 2555 1760 Ecclesie
2604 1689 2954 1784 primitive
2977 1742 2996 1780 ‚
3034 1699 3107 1760 et
3157 1689 3228 1760 in
3274 1690 3848 1785 contemplatione

1031 1813 1373 1901 viventeS,
1392 1812 1592 1883 nobis
1622 1811 1804 1882 sicut
1833 1810 2038 1882 decet
2070 1811 2366 1882 activam
2394 1812 2610 1884 vitam
2646 1811 3085 1902 ducentibus,
3119 1811 3492 1884 ostendant
3517 1812 3845 1885 miracula

1032 1958 1170 2031 que
1196 1936 1464 2010 dudum
1494 1957 1535 2007 a
1566 1935 1800 2007 seculo
1832 1945 2265 2006 recesserunt
2277 1933 2409 2031 (⁴).

1135 2528 1373 2638 Ligue
1440 2537 1652 2610 entre
1700 2527 1833 2608 'les
1886 2526 2167 2608 barons
2226 2524 2555 2626 francais
2626 2536 2887 2606 contre
2947 2523 3061 2607 les
3115 2523 3685 2633 empietements
3733 2524 3840 2607 du

1026 2660 1304 2771 cler-ge.
1346 2661 1448 2743 Le
1496 2661 1647 2743 duc
1680 2661 1775 2741 de
1820 2657 2317 2766 Bourgogne,
2358 2655 2469 2739 les
2512 2666 2800 2739 comtes
2846 2656 2942 2739 de
2985 2656 3397 2764 Bretagne,
3436 2656 3841 2766 d'Angou-

1026 2792 1221 2878 Ieme
1275 2805 1351 2877 et
1406 2795 1502 2876 de
1549 2790 1972 2895 Saint-Pol,
2031 2801 2206 2873 sont
2258 2789 2423 2871 elus
2479 2814 2677 2898 pour
2739 2787 3100 2872 defendre
3155 2788 3267 2872 les
3319 2789 3560 2872 droits
3618 2791 3713 2872 de
3763 2789 3837 2871 la

1027 2925 1378 3012 noblesse
1419 2936 1494 3009 et
1542 2924 1938 3037 appliquer
1974 2926 2020 3005 a
2057 2922 2134 3005 la
2171 2921 2478 3006 defense
2523 2948 2930 3009 commune
2972 2922 3049 3004 la
3083 2921 3288 3007 levee
3332 2923 3686 3007 annuelle
3733 2924 3835 3004 du

1025 3058 1390 3139 centieme
1425 3059 1532 3138 du
1568 3082 1876 3138 revenu.

1187 3266 1380 3351 (Edit.
1409 3286 1507 3349 ap.
1538 3269 1735 3331 Mur.
1776 3270 2007 3347 puls,
2047 3269 2202 3332 Hm.
2245 3270 2379 3351 maj.
2417 3267 2692 3353 Anqlor„
2727 3288 2787 3348 p.
2820 3278 2961 3333 483.
2994 3303 3073 3314 —-
3106 3268 3356 3331 Preuves
3393 3266 3492 3331 des
3534 3267 3724 3333 libert.
3766 3268 3835 3329 de

1269 3358 1506 3457 FE'quse
1530 3370 1832 3457 qallicane,
1863 3382 1912 3437 t.
1946 3375 1996 3443 1,
2029 3392 2089 3451 p.
2120 3384 2223 3437 99.
2251 3376 2462 3436 Latino
2500 3392 2768 3435 sermone
2796 3378 3119 3436 versionem
3164 3380 3287 3436 sive
3322 3377 3624 3454 exemplar
3658 3375 3835 3436 edidit

1261 3498 1495 3559 quoque
1519 3483 1753 3557 vum,
1782 3478 1959 3541 Arch.
1993 3478 2325 3541 administr.
2358 3480 2427 3540 de
2455 3481 2665 3557 Reium,
2693 3488 2743 3540 t.
2776 3481 2842 3559 1,
2882 3489 2943 3540 2⁸
2969 3489 3153 3558 part„
3189 3499 3251 3558 p.
3286 3490 3435 3557 690,
3468 3499 3543 3541 ex
3581 3481 3826 3542 chartul.

1261 3590 1435 3648 lacer.
1469 3587 1768 3662 Laudun„
1803 3596 1870 3645 n⁰
1895 3596 1963 3660 6,
1994 3604 2127 3647 cum
2159 3588 2255 3647 his
2297 3590 2454 3647 notis
2491 3603 2506 3646 ε
2538 3589 2753 3647 Datum
2785 3603 2943 3646 anno
2976 3587 3213 3647 Domita
3235 3585 3533 3648 millesimo
3559 3585 3831 3646 ducente-

1257 3694 1401 3753 simo
1439 3693 1546 3753 XL
1568 3693 1805 3771 septimo
1842 3691 1960 3769 (sic
1999 3709 2107 3769 pro
2132 3696 2348 3767 sexto),
2380 3710 2569 3753 mense
2604 3690 2955 3762 novembri-25
2983 3709 3143 3753 nunc
3173 3692 3310 3755 coll.
3354 3711 3489 3754 cum
3526 3695 3738 3771 origin.
3768 3697 3825 3752 in

1256 3801 1423 3864 arch.
1454 3801 1651 3861 Cesar.
1681 3799 1897 3870 Paris„
1927 3797 2136 3858 Tmou·
2159 3796 2258 3858 dee
2280 3796 2527 3874 charta,
2557 3800 2615 3860 J.
2655 3808 2766 3860 198
2795 3799 2866 3872 B,
2898 3809 2964 3859 ιι·
2992 3797 3119 3877 84.)

1116 3988 1178 4063 Α
1211 3998 1370 4061 touz
1401 3988 1544 4059 cels
1573 3986 1694 4081 qui
1722 4006 1837 4057 ces
1872 3986 2080 4056 letres
2118 3995 2404 4057 verront
2444 4006 2573 4058 nos
2617 3986 2745 4057 tuit
2784 3985 2875 4058 de
2924 3985 3046 4078 qui
3094 3985 3143 4055 li
3191 3984 3333 4058 seel
3382 3985 3693 4082 pendent
3726 4004 3824 4055 en

1020 4121 1165 4191 cest
1195 4120 1477 4206 present
1524 4109 1730 4181 escrit
1765 4108 2020 4180 saisons
2065 4108 2339 4181 asavoir
2386 4130 2474 4203 qe
2518 4130 2649 4181 nos
2687 4130 2816 4205 par
2845 4110 2913 4180 la
2963 4108 3056 4181 foi
3106 4107 3196 4180 de
3228 4128 3360 4182 noz
3398 4129 3553 4182 cors
3584 4128 3672 4202 qe
3702 4126 3826 4177 nos

1101 4297 1188 4375 (a)
1232 4298 1566 4374 tegendum
1590 4305 1788 4357 tamen
1814 4293 2087 4376 aliquem.

1023 4476 1184 4496 ι,
3594 4469 3815 4483 -·—

1090 4584 1158 4656 (4)
1195 4581 1274 4640 Cf.
1304 4597 1486 4655 supra,
1506 4582 1660 4653 epist.
1679 4581 1948 4639 Frederici
1972 4600 1984 4637 ε
2011 4581 2143 4639 Illos
2161 4582 2361 4654 felices,
2381 4588 2513 4652 etc„
2537 4581 2593 4637 in
2615 4596 2723 4652 qua
2746 4579 2856 4638 fere
2883 4579 3074 4638 eadem
3095 4579 3261 4638 verba
3287 4585 3413 4637 sunt
3435 4597 3450 4634 ι
3472 4578 3693 4650 Semper
3714 4577 3823 4649 tuit

1015 4688 1227 4740 merae
1256 4679 1563 4738 voluntatis
1588 4679 1850 4750 intentio,
1881 4686 2001 4749 etc„
2033 4695 2087 4753 p.
2116 4682 2241 4736 393.
