4364 5738
538 618 743 677 lamet.
773 612 867 696 4.]
1429 609 1824 672 HISTORIA
1872 606 2465 670 D1PLOMAT1cA.
3241 608 3360 671 357

543 749 651 821 sui
682 769 893 842 quem
920 747 1010 820 ab
1037 746 1328 842 imperio
1357 755 1546 819 tenet
1578 757 1648 818 et
1679 726 2186 817 restitutionem
2220 742 2447 814 eidem
2469 739 2621 837 (sic)
2638 738 2766 837 (a).
2795 743 3014 837 Opem
3045 753 3363 837 preterea

544 881 617 944 et
650 892 934 969 operam
971 870 1290 944 dabimus
1322 869 1620 964 qualiter
1653 880 1953 942 castrum
2002 867 2392 961 predictum
2429 867 2637 958 juxta
2677 866 3102 960 presentium
3142 888 3359 961 nego-

544 995 798 1067 tiorum
852 1005 935 1067 et¹
969 994 1300 1088 temporis
1344 992 1747 1086 qualitatem
1787 991 1881 1064 ad
1914 1011 2162 1062 manus
2206 998 2477 1062 nostras
2521 997 2594 1059 et
2636 987 2906 1082 imperii
2937 990 3167 1062 valeat
3197 1012 3360 1084 per-

545 1118 862 1191 transire.
882 1117 996 1189 Ad
1027 1118 1226 1209 cujus
1251 1116 1354 1188 rei
1382 1115 1784 1187 memoriam
1812 1114 1885 1186 et
1909 1113 2228 1186 stabilem
2259 1111 2683 1202 firmitatem,
2713 1132 2999 1205 presens
3030 1111 3361 1206 scriptum

544 1240 693 1316 fieri
744 1251 817 1313 et
864 1240 1056 1312 bulla
1104 1260 1319 1312 aurea
1374 1238 1644 1335 typario
1692 1249 1928 1311 nostre
1982 1235 2364 1329 majestatis
2409 1235 2747 1329 impressa
2789 1234 3121 1326 jussimus
3171 1256 3362 1306 com-

551 1364 832 1436 muniri.
1548 1432 1559 1441 .

644 1489 897 1561 Datum
917 1487 1192 1574 Parme,
1213 1505 1401 1557 anno
1425 1484 1914 1557 incarnationis
1944 1483 2308 1555 millesimo
2337 1481 2810 1555 ducentesimo
2837 1479 3366 1574 quadragesimo

550 1612 822 1704 quint0,
859 1630 1097 1682 mense
1133 1609 1567 1704 septembris,
1612 1617 1858 1700 quarte
1893 1607 2309 1679 indictionis.

660 2187 1059 2297 Encyclica
1102 2186 1274 2269 Frid
1282 2187 1489 2294 erici,
1537 2186 2059 2268 Romanorum
2103 2185 2577 2292 imperatoris
2592 2246 2616 2293 ,
2663 2211 2819 2293 qua
2866 2199 3133 2269 notum
3185 2189 3365 2271 facit
3441 2212 3737 2269 [septembri]

561 2347 643 2403 se
685 2346 871 2429 pace
913 2327 1091 2402 cum
1141 2318 1474 2402 Ecclesia
1526 2319 1957 2427 desperata,
2008 2317 2474 2425 colloquium
2526 2316 2843 2400 Parmae
2885 2317 3242 2402 habuisse
3291 2332 3369 2403 et

558 2452 855 2534 tertiam
900 2460 1191 2559 partem
1237 2458 1742 2557 proventuum
1798 2460 1872 2531 et
1914 2447 2454 2530 obventionum
2493 2447 2591 2530 ab
2636 2449 2991 2532 omnibus
3037 2452 3368 2535 ecclesiis

560 2584 1011 2693 exigendam
1076 2581 1395 2691 jussisse
1417 2641 1441 2685 ,
1517 2580 1924 2689 scribitque
1988 2589 2071 2662 ut
2138 2605 2376 2663 novas
2456 2579 2881 2688 imperiales
2945 2584 3367 2666 sanctiones

561 2716 752 2798 inter
794 2724 1075 2797 statuta
1121 2714 1686 2796 communitatis
1720 2714 2152 2795 inserantur
2196 2723 2272 2795 et
2308 2724 2778 2795 sacramenta
2811 2713 3189 2798 fidelitatis
3220 2716 3364 2824 ipsi

562 2859 635 2931 et
667 2846 825 2931 filio
864 2872 1004 2930 suo
1042 2846 1394 2930 Conrado
1428 2855 1909 2929 renoventur.

724 3062 991 3141 (Edider.
1011 3062 1241 3135 Pmrrz,
1262 3062 1521 3122 Manum.
1552 3059 1740 3122 Germ.
1757 3058 1922 3135 hist„
1944 3068 1993 3121 t.
2019 3060 2127 3134 IV,
2144 3077 2207 3136 p.
2243 3068 2383 3138 354,
2415 3078 2492 3121 ex
2511 3061 2643 3123 cod.
2669 3062 3135 3141 Wilherlng.,n⁰
3163 3072 3362 3125 79.—

799 3169 1076 3239 Borm,
1106 3166 1273 3226 Kais.
1302 3164 1527 3227 F'riedr.
1561 3168 1648 3239 11,
1681 3168 1934 3240 Anhait,
1969 3175 2037 3225 n⁰
2067 3175 2176 3244 58,
2213 3184 2289 3226 ex
2324 3167 2454 3227 cod.
2486 3166 2636 3228 Mss.
2673 3168 2829 3228 Bibi.
2860 3169 3051 3230 Palat.
3096 3170 3357 3236 vindob.

798 3271 1017 3331 Philol.
1043 3269 1258 3344 CCCV,
1280 3270 1385 3332 fol.
1423 3281 1532 3332 129
1560 3289 1742 3347 vers„
1779 3281 1889 3331 130
1915 3279 2060 3333 rect.
2081 3304 2159 3315 —
2180 3272 2305 3334 Hos
2330 3275 2483 3333 inter
2508 3289 2571 3333 se
2600 3275 2956 3335 contulimus
2982 3283 3043 3335 et
3067 3292 3205 3337 cum
3231 3279 3362 3341 aliis

804 3375 1036 3436 duobus
1063 3375 1380 3447 codicibus,
1411 3375 1629 3436 scilicet
1652 3373 1910 3438 Breslav.
1937 3378 2217 3453 univers„
2244 3387 2311 3436 n⁰
2337 3387 2474 3449 ¹0²,
2509 3384 2568 3438 et
2593 3376 2749 3440 Bibl.
2779 3378 3098 3461 Stultqart.
3128 3380 3359 3458 histor„

803 3489 870 3540 n⁰
888 3488 1028 3552 247,
1046 3480 1204 3539 unde
1217 3481 1503 3557 quaedam
1523 3485 1888 3542 correximus
1907 3490 1967 3542 et
1989 3483 2347 3543 addidimus.
2377 3484 2449 3543 In
2466 3483 2579 3542 hoc
2603 3485 2813 3544 ultimo
2834 3486 3032 3546 codice
3048 3504 3168 3548 non
3186 3504 3361 3565 pecu-

802 3588 1024 3648 liariter
1049 3586 1386 3647 civitatibus
1414 3590 1554 3663 ipsis
1590 3590 1846 3648 mittitur
1882 3589 2209 3667 encyclica,
2241 3590 2342 3649 sed
2379 3589 2724 3667 generaliter
2751 3589 3022 3652 fidelibus
3055 3595 3364 3672 omnibus,

801 3693 999 3754 verbis
1021 3697 1416 3769 competenter
1436 3691 1731 3771 mutatis.)

660 3880 1071 3971 Fridericus‚
1103 3889 1271 3970 etc.,
1300 3879 1650 3972 potestati,
1685 3878 1970 3951 consilio
1998 3889 2070 3951 et
2095 3881 2444 3953 communi
2499 3933 3002 3954 .......
3059 3878 3183 3977 (b),
3224 3895 3358 3957 etc.

565 4005 927 4077 Multifarie
960 4003 1332 4097 multisque
1364 4004 1624 4095 modiS,
1678 4014 1885 4100 prout
1916 4005 2096 4077 fama
2129 4006 2421 4077 celerior
2451 4006 2693 4076 litteris
2732 4006 3008 4099 publice
3051 4010 3364 4102 promul-

565 4149 760 4220 gasse
785 4131 933 4220 jam
964 4128 1214 4222 potuit,
1248 4127 1338 4199 ad
1371 4128 1558 4221 pacis
1592 4128 2073 4200 universaliter
2114 4138 2479 4224 expectate
2520 4128 2960 4200 dulcedinem
2997 4129 3370 4225 imperialis

564 4251 957 4324 humanitas
988 4251 1295 4323 animum
1324 4251 1701 4325 inclinavit.
1737 4253 1873 4324 Sed
1907 4254 2415 4345 quantumlibet
2440 4253 2660 4346 ipsam
2696 4253 3031 4325 instanter
3059 4256 3365 4350 inquire·

567 4385 673 4446 ret
699 4384 768 4446 et
795 4396 920 4469 per
947 4372 1396 4446 humanitatis
1427 4375 1705 4446 semitas
1736 4386 2166 4469 sequeretur,
2203 4385 2273 4445 et
2310 4376 2816 4467 quantumlibet
2858 4378 3077 4473 ipsam
3118 4380 3370 4453 devote

654 4586 736 4665 (a)
779 4585 991 4661 Locus,
1020 4593 1089 4648 ut
1113 4588 1370 4663 videtur,
1398 4589 1551 4649 male
1576 4591 1964 4667 transcriptus
1994 4589 2086 4649 vel
2114 4590 2380 4651 mutilus.

654 4690 733 4770 (b)
778 4693 870 4753 Ex
897 4692 1029 4753 cod.
1060 4692 1320 4754 Vindob.
1351 4709 1446 4771 ap.
1483 4694 1688 4756 Bofler
1713 4696 1928 4773 legitur
1954 4693 2248 4756 pisarum.
