4364 5738
611 556 814 629 lmen.
843 553 947 631 2.]
1500 554 1900 620 msrolua
1942 554 2539 620 mrLouArlcn.
3319 547 3437 614 281

611 687 914 783 pheudis
965 707 1110 780 que
1152 687 1492 764 tenebant
1538 710 1586 762 a
1627 689 1884 764 comite
1931 699 2006 765 et
2047 711 2178 784 pro
2224 689 2480 785 quibus
2527 685 2880 763 fidelitatis
2925 684 2993 760 ei
3037 685 3437 777 juramenta

610 812 1097 907 prestiterant,
1129 810 1619 888 detestabilem
1655 834 1984 907 guerram
2035 814 2172 888 sibi
2211 813 2541 907 nequiter
2582 809 2935 885 faciendo.
2977 810 3209 895 Quare
3249 807 3443 883 idem

610 956 846 1013 comes
882 936 1230 1028 majestati
1252 945 1487 1011 nostre
1527 937 1867 1011 attentius
1904 938 2325 1034 supplicavit
2362 946 2449 1010 ut
2483 937 2637 1029 ejus
2680 933 3173 1028 indempnitati
3202 933 3445 1028 provi·

610 1059 782 1138 dere
811 1059 904 1137 de
937 1069 1180 1136 nostra
1218 1061 1444 1153 gratia
1483 1061 1966 1155 dignaremur.
2013 1062 2158 1134 Nos
2198 1061 2416 1155 igitur
2450 1059 2671 1155 ipsius
2707 1057 3330 1153 supplicationibus
3365 1058 3443 1132 in

610 1183 742 1261 bac
785 1192 981 1278 parte
1019 1184 1394 1278 benignius
1428 1186 1774 1278 inclinati,
1814 1187 1914 1260 ob
1940 1185 2514 1279 ingratitudinem
2549 1181 3179 1272 Avenionensium‚
3229 1182 3355 1275 qui
3396 1203 3443 1256 a

609 1305 752 1386 fide
792 1316 1036 1384 nostra
1078 1319 1156 1383 et
1202 1309 1477 1404 imperii
1527 1332 1660 1384 nec
1709 1332 1859 1383 non
1910 1321 1984 1383 et
2024 1311 2278 1407 prefati
2322 1308 2593 1383 comitis
2635 1318 2719 1381 ut
2762 1306 3158 1403 predictum
3200 1315 3311 1380 est
3363 1327 3447 1380 se

607 1432 935 1525 nequiter
977 1441 1056 1508 et
1101 1442 1361 1508 temere
1404 1434 1940 1527 subtraxerunt,
1990 1435 2251 1508 nostris
2285 1433 2662 1506 rebellibus
2707 1441 2781 1505 et
2831 1430 3127 1503 inimicis
3169 1431 3446 1505 comitis

607 1555 1014 1634 adherendo
1033 1609 1055 1647 ,
1104 1557 1415 1650 prefatos
1450 1559 1754 1632 barones
1784 1580 1829 1631 a
1854 1561 2259 1652 juramento
2295 1556 2651 1630 fidelitatis
2682 1555 2973 1651 prestito
3000 1555 3134 1648 ipsi
3159 1556 3442 1628 comuni

605 1679 1076 1760 Aveniouensi
1103 1702 1235 1774 pro
1259 1681 1588 1777 predictis
1614 1683 1913 1780 pheudis
1939 1683 2398 1756 decernentes
2421 1681 2701 1776 penitus
2724 1679 3109 1769 absolutos,
3138 1701 3447 1754 comune

603 1802 840 1898 ipsum
867 1806 1032 1896 jnre
1066 1803 1508 1900 pheudorum
1537 1808 1729 1900 quod
1769 1807 1874 1879 eis
1903 1829 1948 1880 a
1990 1809 2182 1882 dieto
2216 1807 2472 1880 comite
2518 1807 2848 1878 collatum
2883 1804 3114 1878 fuerat
3153 1805 3447 1878 omnino

605 1928 963 2022 privamus
983 1980 1007 2018 ,
1070 1937 1149 2005 et
1206 1930 1518 2007 barones
1541 1949 1550 1968 ¹
1571 1931 1923 2026 predictos
1970 1933 2267 2026 pristino
2314 1931 2627 2006 dominio
2681 1929 3110 2002 restituimus
3168 1928 3444 2002 comitis

605 2051 1007 2142 memorati,
1042 2060 1126 2127 ut
1160 2063 1570 2128 consuetam
1617 2065 1692 2125 et
1725 2054 2035 2126 debitam
2077 2053 2489 2125 fidelitatem
2540 2052 2670 2124 sibi
2714 2052 3101 2125 exhibeant
3138 2063 3211 2123 et
3257 2063 3441 2126 tam-

606 2194 819 2270 quam
855 2195 1097 2247 eorum
1132 2196 1306 2249 vero
1353 2176 1677 2267 domine,
1729 2186 1939 2271 prout
1986 2177 2054 2249 ei
2096 2177 2189 2250 de
2227 2186 2469 2249 cetero
2512 2175 2910 2248 immediate
2957 2184 3321 2266 tenentur,
3364 2177 3441 2249 in

604 2299 932 2376 omnibus
955 2299 1295 2375 obediant
1314 2310 1386 2374 et
1409 2300 1806 2392 intendant,
1836 2300 2222 2373 bonoribus
2250 2300 2576 2372 omnibus
2608 2308 2679 2371 et
2695 2298 2977 2392 juribus
2998 2319 3141 2391 que
3170 2298 3241 2371 in
3269 2299 3438 2394 ipsis

604 2423 945 2496 habemus
972 2423 1177 2499 nobie
1197 2433 1270 2498 et
1298 2425 1590 2520 imperio
1613 2425 1884 2518 integre
1910 2425 2309 2500 reservatis.
2331 2425 2447 2498 Ad
2468 2425 2678 2517 hujus
2699 2432 2937 2496 autem
2950 2423 3436 2513 absolutionis,

605 2546 1011 2642 privationis
1038 2557 1110 2619 et
1136 2548 1590 2621 restitutionis
1617 2558 1853 2620 nostre
1881 2549 2289 2620 memoriam
2321 2558 2394 2620 et
2420 2549 2635 2621 robur
2664 2557 3004 2644 perpetuo
3028 2547 3433 2638 valiturum,

603 2692 890 2766 presens
918 2672 1253 2768 scriptum
1284 2671 1436 2750 fieri
1468 2673 1795 2766 et'sigillo
1827 2674 2210 2765 majestatis
2242 2683 2480 2746 nostre
2499 2672 2833 2765 jussimus
2865 2671 3305 2744 communiri.

699 2797 954 2868 Datum
980 2795 1171 2892 apud
1201 2796 1418 2890 Pisae,
1445 2817 1631 2871 anno
1658 2796 2004 2869 dominice
2037 2796 2535 2871 incarnationis
2567 2795 2932 2868 millesimo
2961 2794 3436 2866 ducentesimo

603 2919 1135 3013 quadragesimo
1170 2932 1424 3015 quarto
1459 2919 1593 3023 (a),
1631 2943 1872 2999 mense
1904 2923 2209 3017 augusti,
2247 2921 2554 2996 secunde
2587 2920 3008 2994 indictionis.

715 3505 1143 3595 Fridericus
1163 3570 1197 3623 ,
1240 3509 1771 3598 Romanorum
1813 3513 2258 3625 imperator,
2314 3512 2879 3600 concessionem
2930 3513 3431 3623 pedagiorum

612 3640 711 3722 ad
745 3650 1049 3749 tempus
1083 3641 1478 3751 quondam
1512 3642 1602 3726 B.
1646 3643 2065 3727 Vivariensi
2097 3646 2447 3755 episcopo
2484 3672 2530 3727 a
2567 3670 2647 3727 se
2683 3643 3122 3747 exhibitam,
3166 3669 3305 3752 pro
3341 3669 3432 3727 eo

611 3773 822 3881 quod
867 3799 1258 3857 successor
1306 3774 1649 3892 ejusdem
1696 3777 2030 3889 episcopi
2077 3776 2236 3860 suis
2288 3776 2700 3861 rebellibus
2744 3776 3090 3889 nequiter
3140 3775 3432 3857 adhae-

607 3903 743 4017 sit²
782 3915 1146 4019 perpetuo
1182 3916 1512 3991 revocat.

765 4129 955 4209 (Dein.
993 4132 1158 4210 apud
1188 4133 1286 4194 Du
1330 4131 1539 4194 Vnst
1572 4133 1913 4214 me,
1946 4135 2097 4196 Ru.
2137 4136 2334 4215 ymb.
2373 4132 2454 4199 do
2484 4129 2855 4233 Μ,
2893 4139 2942 4197 t.
2988 4133 3101 4207 VI,
3149 4149 3429 4211 mum,

841 4253 910 4314 p.
935 4246 1084 4313 483,
1105 4239 1256 4302 edit.
1279 4240 1370 4301 du
1392 4239 1600 4319 Πῶρος
1621 4257 1793 4303 nune
1809 4241 1948 4302 eon.
1974 4258 2118 4303 eun
2140 4241 2419 4320 αἱς-ιη
2438 4242 2508 4301 ln
2529 4239 2775 4302 ammo
2796 4239 3111 4303 Parmensi
3133 4245 3443 4303 mh

844 4340 1577 4535 mkffioest.
1610 4356 1768 4423 eto.
1793 4345 1988 4427 ηαδ),
2016 4344 2431 4425 “dependet
2465 4344 2729 4427 sigillum
2768 4361 3045 4428 ecem,
3076 4342 3196 4410 fllia
3233 4347 3440 4410 micis

1124 4467 1196 4515 eo
1337 4496 1364 4515 .

692 4656 775 4738 (a)
819 4659 932 4739 Ap.
964 4661 1231 4726 vanum
1259 4663 1523 4725 numeru
1548 4662 1705 4724 male
1727 4663 2045 4739 expressis,
2080 4663 2303 4742 κειται
2319 4662 2409 4725 n.
2428 4660 2543 4724 cc.
2571 4661 2754 4724 tw.

3512 3520 3814 3629 ἐξ
