4364 5738
544 603 746 663 unm.
777 599 872 678 4.]
1449 596 1844 659 msroam
1892 569 2481 662 mercum-reat.
3247 592 3367 655 441

642 732 1021 806 Convenite
1050 730 1290 827 populi
1316 741 1388 802 et
1406 730 1642 803 videte
1663 753 1910 804 verum
1928 731 2269 823 judicium
2295 730 2488 827 quod
2511 731 2835 827 princeps
2856 730 3370 826 provinciarum

544 856 618 928 in
650 856 1159 953 conspiratores
1189 876 1313 926 sue
1345 854 1537 926 necis
1563 877 1702 949 que
1732 858 2107 929 multorum
2135 865 2288 927 erat
2317 854 2633 946 exitium,
2665 856 2855 948 justo
2886 854 3176 927 consilio
3207 875 3371 950 per-

548 979 737 1071 tulit,
773 990 854 1052 ut
891 1002 988 1052 ex
1026 1000 1211 1074 pena
1250 977 1517 1049 Tibaldi
1564 979 1904 1073 presentis
1947 978 2258 1052 damnati
2297 979 2419 1073 qui
2450 1000 2579 1074 per
2612 979 2851 1051 orbem
2894 1000 3021 1074 pro
3063 987 3369 1050 monstro

545 1103 865 1194 mittitur,
897 1102 1192 1174 aliorum
1231 1101 1718 1176 damnatorum
1745 1101 2083 1196 judicium
2117 1102 2481 1195 colligatis.
2520 1102 2694 1174 Nam
2731 1102 3015 1198 quidem
3057 1102 3130 1173 in
3161 1123 3367 1172 mun·

546 1227 715 1301 dum
741 1247 964 1298 novos
986 1225 1269 1321 pertulit
1290 1223 1398 1322 (l)
1420 1225 1737 1298 homines
1765 1226 1884 1319 qui
1916 1248 2058 1299 non
2089 1236 2411 1298 naturam
2439 1226 2555 1299 vel
2572 1222 2675 1324 (a)
2702 1226 3001 1298 hominis
3031 1225 3370 1298 habentes

544 1349 917 1443 imaginem
939 1402 960 1440 ,
999 1359 1320 1421 naturam
1367 1350 1732 1422 brutorum
1772 1350 2173 1423 animalium
2220 1359 2386 1422 sunt
2424 1349 2679 1441 secuti,
2715 1359 2787 1422 et
2820 1350 2888 1421 in
2929 1351 3260 1424 factorem
3300 1359 3373 1423 et

546 1474 1035 1567 plasmatorem
1066 1493 1309 1543 eorum
1336 1472 1656 1565 nequiter
1680 1471 2032 1567 quomodo
2060 1494 2221 1544 eum
2251 1471 2456 1545 morti
2480 1474 2837 1545 traderent
2864 1472 3280 1566 cogitarunt,
3300 1482 3373 1544 et

545 1618 707 1668 cum
738 1605 1074 1703 concepte
1109 1595 1639 1690 conspirationis
1685 1596 2018 1668 terminus
2056 1596 2488 1687 advenisset,
2528 1606 2863 1692 preventa
2902 1617 3072 1668 nece
3113 1596 3372 1669 doloris

550 1742 676 1815 per
704 1719 1027 1790 nuntium
1057 1719 1330 1792 comitis
1353 1719 1701 1808 Casertani
1730 1721 1851 1814 qui
1881 1742 2009 1814 per
2031 1720 2404 1814 quemdam
2433 1720 2976 1816 conspiratorem
3008 1721 3373 1793 scelestam

547 1853 841 1916 noverat
867 1844 1263 1935 factionem,
1303 1843 1706 1916 malivolum
1738 1865 1981 1915 eorum
2015 1843 2285 1917 detexit
2317 1844 2781 1940 propositum3
2821 1856 2894 1916 et
2922 1845 3020 1916 sic
3051 1845 3373 1940 princeps

547 1977 782 2040 noster
827 1976 901 2038 et
941 1967 1237 2040 aliorum
1277 1967 1656 2038 multorum
1698 1988 1989 2062 corpora
2029 1967 2151 2060 qui
2193 1988 2286 2038 ex
2330 1989 2455 2040 sua
2494 1967 2638 2040 vita
2674 1967 3109 2062 dependent,
3142 1967 3375 2040 extitit

548 2091 826 2162 favente
863 2089 1098 2162 divina
1129 2090 1437 2183 potentia
1471 2090 1828 2161 liberatus.
1860 2089 2333 2182 Prodigiosum
2366 2089 2577 2182 igitur
2599 2088 2950 2161 hominem
2982 2090 3274 2181 cernite,
3301 2101 3374 2162 et

548 2214 647 2284 sic
691 2236 785 2286 ex
832 2213 1189 2285 oculorum
1237 2224 1521 2308 aspectu
1566 2213 1686 2307 qui
1733 2214 2081 2285 mentibus
2128 2212 2489 2285 hominum
2536 2214 2754 2307 magis
2804 2212 3114 2307 infigitur
3160 2235 3372 2307 quam

550 2337 832 2409 dimissa
868 2358 997 2432 per
1024 2358 1264 2427 aureS,
1302 2336 1391 2408 de
1432 2358 1611 2431 pena
1653 2337 1996 2432 presentis
2035 2337 2346 2408 damnati
2383 2349 2650 2409 vestras
2689 2347 2956 2410 mentes
2996 2347 3068 2410 et
3104 2337 3372 2410 animos

550 2460 901 2532 instruatis
929 2470 1010 2531 ut
1039 2461 1229 2553 quod
1261 2459 1531 2531 vidistis
1556 2481 1698 2532 non
1720 2457 1813 2555 (b)
1846 2461 2043 2531 tollat
2070 2459 2330 2532 oblivio
2357 2470 2429 2531 et
2450 2460 2621 2552 justi
2639 2460 2885 2552 judicii
2915 2460 2988 2532 in
3018 2471 3371 2554 posterum

551 2584 951 2656 memoriam
985 2583 1411 2676 relinquatiS.
1464 2583 1565 2654 De
1597 2583 2080 2655 damnatorum
2116 2583 2549 2674 nominibuS,
2577 2583 2973 2656 diversitate
3002 2575 3366 2679 penarum,

550 2727 756 2777 cansa
791 2727 999 2800 pene,
1030 2728 1205 2779 sexu
1245 2718 1317 2778 et
1346 2706 1744 2778 conditione
1778 2706 2303 2797 damnatorum,
2338 2706 2711 2779 interclusa
2739 2706 2990 2780 cedula
3015 2729 3142 2781 vos
3168 2730 3370 2781 vera·

549 2829 723 2903 citer
747 2829 1092 2904 edocebit.

661 3370 1081 3454 Fridericus
1107 3433 1131 3478 ,
1199 3372 1721 3456 Romanorum
1784 3376 2236 3485 imperator,
2291 3379 2703 3488 quemdam
2767 3378 3067 3462 fidelem
3142 3407 3371 3465 suum

551 3504 1036 3585 commendat
1071 3505 1168 3586 de
1208 3504 1633 3611 devotione,
1678 3533 1854 3588 cum
1892 3507 2402 3592 insinuatione
2437 3510 2773 3619 prosperi
2813 3511 2931 3593 sui
2969 3521 3235 3595 statuS.

718 3717 906 3796 (Edit.
936 3721 1000 3778 ln
1028 3718 1194 3780 Petra·
1218 3717 1288 3779 de
1325 3719 1454 3780 Vin.
1487 3721 1678 3799 epist,
1710 3721 1815 3782 lib.
1847 3722 1970 3799 111,
1997 3740 2127 3799 cap.
2168 3723 2349 3803 LXI.)

649 3904 1053 3976 Devotionis
1086 3914 1202 3977 tue
1231 3906 1490 3997 literae,
1512 3928 1687 3999 quas
1714 3916 1950 3981 nostro
1978 3930 2203 4004 nuper
2229 3909 2513 3981 culmini
2541 3910 2926 4000 destinasti,
2949 3911 3370 4003 benignitate

557 4028 941 4122 recepimus
971 4040 1327 4100 consueta.
1369 4030 1501 4101 Per
1530 4051 1741 4122 quas,
1783 4032 1945 4125 quia
1992 4043 2299 4104 nostram
2338 4033 2827 4104 conscientiam
2863 4034 3248 4107 instruxisti
3281 4038 3370 4109 de

554 4150 947 4223 rumoribus
973 4172 1150 4244 quos
1181 4150 1623 4226 intellexeras
1653 4154 1742 4227 de
1773 4154 2156 4227 Theutonie
2185 4156 2523 4249 partibus,
2555 4154 2988 4229 affectionem
3023 4169 3094 4231 et
3128 4160 3370 4234 indus·

637 4322 721 4403 (a)
765 4325 832 4384 ιη
866 4328 1063 4387 comeo
1087 4325 1209 4387 sed.

638 4428 718 4510 (b)
761 4432 831 4491 ln
850 4432 1049 4492 ooaioe
1067 4450 1160 4493 m.

624 4694 698 4766 (l)
736 4692 813 4750 Ibi
839 4691 1240 4751 substantivum
1267 4708 1462 4751 nomen
1491 4695 1683 4752 deesse
1709 4694 1941 4753 videtur.
2421 4720 2428 4741 s

716 4793 821 4854 vl.
2976 4808 3054 4860 56
