4364 5738
563 566 765 628 luntcr.
797 562 892 641 3.]
1456 555 1852 621 msroma
1896 554 2488 620 mPLouATch.
3255 555 3369 618 261

1017 849 1334 866 mm
1346 849 1420 858 -ο-
1432 846 1968 858 mm
1974 845 2945 859 ”mm-mo*-

672 1123 1095 1206 Fridericus
1113 1185 1138 1231 ,
1189 1122 1710 1205 Romanorum
1756 1121 2209 1230 imperator,
2264 1121 2639 1205 Ludovico
2692 1123 3162 1207 Francorum
3217 1127 3378 1235 regi

567 1257 990 1365 congaudet
1037 1255 1246 1364 quod
1297 1264 1687 1364 resumpta
1746 1256 2083 1363 corporis
2139 1255 2458 1336 sanitate
2478 1316 2500 1357 ,
2553 1281 2854 1338 crucem
2903 1259 3261 1366 receperit
3305 1271 3380 1341 et

566 1388 647 1473 in
681 1388 1200 1473 defensionem
1234 1385 1411 1470 fidei
1443 1412 1688 1471 novus
1722 1386 1938 1496 pugil
1972 1386 2347 1498 insurgat.

729 1615 919 1696 (Edit.
949 1617 1011 1675 in
1043 1610 1326 1678 Chronica
1352 1611 1422 1674 de
1444 1612 1710 1684 Mailros,
1741 1630 1840 1692 ap.
1873 1611 2063 1694 Gna,
2091 1614 2230 1675 Ber.
2257 1610 2474 1693 anglic.
2510 1614 2753 1694 Sci-ipa,
2783 1621 2831 1675 t.
2866 1615 2930 1690 1,
2956 1633 3017 1694 p.
3051 1617 3218 1698 211.)

663 1793 1102 1903 FredericuS,
1145 1814 1268 1885 Dei
1306 1814 1527 1907 gratia
1570 1816 2034 1887 Romanorum
2071 1815 2449 1909 imperator
2482 1838 2757 1910 semper
2799 1826 3165 1909 augustus,
3214 1819 3377 1891 Hie-

566 1937 868 2009 rusalem
901 1947 973 2010 et
1006 1937 1236 2009 Sicilie
1270 1958 1427 2027 rex,
1465 1936 1815 2008 Ludovico
1834 1988 1855 2026 ,
1888 1937 2016 2007 Dei
2048 1938 2271 2028 gratia
2311 1938 2560 2010 illustri
2591 1939 2737 2030 regi
2770 1940 3223 2031 Francorum,
3265 1963 3375 2013 sa-

567 2062 783 2133 lutem
831 2072 901 2131 et
948 2060 1213 2131 sincere
1259 2058 1646 2131 dilectionis
1698 2056 2047 2128 affectum.
2091 2059 2415 2130 Pervenit
2457 2061 2550 2131 ad
2602 2061 3023 2132 audientiam
3073 2073 3377 2162 nostram

570 2204 806 2255 rumor
853 2183 1179 2272 infestus,
1232 2203 1471 2253 rumor
1515 2179 2048 2253 amaritudinem
2103 2181 2446 2253 nuncians
2497 2183 2618 2275 qui
2666 2204 3033 2277 personam
3077 2185 3370 2279 regiam,

569 2307 980 2400 requirente.
1027 2306 1253 2377 carnis
1309 2303 1713 2397 fragilitate,
1774 2303 2313 2394 ingravescentis
2368 2303 2773 2396 egritudinis
2836 2307 3102 2399 lapsum
3157 2329 3381 2404 nuper

570 2429 849 2504 edocuit
899 2428 1298 2501 incurrisse.
1364 2426 1715 2500 Convertit
1779 2436 2014 2497 tamen
2083 2428 2404 2520 querelas
2469 2436 2739 2499 nostras
2792 2429 2864 2498 in
2922 2429 3252 2521 gaudium
3310 2441 3381 2503 et

569 2564 982 2647 puncturam
1019 2551 1278 2625 doloris
1325 2551 1678 2623 intrinseci
1720 2550 2069 2623 transtulit
2107 2550 2181 2620 in
2224 2550 2567 2623 medelam
2605 2561 2904 2623 resumte
2937 2554 3374 2646 postmodum

571 2676 884 2748 sanitatis
912 2674 1218 2765 auditus,
1257 2694 1395 2768 qua
1419 2695 1550 2747 vos
1576 2674 1812 2746 divine
1848 2674 2158 2768 potentie
2195 2674 2488 2746 dextera
2523 2697 2662 2767 que
2693 2676 3249 2750 misericorditer.
3290 2732 3309 2750 .
3353 2732 3370 2750 .

656 2853 678 2872 .
738 2853 757 2873 .
796 2809 868 2873 et
893 2799 1235 2888 medetur,
1268 2798 1466 2892 quasi
1498 2818 1540 2871 a
1571 2797 1815 2871 mortis
1837 2797 2071 2889 januis
2107 2798 2638 2871 clementissime
2670 2799 2988 2891 liberavit
3021 2797 3081 2895 (l
3097 2798 3153 2897 ).
3187 2802 3376 2875 Idem

571 2924 882 3018 profecto
921 2922 1332 2995 visitationis
1362 2942 1582 3013 genus
1597 2974 1617 3011 ,
1654 2921 1808 3016 ipsa
1844 2940 2078 2992 rernm
2116 2931 2189 2994 et
2231 2921 2557 3016 temporis
2598 2922 3104 2995 necessitudine
3143 2926 3375 3020 requi·

570 3056 810 3135 rente,
869 3045 959 3117 de
1005 3044 1354 3139 profundo
1405 3044 1849 3116 consiliorum
1895 3045 2173 3118 Domini
2230 3056 2372 3116 tam
2418 3045 2679 3116 salubri
2736 3066 2946 3138 quam
2994 3051 3378 3121 necessaria

572 3165 971 3264 provisione
996 3166 1304 3237 creditur
1339 3167 1771 3261 provenisse,
1815 3177 2159 3260 quatenus
2203 3165 2612 3259 infidelium,
2651 3168 2827 3263 proh
2858 3167 3088 3242 dolori
3127 3193 3379 3245 recru-

574 3289 907 3363 descente
930 3288 1265 3381 nequitia,
1300 3288 1466 3361 fidei
1494 3300 1732 3361 nostre
1759 3291 1952 3361 varia
1987 3301 2252 3382 strage,
2295 3289 2608 3363 fidelium
2651 3292 2973 3366 doloroso
3016 3295 3379 3390 dispendio

574 3413 878 3506 irrogato
897 3465 917 3503 ,
968 3411 1208 3485 divino
1262 3414 1486 3484 tractu
1526 3422 1911 3485 commotus
1962 3436 2190 3487 novus
2230 3414 2424 3509 pugil
2474 3414 2865 3507 insurgeret
2907 3426 2980 3487 et
3025 3439 3377 3492 enormem

571 3536 897 3630 injuriam
934 3535 1060 3609 Dei
1102 3536 1321 3607 nostri
1359 3535 1624 3608 vexillo
1669 3536 1894 3607 crucis
1931 3545 2320 3631 assumpto,
2369 3557 2506 3629 que
2544 3536 2689 3626 jam
2733 3538 3160 3631 potissimum
3214 3540 3378 3614 fidei

573 3671 809 3735 nostre
852 3669 1070 3734 restat
1125 3659 1464 3731 auxilium
1484 3713 1505 3752 ,
1560 3660 1820 3731 athleta
1875 3659 2264 3732 dominicus
2326 3668 2672 3753 satageret
2721 3660 3099 3734 vindicare.
3160 3664 3377 3753 Hujus

574 3785 834 3880 quippe
864 3782 1126 3856 causati
1167 3783 1621 3856 commoditas
1662 3803 1943 3855 causam
1979 3781 2397 3855 infirmitatis
2433 3782 2881 3878 prenunciam
2921 3785 3166 3856 merito
3208 3805 3375 3856 con·

573 3907 783 3980 vertit
811 3908 884 3979 in
919 3907 1251 4000 gaudium
1270 3961 1291 3999 ,
1333 3929 1493 3981 cum
1535 3928 1629 3979 ex
1671 3928 1757 3979 eo
1801 3906 2243 3978 incommodo
2286 3906 2687 4002 precedenti
2726 3906 3077 4000 sequentis
3115 3907 3377 3983 fructus

573 4031 1010 4104 commodum
1040 4031 1408 4126 multiplex
1438 4030 1824 4123 colligatur.
1860 4029 2213 4103 Generalis
2243 4030 2495 4124 primo,
2531 4030 2722 4122 quod
2753 4052 2847 4101 ex
2874 4030 3055 4102 felici
3088 4031 3376 4103 transitu

577 4158 769 4250 regio
797 4156 891 4229 ad
933 4157 1228 4252 patriam
1257 4156 1528 4230 Domini
1570 4156 1661 4228 de
1701 4156 1947 4249 gladiis
1990 4155 2293 4229 hostium
2335 4154 2607 4226 Gallicis
2645 4154 2908 4226 viribus
2957 4156 3372 4248 eruendam,

654 4461 726 4535 (⁴)
761 4460 1044 4521 Nescimus
1082 4462 1225 4525 enim
1268 4460 1599 4523 Ludovicum
1641 4460 1721 4517 lx
1764 4474 1950 4518 mense
1990 4456 2263 4514 decembri
2310 4457 2448 4512 ⁴2⁴⁴
2489 4456 2636 4531 apud
2682 4457 3010 4517 Pontisaram
3064 4462 3379 4533 gravissimo

581 4557 771 4617 morbo
814 4556 979 4614 tuisse
1018 4559 1295 4624 aflectum,
1325 4558 1420 4632 qul
1456 4573 1629 4631 usque
1674 4557 1741 4613 ad
1779 4556 1921 4612 diem
1957 4554 2223 4611 decimum
2260 4553 2491 4626 januarii
2527 4554 2761 4612 duravit.
2796 4555 3015 4614 Viribus
3057 4558 3271 4616 tandem
3312 4576 3379 4617 ex

576 4655 849 4730 insperato
870 4654 1178 4729 resumptis,
1204 4656 1328 4729 ipae
1352 4671 1447 4712 rex
1474 4653 1651 4712 meis
1676 4651 2007 4727 signaculum
2036 4651 2189 4725 petiit
2210 4657 2269 4708 et
2290 4651 2517 4723 aoeeptt.

3483 1155 3744 1211 [Februario

3500 1212 3725 1263 exeunte-1
