4364 5738
524 581 729 643 rm.
760 576 850 659 44
1265 626 1269 631 .
1411 570 1804 636 nrsronm
1848 571 2442 638 mrncimrica.
3225 572 3340 639 εει

526 733 745 805 regno
778 732 905 786 suo
939 709 1317 805 presidium
1348 729 1479 782 seu
1516 709 2030 801 receptaculum
2067 707 2326 783 tribuat
2355 717 2483 781 aut
2518 706 2725 782 tribui
2767 706 3103 801 paciatur.
3133 709 3347 785 Porno

528 836 585 911 si
616 835 900 911 forsitan
949 855 1079 909 rex
1121 831 1473 926 predictus
1513 852 1654 906 una
1694 851 1854 907 eum
1899 830 2182 924 paribus
2224 842 2298 903 et
2339 830 2687 907 nobilibus
2728 830 2924 920 regni
2956 830 3103 920 sni,
3139 841 3349 925 prout

531 968 797 1030 tantum
830 978 1062 1049 regem
1092 965 1168 1030 et
1192 976 1487 1047 regnum
1508 954 1884 1043 condecet,
1927 963 2158 1048 partes
2197 976 2361 1029 suas
2394 953 2939 1051 interponendas
2975 953 3231 1029 viderit
3272 955 3345 1029 in

528 1080 857 1175 predictis
881 1100 1372 1172 summumque
1403 1076 1802 1172 pontificem
1818 1077 1972 1152 sive
1998 1099 2124 1171 per
2148 1077 2425 1168 justicie
2453 1076 2766 1153 debitum
2793 1078 2907 1151 vel
2933 1077 3144 1153 modo
3163 1099 3346 1169 quo-

529 1204 696 1275 libet
727 1203 818 1275 ad
847 1203 1033 1274 istud
1061 1201 1415 1273 induxerit
1444 1212 1523 1272 ut
1549 1201 1719 1271 velit
1744 1201 2056 1295 predicta
2088 1201 2490 1290 gravamina
2523 1199 2724 1270 nobis
2756 1209 2826 1270 et
2856 1201 3005 1270 aliis
3037 1200 3348 1271 christia·

529 1326 636 1397 nis
667 1326 1075 1420 primatibus
1108 1325 1423 1417 inrogata
1453 1333 1522 1395 et
1550 1323 1623 1395 id
1650 1324 2041 1420 specialiter
2072 1325 2264 1418 quod
2290 1334 2530 1395 contra
2557 1345 2684 1395 nos
2711 1346 2935 1418 nuper
2965 1323 3035 1393 in
3071 1324 3345 1416 Lugdu·

529 1449 726 1520 nensi
773 1449 1065 1520 concilio
1112 1447 1386 1536 statuit,
1426 1456 1769 1539 quatenus
1814 1446 1903 1517 de
1945 1446 2129 1517 facto
2162 1446 2495 1540 processit
2538 1467 2695 1517 cum
2743 1468 3023 1539 prorsus
3065 1446 3153 1517 de
3186 1447 3345 1538 jure

527 1594 670 1645 non
701 1573 956 1664 valeat,
990 1593 1360 1661 revocare3
1394 1593 1523 1642 nos
1554 1572 1647 1642 ob
1675 1570 2009 1642 honorem
2046 1581 2117 1642 et
2146 1570 2605 1641 reverentiam
2640 1569 2761 1641 Dei
2794 1579 2864 1640 et
2891 1571 3348 1665 redemptoris

528 1696 744 1772 nostri
780 1715 1053 1772 necnon
1096 1695 1192 1771 ob
1215 1716 1531 1769 amoram
1562 1716 1778 1789 quem
1813 1694 1904 1769 ad
1937 1716 2174 1786 regem
2201 1704 2279 1769 et
2305 1715 2596 1786 regnum
2628 1693 2910 1770 Francis
2941 1716 3067 1788 pre
3098 1696 3347 1771 ceteris

528 1819 948 1913 singularem
983 1818 1345 1905 hahemus,
1379 1838 1660 1893 musam
1688 1839 1825 1915 que
1852 1817 2033 1894 inter
2058 1839 2187 1892 nos
2217 1828 2294 1893 et
2323 1838 2671 1892 summum
2695 1815 3096 1915 pontificem
3130 1818 3345 1895 verti-

534 1950 645 2015 tur
671 1940 1183 2035 supradictum,
1206 1949 1559 2037 quatenus
1581 1939 1922 2035 contingit
1943 1940 2313 2034 eumdem,
2344 1940 2420 2015 in
2457 1940 2775 2015 manibus
2806 1940 3130 2041 ponimus
3161 1943 3350 2036 regis

532 2064 846 2161 ejusdem
864 2116 887 2155 ,
913 2064 1143 2161 parati
1178 2062 1411 2139 omnia
1438 2083 1880 2159 quecumque
1913 2083 2040 2161 per
2064 2083 2199 2138 nos
2240 2061 2426 2137 idem
2469 2083 2600 2138 rex
2629 2062 2720 2137 de
2748 2064 3035 2139 consilio
3076 2066 3348 2164 parium

532 2185 1009 2282 nobiliumque
1038 2206 1318 2257 suorum
1332 2239 1358 2279 ,
1385 2184 1552 2255 visis
1588 2193 1660 2255 et
1696 2184 2066 2283 diligenter
2091 2183 2346 2259 auditis
2378 2184 2630 2257 nostris
2660 2194 2730 2254 et
2755 2184 3024 2285 imperii
3043 2187 3344 2279 juribus,

530 2307 838 2380 Ecclesie
872 2308 1124 2379 viderit
1157 2306 1619 2396 emendanda,
1642 2307 1987 2404 corrigere
2021 2315 2090 2376 et
2121 2306 2192 2376 in
2224 2315 2476 2381 statum
2502 2305 2828 2397 debitum*
2846 2307 3111 2403 integre
3131 2311 3348 2384 refor-

533 2452 758 2521 mare3
787 2453 868 2502 ac
886 2431 1141 2507 deinde
1158 2451 1333 2527 pace
1360 2453 1483 2524 per
1508 2430 1644 2501 hoc
1672 2430 1851 2500 inter
1870 2451 1997 2500 nos
2024 2438 2094 2500 et
2108 2429 2489 2500 Ecclesiam
2503 2429 2927 2529 procedente
2953 2440 3023 2501 et
3042 2432 3352 2532 reliquiis

530 2554 1101 2647 Lombardorum,
1122 2562 1330 2648 prout
1361 2564 1685 2624 tenentur
1717 2564 1786 2624 et
1811 2552 2096 2644 debent,
2123 2552 2237 2623 vel
2256 2551 2347 2621 ad
2367 2552 2770 2630 mandatum
2791 2565 3099 2626 nostrum
3129 2566 3199 2626 et
3226 2556 3352 2626 im·

533 2677 704 2770 perii
748 2677 1203 2749 redeuntibus
1237 2677 1350 2748 vei
1397 2698 1677 2770 prorsus
1716 2676 1806 2747 ab
1849 2675 2153 2747 Ecclesie
2194 2675 2596 2746 defensione
2637 2678 2952 2763 seclusis,
2995 2648 3352 2773 promptos
3446 2771 3458 2780 ἱ

530 2821 659 2872 nos
687 2799 1044 2875 offerimus
1070 2808 1146 2872 et
1170 2809 1456 2894 paratos
1496 2800 1608 2871 vet
1636 2798 1956 2895 pred-icto
1993 2820 2157 2892 rege
2189 2798 2284 2871 ad
2322 2798 2794 2871 defensionem
2837 2800 3350 2876 christianitatis

533 2935 603 2996 et
633 2935 888 2996 statum
918 2922 1291 3019 pacificam
1328 2923 1887 3000 conservandum
1915 2922 1992 2993 in
2026 2921 2406 2993 cismarinis
2450 2923 2761 3017 partibus
2800 2936 3203 2999 remanente
3231 2928 3347 2999 vel

487 3108 494 3114 .
531 3069 673 3119 una
704 3068 864 3118 cum
896 3068 980 3117 eo
1014 3047 1071 3117 si
1101 3044 1237 3119 hoc
1277 3047 1524 3117 melius
1555 3046 1809 3118 viderit
1844 3045 2280 3137 eligendum,
2314 3046 2406 3116 ad
2437 3048 2926 3120 transmarinas
2960 3059 3192 3144 partes
3222 3071 3350 3145 per

533 3189 661 3241 nos
722 3178 842 3240 aut
893 3168 1283 3252 Conradum
1336 3167 1769 3239 karissimum
1820 3166 2038 3239 filium
2087 3178 2403 3240 nostrum
2459 3171 2926 3242 Romanorum
2980 3170 3052 3241 in
3111 3194 3346 3265 regem

534 3293 834 3362 electum
863 3300 933 3361 et
959 3290 1156 3382 regni
1184 3291 1712 3362 Jerosolimitani
1741 3290 2068 3362 heredem
2107 3292 2339 3363 omine
2371 3314 2706 3387 prospero
2733 3295 3140 3366 transfetare
3165 3294 3341 3391 (sic).

535 3414 646 3486 Ad
679 3414 812 3486 hoc
844 3436 972 3486 nos
1004 3413 1391 3508 obligantes
1421 3414 1815 3509 specialiter
1848 3424 1919 3485 et
1951 3415 2334 3515 expressim
2365 3416 2556 3508 quod
2594 3417 2709 3487 vel
2741 3438 2899 3487 cum
2932 3438 3096 3509 rege
3130 3419 3345 3491 Fran-

535 3537 638 3609 cie
685 3538 837 3610 sive
884 3537 1034 3608 sine
1082 3557 1166 3608 eo
1204 3548 1466 3608 terram
1510 3547 1731 3608 totam
1780 3538 2399 3610 ierosolimitanam
2439 3548 2516 3609 et
2554 3537 2886 3632 quicquid
2930 3561 3261 3632 umquam
3305 3563 3348 3613 a

533 3659 782 3732 diebus
812 3660 1117 3754 antiquis
1143 3681 1362 3752 regno
1392 3660 1944 3733 ierosolimitano
1978 3661 2343 3755 pertinuit,
2375 3662 2471 3733 ad
2498 3661 2994 3757 proprietatem
3029 3673 3100 3734 et
3119 3664 3345 3737 dicio·

532 3804 697 3855 nem
739 3782 936 3875 mgni
981 3783 1207 3877 {ipsius
1242 3792 1324 3854 et
1356 3783 1885 3860 ebrisfianituis
1914 3785 2188 3855 mun
2231 3784 2519 3875 nostr‘is,
2560 3783 2826 3879 imperii
2859 3794 2939 3855 et
2969 3806 3346 3877 reg-mmm

532 3918 924 3980 nostrorum
942 3906 1219 3979 winih-
1236 3960 1258 3998 ,
1290 3907 1654 3984 laboribus
1677 3917 1759 3980 α
1777 3906 2177 4002 sumptim
2198 3907 2605 3984 curabimus
2627 3927 2991 3985 remote.
3029 3908 3344 3985 Nichiio·

536 4030 764 4101 minus
811 4009 1041 4102 tamen
1088 4030 1148 4101 si
1196 4031 1373 4101 forte
1389 4084 1409 4120 ,
1467 4030 1656 4123 quod
1705 4030 1918 4121 absit,
1976 4030 2348 4102 discrimen
2395 4030 2734 4124 presentis
2769 4028 3123 4109 dioeordio
3167 4031 3348 4110 iuter

538 4172 692 4241 noS,
720 4153 1098 4224 Ecclesiam
1132 4163 1202 4223 et
1232 4153 1655 4225 Lombardos
1686 4153 1937 4224 durare
1970 4152 2358 4246 contigerit,
2391 4152 2703 4247 predicto
2733 4152 2880 4243 regi
2914 4172 2997 4224 ac
3024 4153 3348 4227 omnibus

538 4276 1028 4367 crucesignatis
1051 4297 1211 4346 cum
1235 4297 1346 4366 eo,
1368 4287 1711 4368 quatenus
1739 4276 2162 4372 presentium
2191 4275 2626 4366 negotiorum
2659 4285 2728 4346 et
2757 4284 3146 4370 temporum
3167 4299 3344 4371 qua·

541 4393 698 4465 litas
729 4396 987 4490 patitur
1016 4406 1085 4468 et
1116 4406 1527 4492 tempestas,
1564 4397 1865 4493 presidia
1909 4407 2144 4468 nostra
2182 4405 2363 4467 terra
2404 4397 2716 4490 marique
2762 4407 2901 4469 tam
2940 4399 3011 4470 in
3052 4401 3349 4474 navibus

534 4537 755 4609 «μω
796 4517 1211 4598 victualibus
1246 4521 1591 4616 φωρῆς
1624 4519 1991 4598 aflectibus
2026 4519 2378 4598 efferimus
2414 4542 2539 4615 per
2565 4535 2953 4616 presentes.
2979 4526 3347 4620 Superque

534 4637 1886 4737 marsinam-mumditiam
1912 4642 2909 4737 mammonam
2931 4646 3341 4742 nummum,
