4364 5738
1022 575 1145 637 256
1918 603 1923 607 -
2023 570 2452 636 ramatum
2502 566 2850 635 saeuum
3463 570 3628 649 [Aua.
3663 570 3843 633 1245.

1026 712 1116 784 de
1147 713 1403 784 Sancto
1436 709 1732 801 Geor-gio
1764 717 1837 780 et
1867 708 2151 781 domino
2185 709 2274 781 de
2305 707 2512 803 Cayfa
2544 707 2616 777 in
2657 706 2806 778 acie
2847 706 2989 776 t'ato
3024 713 3375 800 postremo
3406 704 3844 797 cadentibus,

1024 837 1108 909 G.
1149 834 1402 907 comite
1443 833 1770 928 Joppensi
1811 832 2198 905 mortaliter
2227 832 2598 906 vulnerato
2635 840 2707 903 et
2730 828 3020 925 Tyrensi
3051 826 3572 924 archiepiscopo
3600 830 3724 922 qui
3750 851 3848 902 ex

1026 958 1397 1028 vulnerum
1416 956 1721 1028 illatione
1743 976 1887 1028 non
1906 956 2138 1051 periit,
2160 955 2423 1028 carceri
2446 955 2867 1049 mancipato,
2886 960 3096 1048 prout
3113 952 3248 1025 hec
3271 954 3506 1025 omnia
3521 975 3615 1024 ex
3632 952 3848 1024 literis

1026 1091 1411 1152 conventus
1452 1080 1701 1152 domus
1735 1080 1987 1152 Sancte
2021 1080 2239 1153 Marie
2272 1077 2857 1152 'teuthonicorum
2892 1076 3096 1149 nobis
3131 1075 3361 1148 missis
3391 1088 3626 1149 nostra
3657 1097 3848 1149 sere-

1027 1201 1206 1275 nitas
1238 1203 1610 1276 intellexit.
1643 1204 1872 1276 Habet
1904 1225 1998 1274 ex
2029 1224 2105 1275 se
2137 1203 2290 1298 ipso
2316 1203 2483 1274 satis
2518 1201 2634 1274 hic
2665 1199 2927 1273 tristior
2950 1221 3186 1271 rerum
3227 1210 3524 1272 eventus
3549 1200 3847 1273 mestitie

1026 1343 1303 1399 causam
1333 1349 1460 1399 cur
1489 1350 1532 1400 a
1563 1328 1766 1399 nobis
1809 1336 1877 1398 et
1910 1328 2234 1400 omnibus
2265 1326 2430 1399 fidei
2462 1322 2836 1398 christiane
2865 1324 3293 1420 principibus
3320 1324 3551 1396 cordis
3590 1325 3845 1396 amari·

1027 1450 1337 1524 tudinem
1372 1452 1608 1543 exigat
1647 1451 2205 1548 profluviumque
2246 1452 2707 1547 lacrymarum
2750 1460 3119 1545 exposcat,
3151 1451 3315 1545 quia
3350 1450 3586 1522 evenit
3627 1451 3846 1523 infor·

1028 1575 1203 1646 tunii
1251 1576 1551 1668 qualitas
1595 1598 1810 1671 quum
1847 1574 2247 1668 hujusmodi
2298 1595 2535 1646 casum
2584 1575 2793 1668 culpa
2848 1574 3258 1669 precesserit
3312 1582 3385 1646 et
3426 1574 3847 1667 negligentia

1027 1695 1512 1789 subsequatur.
1555 1698 1730 1769 Nam
1771 1707 2003 1792 preter
2033 1697 2107 1768 id
2139 1696 2329 1789 quod
2362 1696 2913 1791 Templariorum
2961 1696 3265 1790 superba
3297 1695 3539 1788 religio
3572 1705 3642 1767 et
3670 1697 3845 1768 aho-

1028 1821 1423 1912 rigenarum
1463 1830 1640 1891 terre
1681 1820 2022 1892 baronum
2055 1818 2323 1891 deliciis
2356 1820 2651 1890 educata
2693 1819 3020 1914 superbia
3052 1818 3432 1890 Soldanum
3467 1817 3847 1914 Babylonie

1027 1945 1121 2016 ad
1162 1944 1594 2017 evocandum
1630 1944 1973 2015 auxilium
2000 1942 2566 2015 Choerminorum
2604 1963 2736 2038 per
2768 1942 3030 2013 bellum
3067 1940 3460 2037 improbum
3488 1951 3559 2013 et
3590 1942 3851 2037 impro-

1028 2067 1267 2141 vidum
1314 2079 1730 2160 coegerunt,
1780 2077 2020 2140 nostro
2072 2068 2263 2160 regio
2326 2067 2565 2140 federe
2618 2068 3037 2163 parvipenso
3087 2068 3279 2160 quod
3331 2087 3460 2138 nos
3496 2089 3643 2139 una
3684 2087 3845 2138 cnm

1027 2199 1375 2264 conventu
1419 2202 1490 2262 et
1531 2192 1874 2285 magistris
1914 2193 2284 2265 domorum
2336 2192 2568 2264 Sancti
2614 2192 2949 2264 Iohannis
2995 2203 3069 2263 et
3121 2193 3371 2264 Sancte
3406 2193 3619 2264 uarie
3670 2193 3848 2263 Teu-

1028 2314 1464 2388 thonicorum
1516 2316 1799 2387 nomine
1852 2303 2093 2389 nostro
2138 2327 2712 2388 contraxeramus
2735 2369 2754 2405 ,
2801 2326 2947 2388 tum
2995 2315 3085 2388 de
3124 2316 3374 2389 eodem
3421 2316 3700 2407 adjecta
3745 2326 3850 2386 est

1027 2459 1153 2534 per
1187 2440 1535 2534 predictos
1583 2439 1888 2511 evidenti
1932 2441 2135 2534 culpe
2182 2440 2398 2511 cruda
2442 2440 2844 2534 simplicitas
2886 2449 2965 2511 ut
3010 2441 3375 2513 credentes
3432 2441 3503 2510 in
3553 2439 3846 2511 barbara

1025 2562 1363 2635 varietate
1397 2563 1855 2634 constantiam
1887 2573 1958 2635 et
1994 2560 2205 2634 iidem
2247 2563 2319 2634 in
2356 2562 2647 2659 perfidia
2680 2566 3021 2658 reperire,
3058 2564 3399 2638 Soldanos
3429 2565 3746 2636 Damasci
3774 2575 3850 2635 et

1028 2682 1258 2759 Cracci
1300 2686 1479 2757 sicut
1520 2685 1658 2757 fide
1692 2685 2041 2780 dispareS,
2074 2686 2175 2757 sic
2208 2685 2299 2756 ab
2326 2685 2429 2757 eis
2464 2687 2824 2758 voluntate
2862 2684 3251 2775 discordes,
3284 2687 3355 2756 in
3396 2707 3597 2757 suum
3628 2686 3847 2782 presi·

1032 2809 1225 2883 dium
1296 2819 1534 2883 contra
1601 2809 2170 2883 Choerminorum
2234 2811 2619 2883 exercitum
2682 2830 2765 2883 ac
2827 2811 3146 2903 Soldani,
3211 2811 3407 2883 velut
3466 2810 3560 2883 ad
3617 2810 3848 2882 extin-

1027 2933 1380 3028 guendum
1441 2934 1622 3026 ignis
1695 2932 2095 3005 incendium
2165 2934 2300 3005 olei
2370 2935 2883 3007 multitudinem
2952 2936 3409 3025 advocarent,
3468 2934 3848 3006 inhonestis

1029 3057 1278 3130 eodem
1314 3057 1414 3152 (a)
1445 3056 1798 3130 blanditiis
1830 3056 2007 3129 adeo
2033 3059 2255 3151 qnod,
2284 3070 2497 3154 prout
2537 3059 2737 3132 nobis
2768 3082 2896 3154 per
2920 3061 3299 3148 nonnullos
3332 3059 3689 3152 religiosos
3720 3079 3844 3129 ve·

1029 3179 1300 3253 nientes
1332 3181 1419 3253 de
1445 3180 1759 3275 partibus
1796 3181 2271 3253 transmarinis
2308 3183 2616 3255 constitit
2642 3185 3028 3274 evidenter,
3064 3184 3239 3255 infra
3270 3184 3567 3255 claustra
3596 3183 3842 3256 domo-

1031 3324 1183 3376 rum
1213 3304 1480 3399 Templi
1510 3305 1860 3400 predictos
1889 3303 2230 3377 Soldanos
2262 3317 2334 3377 et
2360 3328 2527 3379 suos
2557 3326 2716 3378 cum
2747 3307 3103 3379 alacritate
3130 3328 3467 3403 pomposa
3498 3317 3840 3402 receptos,

1031 3427 1552 3523 superstitiones
1584 3448 1745 3499 suas
1779 3448 1942 3500 cum
1966 3427 2407 3501 invocatione
2444 3429 2856 3504 Machometi
2888 3440 2961 3503 et
2990 3432 3200 3503 luxus
3230 3431 3581 3504 seculares
3618 3432 3846 3502 facere

1029 3550 1395 3647 Templarii
1440 3562 1867 3646 paterentur.
1916 3551 1993 3624 In
2043 3552 2240 3626 nullo
2285 3565 2768 3627 verumtamen
2825 3554 3201 3627 advocatos
3258 3565 3573 3627 avertere
3620 3554 3847 3649 potuit

1030 3696 1162 3748 nec
1204 3699 1243 3748 a
1283 3686 1529 3748 natura
1563 3675 1822 3747 blanda
1853 3676 2211 3769 suggestio
2252 3697 2389 3749 nec
2418 3698 2467 3750 a
2500 3679 2861 3751 voluntate
2893 3680 3236 3752 contraria
3266 3677 3848 3751 confederationis

1024 3801 1254 3892 jurata
1308 3796 1695 3893 promissio,
1739 3800 1912 3893 quin
1966 3801 2350 3894 perjurium
2402 3803 2605 3874 citius
2655 3825 2866 3897 quam
2922 3804 3309 3895 conjurium
3358 3803 3838 3875 incurrissent.

1030 3922 1279 4020 Sicque
1306 3935 1542 4019 preter
1568 3920 1945 3996 Soldanum
1983 3921 2072 3996 de
2095 3925 2333 3997 Camel
2366 3948 2525 3998 cum
2546 3928 2866 4021 quinque
2902 3937 3169 4021 tantum
3193 3947 3291 3999 ex
3318 3927 3468 3998 suis
3502 3926 3600 3998 de
3624 3924 3846 4021 prelio

1031 4048 1437 4141 fugientem,
1459 4068 1670 4140 quem
1697 4047 1771 4117 in
1801 4068 2041 4119 eorum
2075 4048 2415 4121 auxilium
2446 4049 2567 4143 qui
2603 4060 2843 4123 contra
2875 4050 3251 4123 Soldanum
3272 4050 3653 4146 Babylonio
3678 4070 3847 4123 oon·

1025 4174 1431 4265 juraverant
1462 4170 1806 4242 Soldanus
1843 4173 2160 4244 Damasci
2194 4172 2670 4245 transmiserat
2705 4185 2777 4246 et
2806 4197 2927 4270 qm
2966 4174 3056 4247 de
3086 4174 3239 4270 ipso
3278 4175 3583 4248 Soldano
3614 4173 3844 4268 Baby—

1033 4293 1218 4366 lonie
1269 4295 1544 4388 penitus
1589 4295 2038 4390 desperabat,
2083 4296 2341 4368 residui
2383 4319 2626 4370 omnes
2671 4309 2828 4394 post
2870 4300 3158 4372 brevem
3207 4298 3602 4372 conflictum
3641 4297 3844 4370 dissi·

1035 4418 1292 4490 mulata
1348 4418 1787 4492 dimicatione
1837 4420 2245 4516 superstites
2296 4442 2380 4494 ac
2434 4422 2777 4494 Soldanus
2836 4422 3068 4496 Cracci
3121 4444 3282 4495 cum
3334 4422 3655 4494 omnibus
3703 4419 3848 4492 suis

1121 4679 1203 4761 (a)
1246 4680 1343 4742 Sic
1370 4681 1438 4737 ln‘
1457 4680 1784 4756 impressi„
1818 4680 2133 4761 legendum
2159 4700 2299 4744 vero
2326 4682 2560 4745 videtur
2584 4677 2800 4744 eosdem
2826 4681 3146 4765 [fimus]
3165 4730 3184 4765 ,
3212 4687 3309 4748 vel
3330 4683 3694 4764 hammon.
