4364 5738
569 627 772 691 lamet.
803 621 898 710 5.]
1464 625 1860 688 HISTORIA
1909 624 2505 689 DIPLOMATJGA.
3277 628 3402 712 485

572 771 822 835 varent
861 787 880 832 ε
921 759 1248 834 videlicet
1284 769 1365 830 ut
1403 760 1825 854 quicumque
1863 761 2055 833 litem
2099 760 2402 852 babens,
2447 757 2623 858 [sive
2663 759 3047 860 possessor]
3087 762 3235 834 sive
3271 777 3400 858 pe·-

577 885 739 957 titor
782 884 1024 975 fuerit,
1065 885 1182 957 vel
1223 882 1419 955 initio
1461 884 1600 955 litis
1635 885 1748 955 vel
1801 884 2112 956 decursis
2163 895 2553 979 temporum
2602 885 2997 976 curriculis,
3045 886 3192 958 sive
3239 908 3399 958 cum

574 1007 930 1099 negotium
970 1014 1336 1103 peroratur
1376 1004 1523 1077 sive
1559 1026 1718 1076 cum
1754 1005 1900 1097 jam
1952 1005 2220 1100 ceperit
2253 1005 2477 1100 promi
2519 1006 2903 1096 sententia,
2959 1008 3014 1078 si
3056 1007 3400 1099 judicium

576 1130 864 1222 elegerit
895 1139 1333 1202 sacrosancte
1362 1129 1549 1199 sedis
1578 1129 1928 1218 antistitiS,
1968 1129 2152 1202 illico
2186 1130 2334 1201 sine
2367 1130 2603 1222 aliqua
2637 1129 3069 1201 dubitatione
3105 1131 3314 1203 etiam
3340 1131 3400 1204 si

577 1274 737 1349 pars
780 1256 998 1326 altera
1045 1254 1456 1344 refragatur,
1503 1251 1594 1324 ad
1643 1253 2124 1348 episcoporum
2159 1252 2500 1345 judicium
2559 1275 2719 1325 cum
2755 1276 3074 1342 sermone
3123 1256 3399 1349 litigan-

579 1378 751 1449 tium
783 1377 1144 1468 dirigatur,
1188 1386 1258 1446 et
1302 1397 1545 1447 omnes
1577 1397 1786 1448 cause
1823 1398 1961 1471 que
1991 1376 2296 1472 pretorio
2339 1388 2409 1448 et
2441 1376 2652 1449 etiam
2683 1377 2867 1448 civili
2897 1379 3059 1469 jure
3096 1387 3410 1471 tractan-v

577 1512 716 1590 tur,
756 1501 1237 1594 episcoporum
1260 1498 1626 1570 terminate
1651 1501 2037 1591 sententiis,
2062 1510 2400 1595 perpetue
2427 1499 2641 1572 robur
2666 1500 3029 1575 obtineant
3059 1499 3403 1576 firmitatis

578 1633 650 1695 et
688 1621 1045 1714 negotium
1078 1623 1270 1715 quod
1299 1622 1566 1714 judicio
1612 1644 1855 1696 eorum
1904 1623 2275 1715 deciditur,
2317 1645 2761 1717 nequaquam
2807 1624 3100 1696 ulterius
3144 1626 3234 1697 ab
3272 1625 3399 1696 ali-

576 1767 717 1839 quo
761 1756 1172 1819 retractetur
1212 1773 1230 1817 :
1276 1768 1367 1818 ex
1409 1768 1551 1840 quo
1600 1748 1963 1820 manifesta
2018 1758 2248 1843 potest
2300 1748 2567 1820 ratione
2614 1748 2953 1844 perpendi
3001 1771 3211 1841 quam
3263 1748 3396 1821 ini-

573 1891 789 1962 quum
826 1869 1145 1941 videatur
1175 1879 1246 1941 et
1284 1870 1625 1942 absonum
1660 1871 1718 1945 si
1761 1869 1983 1944 honor
2020 1871 2325 1944 Ecclesie
2362 1894 2499 1963 que
2554 1883 2692 1942 tam
2734 1871 3019 1964 grandis
3061 1871 3400 1945 libertatis

577 1993 941 2087 privilegio
986 1992 1224 2065 dotata
1277 1993 1686 2084 dinoscitur,
1731 1995 1801 2065 in
1843 1995 1978 2066 illis
2018 1995 2566 2066 immunitatibus
2616 2017 2753 2088 que
2805 1997 3026 2066 multo
3073 1995 3401 2091 predictis

575 2115 1031 2197 dinoscuntur
1074 2138 1224 2189 esse
1266 2118 1606 2208 minores,
1651 2118 1785 2190 biis
1836 2119 2262 2214 temporibus
2296 2119 2730 2210 decurtetur;
2783 2118 2843 2189 si
2885 2119 3055 2189 alias
3101 2119 3401 2191 barones

575 2240 705 2335 ipsi
743 2250 1118 2335 pensarent
1151 2241 1342 2333 quod
1384 2263 1627 2314 omnes
1661 2243 1781 2334 qui
1817 2252 2224 2337 presumunt
2259 2252 2516 2313 statuta
2552 2241 2856 2315 condere
2894 2253 3137 2313 contra
3174 2243 3398 2313 eccle-

578 2364 918 2436 siasticam
945 2364 1363 2453 libertatem,
1395 2366 1533 2438 sint
1553 2367 1703 2462 ipso
1722 2367 1904 2438 facto
1924 2366 2661 2439 excommunicationis
2680 2365 3019 2437 sententia
3052 2364 3394 2455 innodati,

576 2489 808 2560 forsan
846 2510 986 2559 non
1026 2488 1520 2584 processissent
1559 2490 1649 2562 ad
1695 2490 1857 2561 talia
1898 2512 2029 2562 nec
2069 2490 2277 2561 etiam
2320 2490 2768 2585 persisterent
2810 2489 2881 2559 in
2930 2488 3218 2560 eisdem.
3262 2488 3431 2561 Sedr

577 2612 742 2706 quia
789 2610 1095 2683 fortassis
1127 2612 1220 2684 ad
1256 2633 1497 2683 eorum
1542 2635 1682 2684 non
1725 2614 2040 2709 pervenit
2069 2613 2387 2685 notitiam
2410 2667 2428 2704 ,
2466 2623 2546 2684 ut
2577 2612 2849 2684 occasio
2890 2611 2978 2684 de
3012 2612 3402 2704 ignorantia

577 2745 648 2811 et
676 2735 867 2829 quod
899 2757 1041 2808 non
1076 2735 1334 2808 fuerint
1374 2736 1619 2808 moniti
1658 2737 1944 2809 omnino
1984 2738 2292 2825 tollatur,
2334 2737 2569 2823 frater,
2617 2735 2742 2808 tibi
2775 2757 2899 2829 per
2930 2733 3400 2828 Apostolicam

576 2858 828 2932 Sedem
871 2859 1284 2931 mandamus
1314 2868 1659 2954 quatenus
1697 2860 1796 2933 eis
1833 2859 2026 2954 quod
2062 2860 2401 2933 desistant
2432 2859 2523 2931 ab
2556 2858 2989 2951 hujusmodi,
3026 2881 3151 2954 per
3186 2867 3251 2928 te
3284 2858 3400 2931 vel

575 2982 837 3072 alium,
863 2986 1285 3077 prelatorum
1314 2985 1646 3077 requisito
1683 2986 2005 3073 consilio,
2049 2985 2378 3057 nuntians
2416 2994 2487 3056 et
2529 3005 2888 3079 exponens
2921 3005 3004 3055 ac
3037 3003 3158 3054 eos
3192 2982 3283 3052 ad
3326 2981 3400 3060 id

577 3126 869 3177 monens
901 3105 1233 3176 attentius
1274 3116 1344 3177 et
1391 3107 1763 3198 inducens,
1811 3108 2330 3200 congregationi
2368 3106 2774 3179 eorumdem
2813 3107 3237 3200 prelatorum
3278 3103 3400 3197 qui

577 3228 672 3300 ob
725 3227 906 3298 hanc
967 3248 1249 3299 causam
1307 3228 1485 3300 sicut
1537 3232 1932 3325 accepimus
1990 3233 2366 3303 convenire
2422 3231 2722 3319 debent,
2789 3230 3070 3301 studeas
3125 3228 3399 3300 sublato

578 3351 946 3442 cujuslibet
976 3350 1397 3422 difficultatis
1425 3361 1497 3423 et
1526 3374 1721 3424 more
1746 3353 2111 3447 dispendio
2148 3354 2508 3442 interesse,
2541 3354 2845 3446 prelatos
2880 3352 3161 3425 eosdem
3200 3347 3401 3447 [inci-

579 3470 761 3571 tans]
793 3473 985 3565 quod
1006 3473 1297 3545 viriliter
1318 3475 1391 3544 in
1415 3475 1817 3546 defensione
1852 3476 2247 3548 libertatum
2280 3487 2350 3546 et
2365 3475 2627 3566 jurium
2650 3495 2934 3544 suorum
2956 3496 3030 3545 se
3053 3472 3395 3563 habeant;

576 3598 670 3670 ad
706 3598 898 3690 quod
930 3598 1067 3684 eis,
1103 3618 1264 3667 cum
1301 3594 1444 3694 [id]
1481 3619 1610 3670 nos
1644 3608 1972 3692 tanquam
2011 3608 2221 3692 caput
2254 3608 2492 3690 tangat
2524 3596 3020 3692 principaliter,
3059 3596 3399 3668 omnimo·

579 3721 746 3794 dum
788 3721 1273 3817 impendemus
1323 3722 1685 3796 consilium
1728 3733 1799 3795 et
1840 3723 2179 3795 auxilium
2226 3721 2618 3794 inducimus
2656 3717 2834 3816 (sic).
2882 3720 3201 3792 Ceterum
3242 3740 3410 3791 cum,

575 3866 706 3939 per
734 3844 1046 3939 predicta
1081 3846 1173 3917 ab
1213 3845 1474 3918 eisdem
1508 3846 1885 3918 baronibus
1915 3856 2328 3941 attemptata
2366 3845 2690 3922 videatur
2730 3865 2868 3916 non
2923 3854 3064 3914 tam
3119 3842 3402 3915 libertas

579 3969 1040 4042 ecclesiastica
1091 3990 1302 4062 quam
1352 3979 1572 4041 status
1628 3971 1835 4043 totius
1886 3971 2193 4043 Ecclesie
2247 3968 2597 4041 immutari
2616 4021 2636 4059 ,
2692 3967 2903 4061 idque
2961 3966 3269 4038 creditur
3312 3966 3403 4039 ab

577 4090 857 4166 inimico
907 4092 1190 4164 homine
1238 4092 1587 4187 aspirante
1632 4094 1725 4167 ad
1769 4094 2294 4167 subversionem
2345 4091 2508 4165 fidei
2547 4101 3027 4187 procuratum,
3078 4090 3405 4164 volumus

581 4223 652 4285 et
683 4214 772 4287 de
810 4216 1100 4288 consilio
1134 4217 1424 4289 fratrum
1466 4227 1858 4289 nostrorum
1889 4218 2303 4291 mandamus
2335 4227 2416 4288 ut
2453 4237 2664 4311 super
2698 4214 2831 4287 hoc
2863 4214 3240 4309 procedere
3278 4214 3404 4286 de·

580 4337 752 4409 beas
784 4338 915 4411 isto
952 4341 1161 4412 modo
1200 4366 1217 4410 :
1255 4341 1485 4413 Primo
1529 4341 1910 4413 denuncies
1960 4351 2031 4414 et
2071 4340 2466 4413 denuntiari
2510 4339 2720 4412 facias
2769 4338 3407 4411 excommunicatos

580 4482 825 4535 omnes
873 4463 1027 4535 illos
1086 4464 1206 4557 qui
1254 4466 1517 4537 servari
1566 4466 1856 4538 fecerint
1903 4473 2158 4537 statuta
2210 4465 2523 4558 predicta
2584 4472 2654 4537 et
2707 4463 3246 4537 consuetudines
3288 4465 3406 4535 vel

582 4584 813 4679 potius
845 4585 1216 4658 abusiones
1254 4588 1682 4660 introductas
1721 4599 1964 4661 contra
1995 4589 2300 4661 Ecclesie
2341 4588 2760 4659 libertatem.
2794 4588 2964 4659 Item
2999 4609 3402 4660 excommu-

582 4707 850 4781 nicatos
897 4708 1186 4780 nuncies
1247 4720 1318 4781 et
1369 4712 1685 4783 nunciari
1739 4712 1950 4785 facias
2002 4711 2401 4785 statutarios
2454 4723 2525 4784 et
2569 4710 2939 4808 scriptores
2990 4719 3406 4783 statutorum
