4364 5738
577 532 779 594 Ιιωιοτ.
810 533 909 611 3.]
1455 527 1854 592 HISTORIA
1902 528 2498 592 umMA'rmA.
3271 531 3392 593 3OE

579 666 681 748 ad
712 657 1114 747 nundinas
1175 662 1642 744 universales
1703 663 2097 746 annuatim
2150 663 2227 742 in
2284 658 2631 742 kalendis
2692 659 2874 740 maii
2928 670 3003 741 et.
3053 685 3189 768 per
3239 670 3394 743 tres

580 797 1039 905 septimanas
1084 804 1482 902 sequentes
1524 788 2014 878 celebrandas
2050 793 2436 900 designat,
2479 811 2896 899 omnesque
2940 802 3395 875 mercatores

579 927 764 1011 illuc
797 928 1181 1012 venientes
1215 926 1361 1009 sub
1398 947 1541 1009 suo
1575 935 1648 1008 et
1688 928 1983 1036 imperii
2020 928 2303 1009 ducatu
2338 915 2503 1007 vult
2539 944 2702 1005 esse
2735 944 3066 1006 securos,

741 1140 922 1220 (Edit.
948 1159 1044 1218 ap.
1061 1140 1323 1201 Menum.
1342 1139 1519 1201 Bot‘ca
1535 1183 1554 1217 ,
1580 1147 1727 1200 tom.
1750 1140 1982 1211 XXXI,
2000 1158 2137 1217 pars
2158 1140 2189 1198 I
2205 1184 2222 1217 ,
2241 1157 2300 1215 p.
2331 1147 2470 1214 580,
2502 1153 2534 1197 e
2560 1138 2691 1197 cod.
2715 1137 3052 1215 Bamberg„
3075 1148 3390 1201 ann.1⁴80

817 1250 1168 1323 conscripto,
1200 1247 1244 1307 f.
1286 1254 1362 1306 54
1382 1261 1669 1306 verso.--
1685 1247 1760 1306 Et
1786 1263 1885 1322 ap.
1915 1247 2303 1319 Sentianum,
2335 1241 2659 1324 Nachtriiqe
2683 1241 2825 1302 iiber
2847 1241 3151 1323 Bamberq,
3171 1254 3388 1321 p.1·18.

817 1354 1286 1413 lustramentum
1313 1352 1527 1411 lacuna
1550 1359 1610 1411 et
1635 1352 1775 1412 hinc
1807 1352 1944 1412 iude
1975 1354 2170 1429 pravis
2197 1350 2548 1411 lectionibus
2575 1349 2952 1409 obscuratum
2979 1350 3391 1429 correximus.)

674 1538 1099 1626 FridericuS,
1133 1538 1260 1610 Dei
1291 1537 1511 1630 gratia
1542 1539 2011 1609 Romanorum
2052 1538 2430 1631 imperator
2474 1558 2747 1630 semper
2785 1547 3154 1629 augustuS‚
3194 1537 3393 1607 Jeru-

580 1658 795 1730 salem
837 1668 911 1729 et
949 1657 1177 1728 Sicilie
1211 1680 1368 1729 rex.
1409 1657 1519 1730 Ad
1556 1658 1691 1730 hoc
1727 1658 1799 1729 in
1842 1660 2249 1754 opportunis
2288 1659 2457 1730 locis
2492 1660 2851 1749 generales
2884 1659 3193 1730 nundine
3233 1670 3398 1731 sunt

580 1781 862 1851 invente
903 1790 982 1851 ut
1016 1782 1401 1852 communis
1457 1781 1715 1853 utilitas
1764 1804 1974 1874 quam
2018 1784 2220 1875 longe
2261 1783 2535 1876 lateque
2573 1781 2877 1852 humana
2921 1794 3247 1876 procurat
3287 1784 3396 1854 in-

580 1903 871 1993 dustria,
918 1904 1176 1974 mutuis
1219 1899 1510 1976 ulterius
1560 1903 1988 1976 commerciis
2032 1916 2467 2000 procuretur.
2507 1902 2680 1976 Hinc
2720 1917 2823 1976 est
2858 1907 3045 1998 quod
3080 1900 3395 1978 subdito-

581 2044 735 2098 rum
764 2027 1368 2099 commoditatibus
1396 2026 1865 2122 providentes,
1899 2027 2389 2099 nichilominus
2417 2028 2776 2118 generales
2812 2049 3013 2099 curas
3041 2028 3394 2100 hominum

582 2160 653 2223 et
683 2151 958 2222 labores
1003 2150 1305 2242 benigno
1359 2150 1856 2245 prospicientes
1900 2150 2192 2240 intuitu,
2242 2149 2590 2221 civitatem
2643 2151 3220 2242 Bambergensem
3270 2174 3397 2247 pro

579 2274 837 2345 mutuis
873 2274 1255 2347 commodis
1308 2274 1718 2346 exercendis
1775 2275 2016 2365 utilem
2075 2284 2145 2346 et
2210 2283 2567 2368 acceptam
2621 2273 2713 2345 ad
2766 2274 3219 2345 celebrandas
3268 2295 3395 2347 an-

577 2398 843 2470 nuatim
883 2398 1314 2470 universales
1360 2399 1709 2470 nundinas
1760 2399 2075 2471 kalendis
2127 2399 2288 2469 maii
2333 2416 2555 2491 usque
2604 2419 2732 2492 per
2791 2406 2928 2469 tres
2979 2399 3399 2492 septimanas

578 2528 945 2613 mqueutes
997 2518 1364 2591 duraturas
1420 2519 1750 2591 duximus
1809 2521 2320 2616 deputandam,
2371 2530 2754 2591 statuentes
2815 2533 2894 2591 ut
2955 2520 3212 2592 ibidem
3268 2521 3400 2592 sub

578 2642 948 2713 securitate
995 2651 1233 2713 nostra
1276 2652 1346 2714 et
1392 2642 1663 2738 imperii
1703 2652 1843 2715 tam
1882 2644 2090 2716 vicini
2138 2665 2351 2738 quam
2398 2644 2646 2714 remoti
2681 2644 3123 2731 conveniant,
3147 2644 3394 2715 merci-

579 2765 828 2838 moniis
869 2765 1012 2837 suis
1051 2767 1447 2839 communia
1481 2768 1659 2840 sicut
1689 2769 1901 2839 moris
1938 2779 2041 2840 est
2081 2768 2448 2840 commoda
2479 2767 2833 2856 faciendO,
2868 2767 3247 2839 dummodo
3287 2767 3396 2838 in—

579 2889 775 2963 dulta
805 2890 1051 2962 vicinis
1073 2891 1405 2964 nundinis
1437 2893 1508 2963 in
1542 2893 1805 2965 eisdem
1838 2892 2085 2966 diebus
2118 2914 2259 2964 non
2292 2892 2508 2986 possit
2551 2893 2986 2986 oportunitas
3012 2891 3390 2987 prepediti.

579 3014 808 3100 Quare
841 3014 1278 3106 mandamus,
1305 3016 1724 3111 precipimus
1751 3028 1823 3088 et
1854 3016 2216 3091 hortamur
2243 3015 2604 3088 universos
2631 3026 2703 3086 et
2729 3016 3036 3107 singulos
3069 3037 3246 3109 quos
3274 3037 3396 3108 ge·

579 3136 957 3208 tendas-um
990 3159 1157 3208 usus
1192 3138 1569 3211 utilitatum
1608 3150 1678 3211 et
1716 3140 2083 3212 commoda
2124 3161 2358 3212 rerum
2397 3140 2660 3233 ubique
2703 3140 3109 3228 sollicitant,
3153 3150 3395 3232 quate·

579 3281 715 3330 uus
759 3260 1034 3331 statutis
1072 3262 1226 3332 loco
1267 3269 1338 3332 et
1379 3270 1688 3357 tempore
1738 3265 1871 3335 sub
1915 3274 2151 3336 nostro
2207 3273 2278 3335 et
2321 3263 2594 3358 imperii
2642 3279 2886 3335 securo
2941 3263 3197 3335 ducatu
3237 3285 3397 3335 cum

581 3383 821 3472 rebus,
851 3383 1315 3456 mercimoniis
1355 3389 1425 3456 et
1467 3386 1716 3458 ceteris
1745 3388 2329 3481 oportunitatibus
2360 3403 2500 3481 que
2535 3397 3046 3459 consueverunt
3082 3386 3174 3458 ad
3215 3387 3395 3459 invi-

581 3527 733 3577 cem
759 3508 853 3578 ad
893 3528 1262 3578 commune
1295 3509 1734 3581 commodum
1764 3510 2144 3604 procurari,
2181 3510 2493 3581 hilariter
2528 3520 2599 3580 et
2629 3519 2949 3603 prompte
2981 3509 3401 3580 conveniant

580 3627 1009 3723 propreflxis
1038 3629 1371 3702 nundinis
1401 3632 1834 3722 exercendis,
1854 3633 2161 3726 presenti
2187 3633 2575 3705 sancientes
2597 3632 2826 3704 edicto
2854 3642 2934 3702 ut
2958 3631 3278 3702 omnibus
3306 3632 3396 3702 ad

580 3772 696 3822 eas
737 3753 1203 3843 venientibus,
1239 3756 1666 3827 morantibus
1722 3761 1792 3828 et
1840 3756 2097 3829 abinde
2145 3757 2468 3829 redituris
2523 3777 2766 3829 secura
2817 3753 3274 3847 tranquillitas
3328 3764 3399 3825 et

582 3876 955 3968 tmnquilla
981 3878 1314 3949 securitas
1352 3879 1729 3973 prebeatur
1764 3889 1836 3951 et
1873 3880 2063 3973 quod
2102 3881 2173 3951 in
2209 3881 2523 3977 personis
2564 3889 2635 3954 et
2666 3881 2874 3951 rebus
2906 3878 3048 3949 suis
3087 3877 3395 3969 undique

581 4009 943 4070 serventur
958 4000 1403 4096 indempnes,
1436 4016 1509 4073 et
1533 4004 1765 4074 nullus
1797 4004 2055 4075 audeat
2087 4024 2208 4075 eos
2244 4004 2595 4077 offendere
2632 4003 2743 4076 vel
2778 4002 3136 4073 occasione
3172 3999 3395 4092 quali-

581 4120 707 4212 bet
728 4122 1013 4215 aliquod
1039 4124 1207 4218 ipsis
1236 4125 1809 4220 impedimentum
1847 4128 2127 4217 inferre,
2165 4128 2392 4200 donec
2419 4126 2510 4198 ad
2542 4135 2981 4221 pretaxatum
3013 4125 3242 4196 locum
3272 4143 3398 4213 ve·-

580 4242 776 4315 niaut
815 4254 887 4315 et
924 4247 1057 4318 sub
1088 4249 1403 4339 ejusdem
1449 4260 1684 4323 nostra
1732 4260 1802 4322 et
1842 4251 2110 4345 imperii
2148 4249 2532 4322 securitatis
2573 4248 3004 4340 indulgentia
3034 4246 3399 4320 salubriter.

581 4364 673 4436 ad
719 4368 1001 4460 propria
1032 4380 1505 4463 revertantur3
1542 4374 1839 4445 scientes
1874 4373 2066 4466 quod
2111 4372 2532 4465 quicumque
2571 4372 2878 4444 mandati
2914 4372 3131 4444 nostri
3182 4380 3400 4454 teme-‚

581 4488 804 4559 rarius
850 4492 1156 4564 extiterit
1184 4494 1506 4586 violator,
1534 4496 1987 4590 indignationi
2019 4504 2251 4566 nostre
2301 4505 2373 4566 et
2425 4496 2692 4589 imperii
2738 4517 2820 4568 ac
2872 4496 3118 4568 ultioni
3163 4494 3398 4566 debite

583 4611 1008 4703 subjacebit,
1062 4613 1194 4686 hiis
1239 4617 1358 4711 qui
1401 4639 1643 4713 pacem
1686 4630 1755 4690 et
1819 4618 2391 4713 indempnitatem
2413 4615 2419 4620 ’
2444 4620 2820 4692 servabunt
2880 4619 3098 4692 nostri
3142 4617 3397 4691 favoris
