4364 5738
534 591 738 655 lnam.
768 593 871 670 4.]
1426 595 1823 659 msronm
1867 598 2476 662 mamarius.-
3220 583 3359 665 '353

535 725 769 798 Sicilie
808 747 963 799 rex.
996 725 1398 799 Liberalitas
1440 729 1866 824 principum,
1902 731 2123 804 virtus
2156 733 2436 826 egregia
2455 787 2476 824 ,
2510 734 2764 808 favoris
2803 744 2874 807 et
2913 734 3077 808 fidei
3121 735 3355 808 nobile

534 848 1045 921 munimentum
1075 850 1168 922 ad
1199 851 1544 944 dominos,
1564 853 1890 926 desiderii
1919 855 2277 949 popularis
2311 857 2725 952 interpretes
2746 856 2848 953 (a)
2873 867 3061 931 tanto
3094 858 3358 951 magni-

535 966 855 1043 ficentius
889 981 1260 1065 regnantes
1290 974 1598 1047 intitulat
1626 986 1889 1070 quanto
1914 977 2229 1070 gentium
2261 979 2508 1051 merita
2539 978 3053 1053 munificentius
3083 1001 3351 1054 recom-

536 1102 808 1189 pensat.
830 1094 1142 1190 Cumque
1168 1120 1295 1193 pre
1327 1098 1575 1171 ceteris
1602 1099 1790 1172 orbis
1819 1109 2003 1174 terre
2029 1102 2330 1173 dominis
2356 1103 2611 1194 quibus
2642 1104 2833 1198 pacis
2870 1105 3124 1196 indaga
3158 1115 3357 1200 paret

534 1215 957 1309 humanitas,
987 1221 1455 1293 Romanorum
1486 1222 1854 1317 imperium
1884 1227 2082 1316 cujus
2117 1225 2293 1298 solio
2319 1226 2612 1299 feliciter
2635 1227 3095 1322 presidemus,
3131 1229 3356 1320 majus

537 1350 609 1411 et
647 1340 900 1413 clarius
938 1342 1121 1414 inter
1145 1341 1459 1416 homines
1490 1344 1831 1417 luminare
1863 1355 2052 1419 recte
2078 1348 2430 1442 pretendit
2471 1348 2722 1421 dextra
2757 1350 2964 1443 Regis
3001 1371 3244 1443 regum
3277 1359 3359 1422 ut

535 1461 877 1537 haberent
921 1466 1191 1560 reliqua
1222 1478 1602 1540 memorata
1643 1468 2057 1565 principium
2092 1492 2135 1542 a
2168 1492 2312 1564 quo
2342 1471 2623 1544 salubre
2650 1473 3078 1567 susciperent
3111 1473 3358 1546 mutati

423 1616 426 1618 ’
536 1591 891 1683 regiminis
922 1592 1415 1665 documentum
1431 1648 1451 1685 ,
1488 1595 1971 1668 liberalitatem
2004 1618 2170 1668 vere
2202 1598 2626 1670 conveniens
2652 1593 2808 1692 (sic)
2833 1598 3004 1669 tanti
3035 1597 3360 1670 vocabuli

537 1713 992 1786 substantiam
1036 1717 1136 1788 sic
1174 1718 1470 1789 libenter
1503 1718 1985 1813 amplectimur
2013 1729 2096 1791 ut
2126 1722 2451 1815 prosequi
2485 1721 2676 1815 quod
2710 1720 3024 1812 ejusdem
3050 1721 3357 1792 liberali·

539 1836 699 1907 tatis
726 1846 833 1908 est
858 1838 1214 1932 proprium
1245 1839 1698 1912 sufficientius
1724 1842 2068 1935 possimus
2098 1852 2169 1913 et
2196 1844 2453 1937 exequi
2476 1843 2921 1916 favorabilius
2951 1844 3352 1936 gloriemur.

540 1958 998 2033 Attendentes
1029 1962 1264 2055 itaque
1291 1985 1503 2055 quam
1529 1961 1854 2053 fideliter,
1876 1963 2303 2036 sufficienter
2337 1975 2407 2037 et
2438 1975 2758 2061 prompte
2783 1966 3172 2038 Parmensis
3198 1965 3362 2038 civi-

541 2093 676 2174 tas,
700 2104 951 2177 parens
984 2085 1174 2179 pacis
1205 2097 1276 2157 et
1296 2085 1485 2177 fidei,
1519 2087 1666 2158 zelo
1695 2086 2021 2158 continue
2045 2086 2434 2160 devotionis
2462 2109 2782 2175 accensa,
2806 2089 3060 2160 nostris
3087 2109 3363 2183 semper

541 2230 617 2281 se
656 2209 931 2302 subegit
971 2209 1320 2303 obsequiis
1335 2263 1354 2300 ,
1392 2211 1584 2281 nulla
1624 2230 1855 2281 rerum
1889 2220 2010 2308 aut
2045 2220 2432 2304 temporum
2473 2210 2993 2305 impugnatione
3026 2232 3364 2284 concussa

539 2353 755 2426 quum
783 2331 1146 2403 rebellium
1177 2340 1571 2404 nostrorum
1599 2333 1935 2423 sanguine
1970 2331 2209 2404 sitiens
2235 2332 2328 2405 ad
2359 2332 2660 2427 primum
2688 2333 3099 2403 excellentie
3126 2342 3362 2404 nostre

541 2453 950 2526 mandatum
999 2454 1252 2525 milites
1297 2464 1368 2526 et
1414 2454 1685 2549 pedites
1732 2476 1895 2526 suos
1935 2453 2355 2526 unanimiter
2395 2464 2468 2525 et
2506 2455 2782 2549 copiose
2832 2456 3357 2551 transmitteret,

544 2578 933 2650 cavalcatas
971 2578 1229 2649 faceret
1267 2576 1649 2650 infidelium
1688 2588 2083 2650 nostrorum
2128 2577 2512 2671 nequitiam
2557 2578 3087 2669 magnanimiter
3127 2577 3362 2672 oppri-

546 2700 801 2774 mendo
832 2722 915 2772 ac
944 2699 1256 2773 fidelium
1288 2700 1557 2794 quesita
1590 2699 1912 2794 suffragia
1947 2700 2323 2774 studiosius
2353 2715 2786 2796 procuraret,
2823 2722 2952 2794 pro
2982 2713 3120 2772 tam
3151 2701 3364 2794 gratis

547 2833 618 2898 et
641 2824 943 2921 acceptis
967 2823 1265 2897 servitiis
1291 2824 1555 2897 dudum
1585 2822 1912 2897 exhibitis
1940 2834 2012 2896 et
2037 2822 2408 2897 efficaciter
2434 2823 2503 2895 in
2533 2833 2888 2919 posterum
2917 2823 3356 2914 exhibendis,

546 2948 954 3021 liberalitate
998 2948 1200 3021 nobis
1239 2957 1591 3042 prestante
1623 2948 1984 3019 materiam
2020 2969 2159 3041 qua
2191 2946 2502 3020 fidelium
2533 2957 2928 3019 nostrorum
2959 2946 3170 3018 corda
3195 2947 3361 3019 Par-

547 3072 891 3144 mensium
922 3093 1016 3142 ex
1044 3071 1385 3167 presentis
1415 3071 1827 3167 provisionis
1860 3070 2126 3163 judicio
2171 3068 2442 3142 firmam
2475 3091 2671 3165 spem
2704 3068 3016 3141 nutriant
3056 3070 3144 3140 de
3171 3091 3362 3164 ,per-

546 3194 981 3289 ceptionibus
1007 3192 1426 3284 futurorum,
1448 3194 1826 3265 liberaliter
1853 3193 1941 3265 de
1967 3193 2191 3286 gratia
2221 3203 2456 3264 nostra
2484 3202 2555 3263 et
2584 3202 2773 3264 certa
2805 3192 3090 3263 scientia
3117 3191 3365 3262 damus

548 3328 620 3389 et
655 3315 1101 3388 concedimus
1126 3316 1199 3386 in
1228 3324 1643 3410 perpetuum
1683 3297 1990 3388 Tebaldo
2013 3315 2411 3406 Francisco,
2449 3315 2772 3409 potestati
2801 3317 3075 3404 Parme,
3112 3314 3364 3387 dilecto

545 3439 739 3514 fideli
760 3448 1025 3528 nostro,
1054 3439 1412 3533 recipienti
1442 3439 1596 3509 loco
1621 3437 1902 3509 nomine
1929 3447 2000 3509 et
2026 3437 2181 3509 vice
2212 3437 2600 3510 communis
2624 3438 3011 3509 Parmensis
3044 3447 3116 3508 et
3137 3436 3364 3508 eidem

547 3561 900 3638 communi
933 3560 1254 3633 fidelibus
1285 3560 1539 3633 nostris
1569 3570 1871 3633 castrum
1904 3560 2259 3632 Grondule
2286 3582 2446 3631 cum
2481 3558 2903 3650 hominibuS,
2941 3559 3157 3649 curia,
3187 3558 3364 3650 juri·

549 3689 718 3779 bus,
755 3686 1170 3776 honoribus,
1208 3685 1624 3772 rationibus,
1654 3682 2284 3776 jurisdictionibus,
2326 3682 2805 3777 pertinenciis,
2848 3683 3133 3771 tenutis,
3166 3680 3365 3752 terris

551 3811 754 3883 cultis
782 3818 853 3880 et
878 3806 1182 3897 incultis,
1210 3807 1450 3901 sylviS,
1483 3805 1786 3900 pascuis,
1809 3804 2034 3897 aquis,
2059 3803 2469 3875 utilitatibus
2494 3804 2661 3894 suis,
2685 3825 2846 3874 cum
2876 3810 3019 3874 toto
3053 3801 3367 3874 districtu

553 3955 680 4006 suo
713 3941 786 4006 et
820 3931 1142 4004 omnibus
1172 3929 1324 4001 aliis
1361 3951 1496 4023 que
1532 3928 1626 4002 ad
1658 3937 1959 4000 castrum
2002 3926 2232 4022 ipsum
2273 3936 2344 3998 et
2387 3926 2479 4000 ad
2518 3926 2780 3998 curiam
2820 3925 3164 4021 pertinere
3198 3944 3361 3996 uos-

553 4067 840 4139 cuntur;
868 4077 1012 4128 non
1043 4055 1362 4126 obstante
1390 4053 1543 4144 lege
1574 4051 1807 4145 aliqua
1833 4072 1966 4123 nec
1997 4049 2477 4145 solempnitate
2508 4046 3207 4141 qualibet-deficiente
3233 4066 3365 4117 nec

556 4179 764 4251 etiam
804 4177 1217 4251 adversante
1261 4175 1650 4268 aliquorum
1692 4173 2007 4246 absentia
2036 4194 2179 4244 non
2213 4172 2578 4244 citatorum
2611 4191 2743 4240 nec
2774 4168 3090 4241 obstante
3131 4168 3364 4262 aliquo

555 4300 917 4395 privilegio
943 4322 1068 4372 seu
1094 4298 1538 4372 concessione
1571 4297 1632 4368 si
1664 4296 2082 4393 reperiretur
2106 4295 2288 4366 facta
2309 4293 2516 4364 alicui
2545 4312 2841 4387 persone
2863 4292 2977 4363 vel
3005 4291 3194 4380 loco;
3228 4310 3366 4383 que

556 4422 790 4496 omnia
819 4443 946 4518 per
974 4443 1262 4518 presens
1292 4420 1731 4517 privilegium
1755 4418 2045 4510 intelligi
2078 4418 2402 4491 volumus
2427 4425 2779 4505 revocata,
2806 4415 2998 4487 salva
3029 4413 3369 4511 imperiali

643 4667 728 4747 (a)
769 4667 842 4728 In
869 4670 1150 4744 impresso
1175 4667 1484 4747 iuturpru.

717 4774 824 4839 vl.
2353 4837 2358 4842 ‚
2975 4775 3052 4826 45
