4364 5738
1009 579 1126 640 104
1999 579 2425 640 ramerum
2477 579 2822 640 suenum
3435 580 3598 658 [anx.
3639 583 3810 644 1243.

613 1135 934 1244 ffiae'efflm,
1108 1126 1566 1232 FridericuS,
1606 1124 2123 1207 Romanorum
2164 1124 2605 1232 imperator,
2643 1124 3079 1208 Innocentio
3125 1150 3363 1233 papae
3414 1125 3675 1207 scribit
3718 1127 3810 1210 de

669 1242 862 1295 πω·
999 1260 1162 1370 ejus
1197 1260 1557 1342 electione
1600 1257 2130 1367 congaudens,
2172 1257 2551 1366 mittitque
2598 1257 2887 1366 legatos
2942 1258 3074 1366 qui
3124 1258 3456 1365 seipsum
3503 1259 3601 1339 ad
3646 1258 3808 1367 ejus

999 1393 1466 1502 beneplacita
1500 1401 1851 1500 paratum
1871 1451 1893 1496 ,
1935 1389 2162 1471 salvis
2190 1388 2363 1498 jure
2407 1400 2481 1471 et
2524 1390 2813 1472 honore
2847 1390 3142 1498 imperii
3160 1451 3183 1495 ‚
3225 1388 3566 1472 offerant.

1159 1604 1349 1683 (Edit.
1382 1623 1478 1681 ap.
1508 1605 1855 1681 mmm„
1895 1600 2113 1663 Amal.
2152 1600 2370 1677 eccles„
2408 1604 2487 1663 ad
2529 1620 2667 1663 ann.
2715 1612 2899 1677 12⁴8,
2946 1600 2992 1683 S
3035 1602 3143 1663 XI.
3175 1634 3252 1648 —
3280 1604 3508 1675 Pana,
3544 1602 3796 1664 Menum.

1239 1709 1432 1771 Germ.
1462 1708 1625 1781 hist„
1651 1717 1697 1769 t.
1731 1710 1836 1785 lv,
1866 1727 1928 1785 p.
1954 1710 2463 1786 ⁴sn.—Hmms,
2500 1705 2640 1770 σαὶ.
2674 1706 2801 1770 ord.
2843 1706 3196 1780 rheumate..
3224 1728 3285 1786 p.
3321 1719 3454 1783 ns,
3479 1718 3545 1769 n‘·
3573 1719 3805 1770 lto.—

1235 1819 1492 1889 'ru-nm,
1522 1812 1689 1894 Deqli
1709 1815 2053 1875 ammiranti
2077 1811 2173 1874 del
2195 1832 2400 1895 rayno,
2433 1833 2496 1891 p.
2547 1823 2657 1892 56,
2687 1816 2791 1876 sed
2822 1818 3019 1876 minus
3058 1819 3284 1893 integre
3305 1859 3324 1893 ,
3356 1822 3416 1875 et
3443 1819 3505 1873 tn
3535 1815 3702 1875 Patr.
3742 1812 3809 1875 de

1248 1923 1379 1984 Vin.
1412 1923 1633 2000 Epist„
1663 1921 1767 1983 nb.
1799 1923 1860 1999 Ι,
1899 1938 2030 1998 cap.
2072 1922 2351 1982 xxxm.
2400 1922 2572 1982 Nunc
2605 1923 2740 1981 coll.
2783 1937 2921 1982 cum
2958 1922 3094 1981 cod.
3136 1921 3349 1993 Paris„
3375 1919 3560 1999 fonds
3597 1921 3804 1982 Noa-o-

1233 2030 1438 2100 Dame,
1467 2037 1530 2087 n⁰
1558 2036 1706 2098 202,
1748 2034 1807 2087 et
1847 2043 1985 2087 cum
2025 2030 2195 2104 copia
2222 2028 2546 2088 rotulorum
2578 2026 3053 2088 cluniacensium
3090 2030 3153 2087 in
3188 2027 3334 2087 bibl.
3379 2027 3575 2087 Cesar.
3617 2027 3799 2088 Paris.

1231 2135 1580 2212 asservata.)

1087 2321 1530 2394 Sanctissimo
1563 2320 1634 2390 in
1666 2320 1931 2392 Christo
1977 2320 2158 2413 patri
2206 2319 2489 2391 domino
2531 2318 2930 2391 Innocentio
2961 2319 3088 2390 Dei
3132 2319 3349 2411 gratia
3393 2330 3628 2392 sancte
3669 2322 3801 2393 Ro-

992 2467 1194 2518 mane
1247 2445 1548 2516 Ecclesie
1609 2464 1879 2514 summo
1924 2441 2231 2537 pontifici
2251 2495 2269 2531 ,
2319 2442 2707 2515 Fridericus
2756 2442 3004 2514 eadem
3063 2443 3285 2534 gratia
3339 2445 3803 2515 Romanorum

989 2571 1364 2662 imperator
1386 2587 1661 2660 semper
1686 2574 2055 2657 augustus,
2078 2566 2457 2637 Jerusalem
2485 2575 2556 2637 et
2585 2565 2810 2637 Sicilie
2841 2587 2970 2639 rex
2987 2617 3008 2655 ,
3042 2566 3333 2636 salutem
3370 2575 3441 2636 et
3471 2588 3801 2638 reveren·

993 2692 1156 2762 tiam
1200 2689 1504 2761 filialem.
1541 2687 1797 2759 Audita
1838 2689 2123 2759 summis
2172 2689 2478 2783 expetita
2519 2689 2822 2760 consiliis
2874 2699 2944 2759 et
3000 2689 3405 2761 ardentibus
3445 2689 3803 2761 desideriis

994 2821 1359 2909 expectata
1414 2812 1662 2884 summi
1708 2813 2194 2884 substitutione
2231 2811 2612 2907 pontificis,
2647 2813 2717 2883 in
2766 2833 2902 2904 qua
2957 2811 3458 2884 venerabilium
3514 2814 3801 2884 fratrum

988 2938 1344 3008 voluntate
1377 2936 1737 3026 concordi,
1776 2946 1847 3007 et
1876 2937 2083 3008 unica
2122 2937 2465 3027 generalis
2514 2937 2660 3008 voti
2706 2937 3203 3031 postulatione,
3242 2937 3464 3008 fuistis
3503 2938 3648 3008 Deo
3681 2957 3796 3008 ac·

993 3072 1138 3133 tore
1167 3061 1488 3155 promoti,
1522 3070 1712 3131 tanto
1745 3063 1966 3153 major
1997 3061 2196 3133 nobis
2223 3060 2510 3133 accessit
2541 3081 2635 3131 ex
2661 3070 2892 3133 vestra
2916 3061 3347 3155 promotione
3373 3060 3800 3152 jocunditas,

990 3193 1250 3276 quanto
1286 3183 1712 3254 subtractum
1744 3181 1947 3254 dulce
1978 3181 2099 3253 filii
2132 3204 2416 3274 nomen,
2448 3184 2642 3276 quod
2665 3184 2967 3256 viduitas
3000 3184 3234 3256 matris
3274 3185 3694 3275 abstulerat,
3731 3185 3802 3257 in

990 3306 1153 3377 data
1185 3305 1383 3376 nobis
1417 3307 1583 3377 novi
1610 3305 2098 3397 subrogatione
2125 3318 2467 3401 parentis,
2498 3330 2641 3380 non
2673 3308 3017 3380 immerito
3050 3309 3351 3399 gaudere
3383 3306 3800 3380 confidimus

987 3429 1416 3517 restitutum,
1449 3439 1530 3500 ut
1562 3439 1853 3524 paterno
1886 3432 2148 3501 nomini
2190 3432 2302 3525 pie
2344 3433 2753 3527 provisionis
2788 3453 2993 3503 omen
3042 3432 3405 3522 adveniat,
3443 3453 3567 3526 per
3607 3432 3797 3525 quod

988 3552 1379 3645 expectanti
1418 3549 1558 3623 filio
1596 3561 1666 3623 et
1696 3556 2133 3625 novercalem
2181 3556 2697 3647 quodammodo
2745 3555 3007 3628 dudum
3063 3556 3382 3647 injuriam
3428 3556 3576 3647 jam
3634 3573 3795 3648 per-

983 3695 1214 3769 pesso,
1257 3684 1443 3746 rec-te
1475 3675 1660 3747 dicat
1694 3684 1916 3747 mater
1942 3677 2244 3748 Ecclesia
2283 3708 2301 3749 ε
2351 3706 2385 3744 «
2420 3679 2572 3769 Fili,
2606 3699 2767 3751 ecce
2795 3688 2995 3773 pater
3027 3687 3209 3769 tuuS,
3250 3679 3322 3749 in
3351 3680 3547 3770 cujus
3577 3677 3788 3749 affec·

984 3801 1168 3871 tione
1204 3798 1386 3871 filius
1414 3800 1821 3894 respirabit3
1851 3827 1886 3865 n
1924 3809 1994 3871 et
2024 3800 2116 3873 ad
2147 3811 2414 3895 patrem
2442 3800 2622 3874 filius
2653 3824 2692 3875 e
2730 3824 3068 3876 converso
3098 3803 3514 3898 respondeat
3547 3833 3564 3874 ε
3598 3830 3633 3867 a
3667 3803 3795 3874 Pa-

983 3934 1109 4013 ter,
1147 3944 1308 3995 ecce
1350 3922 1559 4012 filius,
1597 3944 1807 4015 quem
1846 3933 2158 3996 materna
2189 3925 2404 3997 ubera
2440 3928 2897 4016 lactaverunt,
2936 3928 3007 3998 in
3037 3930 3235 4020 cujus
3284 3927 3639 4022 obsequiis
3682 3927 3793 4021 pia

977 4048 1354 4137 paternitas
1390 4047 1863 4139 requiescet.»
1917 4049 2169 4118 Datum
2222 4060 2328 4120 est
2368 4050 2553 4120 enim
2593 4051 2792 4122 vobis
2843 4073 2882 4122 e
2936 4053 3130 4124 coelo
3185 4052 3565 4123 Innocentii
3626 4073 3789 4145 pre·

977 4166 1318 4239 destinata
1357 4180 1541 4241 sorte
1589 4170 2048 4262 vocabulum,
2097 4171 2290 4265 quod
2330 4194 2456 4267 per
2499 4195 2626 4245 vos
2679 4176 3001 4248 nocentia
3052 4176 3363 4248 subtrahi
3413 4175 3792 4247 consultius

973 4289 1242 4380 innuat,
1280 4299 1350 4361 et
1380 4292 1491 4385 pie
1534 4294 1823 4365 suadeat
1858 4295 2324 4367 innocentiam
2365 4299 2788 4371 conservari.
2829 4299 3225 4372 Advenistis
3266 4321 3544 4393 quoque
3590 4298 3793 4368 nobis

975 4432 1013 4481 e
1052 4412 1399 4483 nobilibus
1434 4415 1701 4509 imperii
1737 4414 1930 4509 filiis,
1981 4428 2184 4491 vetus
2225 4420 2520 4511 amicus,
2556 4442 2817 4494 novum
2853 4434 3126 4496 creatus
3170 4424 3243 4494 in
3294 4431 3561 4518 patrem
3578 4474 3599 4512 ,
3657 4443 3784 4517 per

972 4552 1181 4627 quem
1237 4532 1539 4608 confidat
1595 4538 1958 4633 imperium
2008 4553 2170 4615 vota
2229 4543 2419 4637 pacis
2465 4554 2538 4615 et
2589 4567 2713 4617 sue
2765 4547 3044 4638 justicie
3102 4548 3431 4620 inviolata
3482 4546 3781 4618 servari.

967 4656 1404 4752 Quapropter
1453 4661 1545 4732 ad
1615 4663 2076 4737 reverendum
2139 4676 2409 4760 patrem
2481 4667 2839 4742 dominum
2904 4672 3376 4746 Innocentium
3397 4725 3417 4763 ,
3489 4672 3786 4767 Aposto-
