<?xml version="1.0" encoding="UTF-8"?>
<!DOCTYPE html PUBLIC "-//W3C//DTD XHTML 1.0 Transitional//EN"
    "http://www.w3.org/TR/xhtml1/DTD/xhtml1-transitional.dtd">
<html xmlns="http://www.w3.org/1999/xhtml" xml:lang="en" lang="en">
 <head>
  <title>
</title>
<meta http-equiv="Content-Type" content="text/html;charset=utf-8" />
  <meta name='ocr-system' content='tesseract 3.04.00' />
  <meta name='ocr-capabilities' content='ocr_page ocr_carea ocr_par ocr_line ocrx_word'/>
</head>
<body>
  <div class='ocr_page' id='page_1' title='image "./historiadiploma00degoog_0144.png"; bbox 0 0 4364 5738; ppageno 0'>
   <div class='ocr_carea' id='block_1_1' title="bbox 1003 565 3809 652">
    <p class='ocr_par' dir='ltr' id='par_1_1' title="bbox 1003 565 3809 652">
     <span class='ocr_line' id='line_1_1' title="bbox 1003 565 3809 652; baseline 0.004 -28"><span class='ocrx_word' id='word_1_1' title='bbox 1003 565 1118 625; x_wconf 84' lang='lat'>130</span> <span class='ocrx_word' id='word_1_2' title='bbox 1995 567 2422 632; x_wconf 75' lang='lat' dir='ltr'>Fntnssmcl</span> <span class='ocrx_word' id='word_1_3' title='bbox 2475 571 2820 632; x_wconf 83' lang='lat' dir='ltr'>SECUNDI</span> <span class='ocrx_word' id='word_1_4' title='bbox 3424 569 3589 652; x_wconf 52' lang='grc' dir='ltr'><strong>[ΑΜΕ.</strong></span> <span class='ocrx_word' id='word_1_5' title='bbox 3628 573 3809 635; x_wconf 73' lang='lat'>1243.</span> 
     </span>
    </p>
   </div>
   <div class='ocr_carea' id='block_1_2' title="bbox 996 697 3818 1663">
    <p class='ocr_par' dir='ltr' id='par_1_2' title="bbox 996 697 3818 1663">
     <span class='ocr_line' id='line_1_2' title="bbox 997 697 3818 793; baseline 0.004 -25"><span class='ocrx_word' id='word_1_6' title='bbox 997 697 1239 792; x_wconf 89' lang='lat' dir='ltr'>periali</span> <span class='ocrx_word' id='word_1_7' title='bbox 1279 718 1533 771; x_wconf 89' lang='lat' dir='ltr'>corone</span> <span class='ocrx_word' id='word_1_8' title='bbox 1578 698 1934 789; x_wconf 90' lang='lat' dir='ltr'>tenemini,</span> <span class='ocrx_word' id='word_1_9' title='bbox 1974 712 2319 793; x_wconf 88' lang='lat' dir='ltr'>quatenus</span> <span class='ocrx_word' id='word_1_10' title='bbox 2358 704 2525 775; x_wconf 82' lang='lat' dir='ltr'>visis</span> <span class='ocrx_word' id='word_1_11' title='bbox 2558 705 2773 775; x_wconf 89' lang='lat' dir='ltr'>literis</span> <span class='ocrx_word' id='word_1_12' title='bbox 2813 704 3074 776; x_wconf 90' lang='lat' dir='ltr'>dictum</span> <span class='ocrx_word' id='word_1_13' title='bbox 3107 703 3468 776; x_wconf 91' lang='lat' dir='ltr'>dominum</span> <span class='ocrx_word' id='word_1_14' title='bbox 3498 708 3818 780; x_wconf 89' lang='lat' dir='ltr'>comitem</span> 
     </span>
     <span class='ocr_line' id='line_1_3' title="bbox 997 821 3817 923; baseline 0.004 -29"><span class='ocrx_word' id='word_1_15' title='bbox 997 821 1306 912; x_wconf 81' lang='lat' dir='ltr'>adeatiS‚</span> <span class='ocrx_word' id='word_1_16' title='bbox 1353 822 1749 894; x_wconf 84' lang='lat' dir='ltr'>omnimode</span> <span class='ocrx_word' id='word_1_17' title='bbox 1801 823 2211 898; x_wconf 85' lang='lat' dir='ltr'>inducentes</span> <span class='ocrx_word' id='word_1_18' title='bbox 2266 828 2566 900; x_wconf 91' lang='lat' dir='ltr'>eundem</span> <span class='ocrx_word' id='word_1_19' title='bbox 2620 839 2699 900; x_wconf 89' lang='lat' dir='ltr'>ut</span> <span class='ocrx_word' id='word_1_20' title='bbox 2758 829 2951 900; x_wconf 90' lang='lat' dir='ltr'>nulla</span> <span class='ocrx_word' id='word_1_21' title='bbox 3005 848 3199 900; x_wconf 89' lang='lat' dir='ltr'>mora</span> <span class='ocrx_word' id='word_1_22' title='bbox 3256 839 3642 923; x_wconf 86' lang='lat' dir='ltr'>protracta,</span> <span class='ocrx_word' id='word_1_23' title='bbox 3690 854 3817 904; x_wconf 90' lang='lat' dir='ltr'>nec</span> 
     </span>
     <span class='ocr_line' id='line_1_4' title="bbox 998 935 3816 1039; baseline 0.004 -23"><span class='ocrx_word' id='word_1_24' title='bbox 998 945 1135 1017; x_wconf 92' lang='lat' dir='ltr'>alio</span> <span class='ocrx_word' id='word_1_25' title='bbox 1193 945 1479 1017; x_wconf 89' lang='lat' dir='ltr'>consilio</span> <span class='ocrx_word' id='word_1_26' title='bbox 1516 935 1901 1039; x_wconf 86' lang='lat' dir='ltr'>postulato,</span> <span class='ocrx_word' id='word_1_27' title='bbox 1955 949 2045 1020; x_wconf 94' lang='lat' dir='ltr'>ad</span> <span class='ocrx_word' id='word_1_28' title='bbox 2099 960 2413 1022; x_wconf 89' lang='lat' dir='ltr'>nostrum</span> <span class='ocrx_word' id='word_1_29' title='bbox 2461 973 2867 1023; x_wconf 82' lang='lat' dir='ltr'><strong>succursum</strong></span> <span class='ocrx_word' id='word_1_30' title='bbox 2909 950 3159 1023; x_wconf 87' lang='lat' dir='ltr'>vestris</span> <span class='ocrx_word' id='word_1_31' title='bbox 3212 961 3283 1023; x_wconf 88' lang='lat' dir='ltr'>et</span> <span class='ocrx_word' id='word_1_32' title='bbox 3334 952 3487 1024; x_wconf 90' lang='lat' dir='ltr'>aliis</span> <span class='ocrx_word' id='word_1_33' title='bbox 3538 975 3620 1024; x_wconf 93' lang='lat' dir='ltr'>ac</span> <span class='ocrx_word' id='word_1_34' title='bbox 3676 955 3816 1028; x_wconf 87' lang='lat' dir='ltr'>suis</span> 
     </span>
     <span class='ocr_line' id='line_1_5' title="bbox 1000 1069 3817 1171; baseline 0.002 -29"><span class='ocrx_word' id='word_1_35' title='bbox 1000 1069 1261 1142; x_wconf 86' lang='lat' dir='ltr'>viribus</span> <span class='ocrx_word' id='word_1_36' title='bbox 1296 1090 1370 1140; x_wconf 90' lang='lat' dir='ltr'>se</span> <span class='ocrx_word' id='word_1_37' title='bbox 1410 1069 1764 1161; x_wconf 84' lang='lat' dir='ltr'>accingat3</span> <span class='ocrx_word' id='word_1_38' title='bbox 1806 1081 1875 1141; x_wconf 92' lang='lat' dir='ltr'>et</span> <span class='ocrx_word' id='word_1_39' title='bbox 1916 1093 2007 1142; x_wconf 91' lang='lat' dir='ltr'>ne</span> <span class='ocrx_word' id='word_1_40' title='bbox 2044 1073 2135 1144; x_wconf 90' lang='lat' dir='ltr'>ad</span> <span class='ocrx_word' id='word_1_41' title='bbox 2181 1083 2448 1146; x_wconf 88' lang='lat' dir='ltr'>tantum</span> <span class='ocrx_word' id='word_1_42' title='bbox 2478 1074 2929 1171; x_wconf 90' lang='lat' dir='ltr'>opprobrium</span> <span class='ocrx_word' id='word_1_43' title='bbox 2964 1096 3358 1171; x_wconf 79' lang='lat' dir='ltr'>pereamuS‚</span> <span class='ocrx_word' id='word_1_44' title='bbox 3401 1076 3629 1145; x_wconf 88' lang='lat' dir='ltr'>statim</span> <span class='ocrx_word' id='word_1_45' title='bbox 3661 1088 3817 1171; x_wconf 88' lang='lat' dir='ltr'>post</span> 
     </span>
     <span class='ocr_line' id='line_1_6' title="bbox 996 1194 3813 1291; baseline 0.003 -27"><span class='ocrx_word' id='word_1_46' title='bbox 996 1194 1422 1265; x_wconf 90' lang='lat' dir='ltr'>intellectum</span> <span class='ocrx_word' id='word_1_47' title='bbox 1468 1204 1777 1266; x_wconf 90' lang='lat' dir='ltr'>tenorem</span> <span class='ocrx_word' id='word_1_48' title='bbox 1813 1197 2237 1290; x_wconf 89' lang='lat' dir='ltr'>presentium</span> <span class='ocrx_word' id='word_1_49' title='bbox 2262 1252 2280 1288; x_wconf 91' lang='lat'>,</span> <span class='ocrx_word' id='word_1_50' title='bbox 2327 1198 2523 1291; x_wconf 86' lang='lat' dir='ltr'>signa</span> <span class='ocrx_word' id='word_1_51' title='bbox 2568 1199 2830 1271; x_wconf 91' lang='lat' dir='ltr'>moveri</span> <span class='ocrx_word' id='word_1_52' title='bbox 2880 1207 2951 1269; x_wconf 90' lang='lat' dir='ltr'>et</span> <span class='ocrx_word' id='word_1_53' title='bbox 2993 1209 3277 1291; x_wconf 79' lang='lat' dir='ltr'>gentem</span> <span class='ocrx_word' id='word_1_54' title='bbox 3318 1198 3525 1270; x_wconf 83' lang='lat' dir='ltr'>faciat</span> <span class='ocrx_word' id='word_1_55' title='bbox 3569 1221 3813 1272; x_wconf 87' lang='lat' dir='ltr'>conse-</span> 
     </span>
     <span class='ocr_line' id='line_1_7' title="bbox 996 1316 3817 1417; baseline 0.003 -28"><span class='ocrx_word' id='word_1_56' title='bbox 996 1329 1317 1412; x_wconf 89' lang='lat' dir='ltr'>quenter,</span> <span class='ocrx_word' id='word_1_57' title='bbox 1358 1326 1438 1389; x_wconf 88' lang='lat' dir='ltr'>ut</span> <span class='ocrx_word' id='word_1_58' title='bbox 1483 1316 1691 1389; x_wconf 90' lang='lat' dir='ltr'>hodie</span> <span class='ocrx_word' id='word_1_59' title='bbox 1743 1328 1903 1390; x_wconf 89' lang='lat' dir='ltr'>ante</span> <span class='ocrx_word' id='word_1_60' title='bbox 1942 1331 2244 1393; x_wconf 81' lang='lat' dir='ltr'><strong>castrum</strong></span> <span class='ocrx_word' id='word_1_61' title='bbox 2288 1322 2683 1417; x_wconf 85' lang='lat' dir='ltr'>imperiales</span> <span class='ocrx_word' id='word_1_62' title='bbox 2717 1324 2865 1394; x_wconf 91' lang='lat' dir='ltr'>alas</span> <span class='ocrx_word' id='word_1_63' title='bbox 2900 1323 3302 1413; x_wconf 87' lang='lat' dir='ltr'>videamus;</span> <span class='ocrx_word' id='word_1_64' title='bbox 3351 1323 3586 1394; x_wconf 86' lang='lat' dir='ltr'>scituri</span> <span class='ocrx_word' id='word_1_65' title='bbox 3627 1325 3817 1417; x_wconf 88' lang='lat' dir='ltr'>quod</span> 
     </span>
     <span class='ocr_line' id='line_1_8' title="bbox 998 1441 3815 1535; baseline 0.002 -22"><span class='ocrx_word' id='word_1_66' title='bbox 998 1441 1055 1513; x_wconf 91' lang='lat' dir='ltr'>si</span> <span class='ocrx_word' id='word_1_67' title='bbox 1094 1463 1295 1514; x_wconf 89' lang='lat' dir='ltr'>secus</span> <span class='ocrx_word' id='word_1_68' title='bbox 1336 1462 1568 1512; x_wconf 92' lang='lat' dir='ltr'>comes</span> <span class='ocrx_word' id='word_1_69' title='bbox 1609 1451 1679 1511; x_wconf 86' lang='lat' dir='ltr'>et</span> <span class='ocrx_word' id='word_1_70' title='bbox 1711 1463 1840 1513; x_wconf 85' lang='lat' dir='ltr'>vos</span> <span class='ocrx_word' id='word_1_71' title='bbox 1886 1443 2227 1516; x_wconf 82' lang='lat' dir='ltr'>duxeritis</span> <span class='ocrx_word' id='word_1_72' title='bbox 2273 1445 2709 1535; x_wconf 85' lang='lat' dir='ltr'>faciendum,</span> <span class='ocrx_word' id='word_1_73' title='bbox 2765 1466 2893 1517; x_wconf 89' lang='lat' dir='ltr'>nos</span> <span class='ocrx_word' id='word_1_74' title='bbox 2928 1447 3054 1517; x_wconf 92' lang='lat' dir='ltr'>Dei</span> <span class='ocrx_word' id='word_1_75' title='bbox 3089 1456 3161 1518; x_wconf 89' lang='lat' dir='ltr'>et</span> <span class='ocrx_word' id='word_1_76' title='bbox 3208 1445 3568 1518; x_wconf 92' lang='lat' dir='ltr'>hominum</span> <span class='ocrx_word' id='word_1_77' title='bbox 3622 1448 3815 1520; x_wconf 88' lang='lat' dir='ltr'>testi·</span> 
     </span>
     <span class='ocr_line' id='line_1_9' title="bbox 1000 1563 3814 1663; baseline 0.003 -29"><span class='ocrx_word' id='word_1_78' title='bbox 1000 1564 1310 1636; x_wconf 91' lang='lat' dir='ltr'>monium</span> <span class='ocrx_word' id='word_1_79' title='bbox 1343 1563 1748 1634; x_wconf 85' lang='lat' dir='ltr'><strong>invocamus</strong></span> <span class='ocrx_word' id='word_1_80' title='bbox 1787 1564 1978 1655; x_wconf 88' lang='lat' dir='ltr'>quod</span> <span class='ocrx_word' id='word_1_81' title='bbox 2024 1566 2097 1638; x_wconf 89' lang='lat' dir='ltr'>in</span> <span class='ocrx_word' id='word_1_82' title='bbox 2136 1568 2339 1640; x_wconf 89' lang='lat' dir='ltr'>nobis</span> <span class='ocrx_word' id='word_1_83' title='bbox 2371 1570 2576 1663; x_wconf 87' lang='lat' dir='ltr'>culpa</span> <span class='ocrx_word' id='word_1_84' title='bbox 2614 1589 2756 1641; x_wconf 89' lang='lat' dir='ltr'>non</span> <span class='ocrx_word' id='word_1_85' title='bbox 2799 1579 2941 1659; x_wconf 89' lang='lat' dir='ltr'>est,</span> <span class='ocrx_word' id='word_1_86' title='bbox 2987 1569 3114 1641; x_wconf 86' lang='lat' dir='ltr'>sed</span> <span class='ocrx_word' id='word_1_87' title='bbox 3146 1590 3238 1639; x_wconf 84' lang='lat' dir='ltr'>ex</span> <span class='ocrx_word' id='word_1_88' title='bbox 3276 1579 3505 1641; x_wconf 84' lang='lat' dir='ltr'>vestra</span> <span class='ocrx_word' id='word_1_89' title='bbox 3550 1570 3814 1642; x_wconf 88' lang='lat' dir='ltr'>desidia</span> 
     </span>
    </p>
   </div>
   <div class='ocr_carea' id='block_1_3' title="bbox 1000 1687 3813 1901">
    <p class='ocr_par' dir='ltr' id='par_1_3' title="bbox 1000 1687 3813 1901">
     <span class='ocr_line' id='line_1_10' title="bbox 1000 1687 3813 1788; baseline 0.002 -28"><span class='ocrx_word' id='word_1_90' title='bbox 1000 1698 1072 1762; x_wconf 86' lang='lat' dir='ltr'>et</span> <span class='ocrx_word' id='word_1_91' title='bbox 1109 1690 1431 1780; x_wconf 88' lang='lat' dir='ltr'>neglectu</span> <span class='ocrx_word' id='word_1_92' title='bbox 1475 1687 1848 1782; x_wconf 90' lang='lat' dir='ltr'>imperialis</span> <span class='ocrx_word' id='word_1_93' title='bbox 1889 1688 2300 1763; x_wconf 83' lang='lat' dir='ltr'>diadematis</span> <span class='ocrx_word' id='word_1_94' title='bbox 2343 1692 2567 1764; x_wconf 90' lang='lat' dir='ltr'>honor</span> <span class='ocrx_word' id='word_1_95' title='bbox 2610 1693 2822 1787; x_wconf 90' lang='lat' dir='ltr'>perit,</span> <span class='ocrx_word' id='word_1_96' title='bbox 2867 1694 3029 1785; x_wconf 90' lang='lat' dir='ltr'>quia</span> <span class='ocrx_word' id='word_1_97' title='bbox 3076 1713 3204 1764; x_wconf 89' lang='lat' dir='ltr'>nos</span> <span class='ocrx_word' id='word_1_98' title='bbox 3249 1693 3430 1764; x_wconf 88' lang='lat' dir='ltr'>ultra</span> <span class='ocrx_word' id='word_1_99' title='bbox 3473 1714 3613 1765; x_wconf 91' lang='lat' dir='ltr'>uon</span> <span class='ocrx_word' id='word_1_100' title='bbox 3654 1715 3813 1788; x_wconf 88' lang='lat' dir='ltr'>pos·</span> 
     </span>
     <span class='ocr_line' id='line_1_11' title="bbox 1000 1811 1749 1901; baseline -0.004 -16"><span class='ocrx_word' id='word_1_101' title='bbox 1000 1833 1273 1901; x_wconf 77' lang='lat' dir='ltr'>sumuS,</span> <span class='ocrx_word' id='word_1_102' title='bbox 1313 1811 1511 1882; x_wconf 88' lang='lat' dir='ltr'>novit</span> <span class='ocrx_word' id='word_1_103' title='bbox 1537 1811 1749 1882; x_wconf 90' lang='lat' dir='ltr'>Deus.</span> 
     </span>
    </p>
   </div>
   <div class='ocr_carea' id='block_1_4' title="bbox 631 2359 3814 2869">
    <p class='ocr_par' dir='ltr' id='par_1_4' title="bbox 631 2359 3814 2869">
     <span class='ocr_line' id='line_1_12' title="bbox 631 2359 3814 2473; baseline -0 -30"><span class='ocrx_word' id='word_1_104' title='bbox 631 2372 887 2470; x_wconf 34' lang='lat' dir='ltr'>mmm-0</span> <span class='ocrx_word' id='word_1_105' title='bbox 1102 2361 1580 2444; x_wconf 87' lang='lat' dir='ltr'>Innocentius</span> <span class='ocrx_word' id='word_1_106' title='bbox 1616 2388 1814 2472; x_wconf 90' lang='lat' dir='ltr'>papa</span> <span class='ocrx_word' id='word_1_107' title='bbox 1849 2362 2224 2473; x_wconf 81' lang='lat' dir='ltr'>Raynerio</span> <span class='ocrx_word' id='word_1_108' title='bbox 2263 2361 2582 2445; x_wconf 86' lang='lat' dir='ltr'>Sanctae</span> <span class='ocrx_word' id='word_1_109' title='bbox 2619 2361 2895 2444; x_wconf 88' lang='lat' dir='ltr'>Mariae</span> <span class='ocrx_word' id='word_1_110' title='bbox 2932 2362 3010 2442; x_wconf 90' lang='lat' dir='ltr'>in</span> <span class='ocrx_word' id='word_1_111' title='bbox 3052 2359 3455 2443; x_wconf 89' lang='lat' dir='ltr'>Cosmedin</span> <span class='ocrx_word' id='word_1_112' title='bbox 3497 2360 3814 2442; x_wconf 92' lang='lat' dir='ltr'>diacono</span> 
     </span>
     <span class='ocr_line' id='line_1_13' title="bbox 995 2492 3813 2603; baseline -0.003 -22"><span class='ocrx_word' id='word_1_113' title='bbox 995 2494 1362 2581; x_wconf 84' lang='lat' dir='ltr'>cardinali</span> <span class='ocrx_word' id='word_1_114' title='bbox 1432 2520 1567 2603; x_wconf 90' lang='lat' dir='ltr'>per</span> <span class='ocrx_word' id='word_1_115' title='bbox 1626 2495 2036 2577; x_wconf 86' lang='lat' dir='ltr'>Martinum</span> <span class='ocrx_word' id='word_1_116' title='bbox 2110 2492 2471 2577; x_wconf 89' lang='lat' dir='ltr'>clericum</span> <span class='ocrx_word' id='word_1_117' title='bbox 2545 2521 2773 2577; x_wconf 91' lang='lat' dir='ltr'>suum</span> <span class='ocrx_word' id='word_1_118' title='bbox 2826 2496 2982 2578; x_wconf 93' lang='lat' dir='ltr'>duo</span> <span class='ocrx_word' id='word_1_119' title='bbox 3046 2494 3303 2576; x_wconf 87' lang='lat' dir='ltr'>millia·</span> <span class='ocrx_word' id='word_1_120' title='bbox 3361 2492 3813 2603; x_wconf 82' lang='lat' dir='ltr'>quingentas</span> 
     </span>
     <span class='ocr_line' id='line_1_14' title="bbox 989 2626 3812 2742; baseline -0.001 -32"><span class='ocrx_word' id='word_1_121' title='bbox 989 2628 1161 2742; x_wconf 82' lang='lat' dir='ltr'>auri</span> <span class='ocrx_word' id='word_1_122' title='bbox 1214 2627 1479 2709; x_wconf 89' lang='lat' dir='ltr'>uncias</span> <span class='ocrx_word' id='word_1_123' title='bbox 1534 2626 1765 2708; x_wconf 91' lang='lat' dir='ltr'>mittit</span> <span class='ocrx_word' id='word_1_124' title='bbox 1814 2653 1953 2735; x_wconf 90' lang='lat' dir='ltr'>pro</span> <span class='ocrx_word' id='word_1_125' title='bbox 2013 2627 2386 2736; x_wconf 91' lang='lat' dir='ltr'>stipendio</span> <span class='ocrx_word' id='word_1_126' title='bbox 2423 2654 2557 2735; x_wconf 89' lang='lat' dir='ltr'>per</span> <span class='ocrx_word' id='word_1_127' title='bbox 2611 2654 2953 2709; x_wconf 91' lang='lat' dir='ltr'>mensem</span> <span class='ocrx_word' id='word_1_128' title='bbox 2989 2627 3321 2709; x_wconf 92' lang='lat' dir='ltr'>militum</span> <span class='ocrx_word' id='word_1_129' title='bbox 3359 2638 3432 2708; x_wconf 91' lang='lat' dir='ltr'>et</span> <span class='ocrx_word' id='word_1_130' title='bbox 3476 2626 3812 2735; x_wconf 90' lang='lat' dir='ltr'>peditum</span> 
     </span>
     <span class='ocr_line' id='line_1_15' title="bbox 994 2747 3276 2869; baseline -0.002 -26"><span class='ocrx_word' id='word_1_131' title='bbox 994 2785 1190 2869; x_wconf 88' lang='lat' dir='ltr'>quos</span> <span class='ocrx_word' id='word_1_132' title='bbox 1227 2760 1323 2841; x_wconf 92' lang='lat' dir='ltr'>ad</span> <span class='ocrx_word' id='word_1_133' title='bbox 1360 2758 1876 2842; x_wconf 82' lang='lat' dir='ltr'>defensionem</span> <span class='ocrx_word' id='word_1_134' title='bbox 1914 2758 2226 2842; x_wconf 85' lang='lat' dir='ltr'>Viterbii</span> <span class='ocrx_word' id='word_1_135' title='bbox 2278 2747 2742 2843; x_wconf 90' lang='lat' dir='ltr'>necessarios</span> <span class='ocrx_word' id='word_1_136' title='bbox 2778 2787 2942 2843; x_wconf 90' lang='lat' dir='ltr'>esse</span> <span class='ocrx_word' id='word_1_137' title='bbox 2977 2759 3276 2844; x_wconf 83' lang='lat' dir='ltr'>viderit.</span> 
     </span>
    </p>
   </div>
   <div class='ocr_carea' id='block_1_5' title="bbox 1055 2936 3808 3171">
    <p class='ocr_par' dir='ltr' id='par_1_5' title="bbox 1055 2936 3808 3171">
     <span class='ocr_line' id='line_1_16' title="bbox 1055 2936 3808 3066; baseline -0.001 -20"><span class='ocrx_word' id='word_1_138' title='bbox 1055 2946 1058 2951; x_wconf 27' lang='grc' dir='ltr'>Ι</span> <span class='ocrx_word' id='word_1_139' title='bbox 1156 2986 1360 3066; x_wconf 81' lang='lat' dir='ltr'>(Edtd.</span> <span class='ocrx_word' id='word_1_140' title='bbox 1399 2986 1748 3059; x_wconf 58' lang='lat' dir='ltr'>Rumam„</span> <span class='ocrx_word' id='word_1_141' title='bbox 1779 2983 1996 3046; x_wconf 79' lang='lat' dir='ltr'>Annal.</span> <span class='ocrx_word' id='word_1_142' title='bbox 2029 2984 2247 3064; x_wconf 65' lang='lat' dir='ltr'>eccles„</span> <span class='ocrx_word' id='word_1_143' title='bbox 2277 2987 2355 3048; x_wconf 85' lang='lat' dir='ltr'>ad</span> <span class='ocrx_word' id='word_1_144' title='bbox 2396 3004 2540 3047; x_wconf 84' lang='lat' dir='ltr'>ann.</span> <span class='ocrx_word' id='word_1_145' title='bbox 2578 2994 2755 3059; x_wconf 73' lang='grc'><strong>1243,</strong></span> <span class='ocrx_word' id='word_1_146' title='bbox 2795 2984 2832 3065; x_wconf 79' lang='lat' dir='ltr'>S</span> <span class='ocrx_word' id='word_1_147' title='bbox 2866 2986 3103 3061; x_wconf 83' lang='lat' dir='ltr'><strong>XXVI,</strong></span> <span class='ocrx_word' id='word_1_148' title='bbox 3145 2936 3179 3046; x_wconf 74' lang='lat' dir='ltr'><strong>c</strong></span> <span class='ocrx_word' id='word_1_149' title='bbox 3218 2992 3432 3064; x_wconf 82' lang='lat' dir='ltr'>regest.</span> <span class='ocrx_word' id='word_1_150' title='bbox 3477 2985 3656 3045; x_wconf 81' lang='lat' dir='ltr'>litter.</span> <span class='ocrx_word' id='word_1_151' title='bbox 3703 2985 3808 3044; x_wconf 92' lang='lat' dir='ltr'>In-</span> 
     </span>
     <span class='ocr_line' id='line_1_17' title="bbox 1229 3092 1975 3171; baseline -0.003 -18"><span class='ocrx_word' id='word_1_152' title='bbox 1229 3109 1368 3154; x_wconf 89' lang='lat' dir='ltr'>noc.</span> <span class='ocrx_word' id='word_1_153' title='bbox 1397 3092 1505 3167; x_wconf 84' lang='lat' dir='ltr'>IV,</span> <span class='ocrx_word' id='word_1_154' title='bbox 1537 3092 1643 3153; x_wconf 83' lang='lat' dir='ltr'>nb.</span> <span class='ocrx_word' id='word_1_155' title='bbox 1674 3093 1728 3165; x_wconf 90' lang='lat'>1,</span> <span class='ocrx_word' id='word_1_156' title='bbox 1758 3102 1823 3152; x_wconf 86' lang='lat' dir='ltr'>n·</span> <span class='ocrx_word' id='word_1_157' title='bbox 1848 3092 1975 3171; x_wconf 80' lang='grc'>67.)</span> 
     </span>
    </p>
   </div>
   <div class='ocr_carea' id='block_1_6' title="bbox 987 3291 3818 4622">
    <p class='ocr_par' dir='ltr' id='par_1_6' title="bbox 987 3291 3818 4622">
     <span class='ocr_line' id='line_1_18' title="bbox 1090 3291 3815 3382; baseline -0.001 -18"><span class='ocrx_word' id='word_1_158' title='bbox 1090 3291 1555 3382; x_wconf 80' lang='lat' dir='ltr'>Innocentius,</span> <span class='ocrx_word' id='word_1_159' title='bbox 1597 3301 1766 3382; x_wconf 66' lang='lat' dir='ltr'>etc„</span> <span class='ocrx_word' id='word_1_160' title='bbox 1799 3293 1882 3365; x_wconf 87' lang='lat' dir='ltr'>R.</span> <span class='ocrx_word' id='word_1_161' title='bbox 1917 3294 2167 3365; x_wconf 89' lang='lat' dir='ltr'>Sancte</span> <span class='ocrx_word' id='word_1_162' title='bbox 2202 3292 2417 3365; x_wconf 84' lang='lat' dir='ltr'>Mario</span> <span class='ocrx_word' id='word_1_163' title='bbox 2454 3293 2526 3364; x_wconf 89' lang='lat' dir='ltr'>in</span> <span class='ocrx_word' id='word_1_164' title='bbox 2557 3292 2927 3364; x_wconf 89' lang='lat' dir='ltr'>Cosmedin</span> <span class='ocrx_word' id='word_1_165' title='bbox 2959 3291 3253 3364; x_wconf 90' lang='lat' dir='ltr'>diacono</span> <span class='ocrx_word' id='word_1_166' title='bbox 3281 3291 3642 3364; x_wconf 82' lang='lat' dir='ltr'>cardinali.</span> <span class='ocrx_word' id='word_1_167' title='bbox 3672 3293 3815 3363; x_wconf 90' lang='lat' dir='ltr'>Tua</span> 
     </span>
     <span class='ocr_line' id='line_1_19' title="bbox 993 3416 3813 3511; baseline -0.001 -21"><span class='ocrx_word' id='word_1_168' title='bbox 993 3417 1351 3493; x_wconf 82' lang='lat' dir='ltr'>sinceritas</span> <span class='ocrx_word' id='word_1_169' title='bbox 1389 3417 1569 3488; x_wconf 87' lang='lat' dir='ltr'>hene</span> <span class='ocrx_word' id='word_1_170' title='bbox 1610 3417 1801 3489; x_wconf 87' lang='lat' dir='ltr'>novit</span> <span class='ocrx_word' id='word_1_171' title='bbox 1841 3417 2031 3509; x_wconf 90' lang='lat' dir='ltr'>quod</span> <span class='ocrx_word' id='word_1_172' title='bbox 2082 3438 2242 3487; x_wconf 91' lang='lat' dir='ltr'>cum</span> <span class='ocrx_word' id='word_1_173' title='bbox 2287 3417 2453 3491; x_wconf 85' lang='lat' dir='ltr'>olim</span> <span class='ocrx_word' id='word_1_174' title='bbox 2504 3438 2740 3489; x_wconf 91' lang='lat' dir='ltr'>coram</span> <span class='ocrx_word' id='word_1_175' title='bbox 2775 3416 2975 3489; x_wconf 90' lang='lat' dir='ltr'>nobis</span> <span class='ocrx_word' id='word_1_176' title='bbox 3015 3426 3082 3488; x_wconf 91' lang='lat' dir='ltr'>te</span> <span class='ocrx_word' id='word_1_177' title='bbox 3125 3426 3448 3511; x_wconf 88' lang='lat' dir='ltr'>presente</span> <span class='ocrx_word' id='word_1_178' title='bbox 3497 3417 3586 3489; x_wconf 91' lang='lat' dir='ltr'>de</span> <span class='ocrx_word' id='word_1_179' title='bbox 3634 3416 3813 3487; x_wconf 88' lang='lat' dir='ltr'>facto</span> 
     </span>
     <span class='ocr_line' id='line_1_20' title="bbox 992 3536 3814 3634; baseline -0.001 -21"><span class='ocrx_word' id='word_1_180' title='bbox 992 3539 1525 3614; x_wconf 89' lang='lat' dir='ltr'>Viterbiensium</span> <span class='ocrx_word' id='word_1_181' title='bbox 1574 3548 1984 3611; x_wconf 85' lang='lat' dir='ltr'>tractaretur</span> <span class='ocrx_word' id='word_1_182' title='bbox 2034 3539 2437 3632; x_wconf 89' lang='lat' dir='ltr'>dictumque</span> <span class='ocrx_word' id='word_1_183' title='bbox 2491 3540 2733 3612; x_wconf 86' lang='lat' dir='ltr'>fuisset</span> <span class='ocrx_word' id='word_1_184' title='bbox 2776 3538 2970 3632; x_wconf 86' lang='lat' dir='ltr'>quod</span> <span class='ocrx_word' id='word_1_185' title='bbox 3017 3539 3221 3611; x_wconf 91' lang='lat' dir='ltr'>nobis</span> <span class='ocrx_word' id='word_1_186' title='bbox 3271 3536 3814 3634; x_wconf 89' lang='lat' dir='ltr'>proponentibus</span> 
     </span>
     <span class='ocr_line' id='line_1_21' title="bbox 991 3661 3809 3758; baseline -0.001 -22"><span class='ocrx_word' id='word_1_187' title='bbox 991 3685 1340 3736; x_wconf 91' lang='lat' dir='ltr'>armorum</span> <span class='ocrx_word' id='word_1_188' title='bbox 1400 3663 1761 3758; x_wconf 86' lang='lat' dir='ltr'>strepitum</span> <span class='ocrx_word' id='word_1_189' title='bbox 1817 3662 2210 3753; x_wconf 88' lang='lat' dir='ltr'>declinare,</span> <span class='ocrx_word' id='word_1_190' title='bbox 2260 3661 2664 3756; x_wconf 87' lang='lat' dir='ltr'>hujusmodi</span> <span class='ocrx_word' id='word_1_191' title='bbox 2714 3664 3071 3756; x_wconf 81' lang='lat' dir='ltr'>negotium</span> <span class='ocrx_word' id='word_1_192' title='bbox 3117 3662 3402 3757; x_wconf 87' lang='lat' dir='ltr'>aggredi</span> <span class='ocrx_word' id='word_1_193' title='bbox 3453 3683 3596 3734; x_wconf 89' lang='lat' dir='ltr'>non</span> <span class='ocrx_word' id='word_1_194' title='bbox 3648 3681 3809 3756; x_wconf 88' lang='lat' dir='ltr'>pro·</span> 
     </span>
     <span class='ocr_line' id='line_1_22' title="bbox 990 3784 3812 3882; baseline -0.003 -21"><span class='ocrx_word' id='word_1_195' title='bbox 990 3788 1248 3877; x_wconf 88' lang='lat' dir='ltr'>desset,</span> <span class='ocrx_word' id='word_1_196' title='bbox 1290 3808 1418 3882; x_wconf 92' lang='lat' dir='ltr'>pro</span> <span class='ocrx_word' id='word_1_197' title='bbox 1459 3808 1543 3858; x_wconf 93' lang='lat' dir='ltr'>eo</span> <span class='ocrx_word' id='word_1_198' title='bbox 1593 3787 1783 3879; x_wconf 91' lang='lat' dir='ltr'>quod</span> <span class='ocrx_word' id='word_1_199' title='bbox 1828 3785 2072 3859; x_wconf 89' lang='lat' dir='ltr'>haberi</span> <span class='ocrx_word' id='word_1_200' title='bbox 2127 3807 2254 3857; x_wconf 93' lang='lat' dir='ltr'>seu</span> <span class='ocrx_word' id='word_1_201' title='bbox 2308 3786 2548 3858; x_wconf 90' lang='lat' dir='ltr'>habita</span> <span class='ocrx_word' id='word_1_202' title='bbox 2601 3786 2882 3858; x_wconf 87' lang='lat' dir='ltr'>retineri</span> <span class='ocrx_word' id='word_1_203' title='bbox 2929 3797 3112 3858; x_wconf 91' lang='lat' dir='ltr'>terra</span> <span class='ocrx_word' id='word_1_204' title='bbox 3158 3807 3299 3858; x_wconf 89' lang='lat' dir='ltr'>uon</span> <span class='ocrx_word' id='word_1_205' title='bbox 3343 3795 3618 3881; x_wconf 86' lang='lat' dir='ltr'>poterat</span> <span class='ocrx_word' id='word_1_206' title='bbox 3664 3784 3812 3856; x_wconf 88' lang='lat' dir='ltr'>sine</span> 
     </span>
     <span class='ocr_line' id='line_1_23' title="bbox 987 3908 3812 4006; baseline -0.002 -21"><span class='ocrx_word' id='word_1_207' title='bbox 987 3933 1266 4005; x_wconf 87' lang='lat' dir='ltr'>guerra,</span> <span class='ocrx_word' id='word_1_208' title='bbox 1306 3932 1434 3983; x_wconf 90' lang='lat' dir='ltr'>nos</span> <span class='ocrx_word' id='word_1_209' title='bbox 1470 3910 1541 3981; x_wconf 93' lang='lat' dir='ltr'>in</span> <span class='ocrx_word' id='word_1_210' title='bbox 1574 3910 1789 4006; x_wconf 91' lang='lat' dir='ltr'>ipsius</span> <span class='ocrx_word' id='word_1_211' title='bbox 1831 3918 2160 3980; x_wconf 90' lang='lat' dir='ltr'>tractatus</span> <span class='ocrx_word' id='word_1_212' title='bbox 2210 3909 2549 4005; x_wconf 91' lang='lat' dir='ltr'>principio</span> <span class='ocrx_word' id='word_1_213' title='bbox 2591 3910 2714 3981; x_wconf 88' lang='lat' dir='ltr'>tibi</span> <span class='ocrx_word' id='word_1_214' title='bbox 2754 3918 2826 3981; x_wconf 90' lang='lat' dir='ltr'>et</span> <span class='ocrx_word' id='word_1_215' title='bbox 2861 3909 3122 3982; x_wconf 91' lang='lat' dir='ltr'>nuntiis</span> <span class='ocrx_word' id='word_1_216' title='bbox 3162 3909 3297 3981; x_wconf 88' lang='lat' dir='ltr'>tuis</span> <span class='ocrx_word' id='word_1_217' title='bbox 3344 3908 3812 4003; x_wconf 83' lang='lat' dir='ltr'>expressimus</span> 
     </span>
     <span class='ocr_line' id='line_1_24' title="bbox 987 4030 3812 4131; baseline -0.002 -23"><span class='ocrx_word' id='word_1_218' title='bbox 987 4036 1150 4109; x_wconf 82' lang='lat' dir='ltr'>viva</span> <span class='ocrx_word' id='word_1_219' title='bbox 1181 4056 1353 4108; x_wconf 86' lang='lat' dir='ltr'>voce</span> <span class='ocrx_word' id='word_1_220' title='bbox 1397 4057 1526 4131; x_wconf 90' lang='lat' dir='ltr'>per</span> <span class='ocrx_word' id='word_1_221' title='bbox 1574 4033 1914 4127; x_wconf 91' lang='lat' dir='ltr'>quosdam</span> <span class='ocrx_word' id='word_1_222' title='bbox 1956 4035 2205 4104; x_wconf 85' lang='lat' dir='ltr'>fratres</span> <span class='ocrx_word' id='word_1_223' title='bbox 2253 4043 2527 4105; x_wconf 88' lang='lat' dir='ltr'>nostros</span> <span class='ocrx_word' id='word_1_224' title='bbox 2568 4032 3019 4105; x_wconf 87' lang='lat' dir='ltr'>nihilominus</span> <span class='ocrx_word' id='word_1_225' title='bbox 3055 4032 3454 4104; x_wconf 89' lang='lat' dir='ltr'>intimantes</span> <span class='ocrx_word' id='word_1_226' title='bbox 3499 4031 3691 4125; x_wconf 90' lang='lat' dir='ltr'>quod</span> <span class='ocrx_word' id='word_1_227' title='bbox 3738 4030 3812 4101; x_wconf 93' lang='lat' dir='ltr'>in</span> 
     </span>
     <span class='ocr_line' id='line_1_25' title="bbox 990 4153 3816 4253; baseline -0.002 -21"><span class='ocrx_word' id='word_1_228' title='bbox 990 4160 1238 4233; x_wconf 88' lang='lat' dir='ltr'>eodem</span> <span class='ocrx_word' id='word_1_229' title='bbox 1285 4160 1565 4251; x_wconf 85' lang='lat' dir='ltr'>negotio</span> <span class='ocrx_word' id='word_1_230' title='bbox 1621 4159 1848 4229; x_wconf 89' lang='lat' dir='ltr'>nullas</span> <span class='ocrx_word' id='word_1_231' title='bbox 1902 4157 2131 4228; x_wconf 88' lang='lat' dir='ltr'>facere</span> <span class='ocrx_word' id='word_1_232' title='bbox 2173 4157 2582 4228; x_wconf 89' lang='lat' dir='ltr'>volebamus</span> <span class='ocrx_word' id='word_1_233' title='bbox 2627 4177 3010 4253; x_wconf 79' lang='lat' dir='ltr'>expensas3</span> <span class='ocrx_word' id='word_1_234' title='bbox 3067 4177 3285 4248; x_wconf 90' lang='lat' dir='ltr'>quare</span> <span class='ocrx_word' id='word_1_235' title='bbox 3333 4176 3420 4227; x_wconf 89' lang='lat' dir='ltr'>ne</span> <span class='ocrx_word' id='word_1_236' title='bbox 3480 4153 3816 4250; x_wconf 86' lang='lat' dir='ltr'>procede-</span> 
     </span>
     <span class='ocr_line' id='line_1_26' title="bbox 991 4279 3813 4376; baseline -0.001 -22"><span class='ocrx_word' id='word_1_237' title='bbox 991 4292 1183 4354; x_wconf 87' lang='lat' dir='ltr'>retur</span> <span class='ocrx_word' id='word_1_238' title='bbox 1229 4283 1302 4352; x_wconf 93' lang='lat' dir='ltr'>in</span> <span class='ocrx_word' id='word_1_239' title='bbox 1349 4282 1525 4376; x_wconf 87' lang='lat' dir='ltr'>ipsc,</span> <span class='ocrx_word' id='word_1_240' title='bbox 1573 4291 1880 4353; x_wconf 89' lang='lat' dir='ltr'>nostram</span> <span class='ocrx_word' id='word_1_241' title='bbox 1925 4290 2164 4376; x_wconf 89' lang='lat' dir='ltr'>aperte</span> <span class='ocrx_word' id='word_1_242' title='bbox 2198 4281 2484 4376; x_wconf 92' lang='lat' dir='ltr'>potuisti</span> <span class='ocrx_word' id='word_1_243' title='bbox 2532 4301 2951 4374; x_wconf 87' lang='lat' dir='ltr'>cognoscere</span> <span class='ocrx_word' id='word_1_244' title='bbox 2990 4281 3451 4352; x_wconf 85' lang='lat' dir='ltr'>voluntatem.</span> <span class='ocrx_word' id='word_1_245' title='bbox 3496 4279 3813 4351; x_wconf 90' lang='lat' dir='ltr'>Ceterum</span> 
     </span>
     <span class='ocr_line' id='line_1_27' title="bbox 991 4401 3818 4499; baseline -0.001 -23"><span class='ocrx_word' id='word_1_246' title='bbox 991 4404 1154 4476; x_wconf 92' lang='lat' dir='ltr'>licet</span> <span class='ocrx_word' id='word_1_247' title='bbox 1208 4404 1302 4476; x_wconf 90' lang='lat' dir='ltr'>ad</span> <span class='ocrx_word' id='word_1_248' title='bbox 1354 4425 1754 4499; x_wconf 87' lang='lat' dir='ltr'>processum</span> <span class='ocrx_word' id='word_1_249' title='bbox 1814 4405 2073 4497; x_wconf 90' lang='lat' dir='ltr'>negotii</span> <span class='ocrx_word' id='word_1_250' title='bbox 2134 4405 2498 4477; x_wconf 92' lang='lat' dir='ltr'>memorati</span> <span class='ocrx_word' id='word_1_251' title='bbox 2548 4405 2880 4477; x_wconf 88' lang='lat' dir='ltr'>fuerimus</span> <span class='ocrx_word' id='word_1_252' title='bbox 2937 4425 3213 4499; x_wconf 88' lang='lat' dir='ltr'>semper</span> <span class='ocrx_word' id='word_1_253' title='bbox 3266 4403 3462 4476; x_wconf 86' lang='lat' dir='ltr'>inviti</span> <span class='ocrx_word' id='word_1_254' title='bbox 3483 4456 3503 4493; x_wconf 92' lang='lat'>‚</span> <span class='ocrx_word' id='word_1_255' title='bbox 3564 4401 3818 4475; x_wconf 90' lang='lat' dir='ltr'>auditis</span> 
     </span>
     <span class='ocr_line' id='line_1_28' title="bbox 991 4527 3818 4622; baseline -0.001 -22"><span class='ocrx_word' id='word_1_256' title='bbox 991 4539 1224 4601; x_wconf 88' lang='lat' dir='ltr'>tamen</span> <span class='ocrx_word' id='word_1_257' title='bbox 1268 4536 1338 4599; x_wconf 87' lang='lat' dir='ltr'>et</span> <span class='ocrx_word' id='word_1_258' title='bbox 1382 4527 1748 4600; x_wconf 89' lang='lat' dir='ltr'>intellectis</span> <span class='ocrx_word' id='word_1_259' title='bbox 1802 4550 1939 4622; x_wconf 89' lang='lat' dir='ltr'>que</span> <span class='ocrx_word' id='word_1_260' title='bbox 1984 4529 2210 4599; x_wconf 90' lang='lat' dir='ltr'>nuntii</span> <span class='ocrx_word' id='word_1_261' title='bbox 2257 4528 2355 4598; x_wconf 94' lang='lat' dir='ltr'>tui</span> <span class='ocrx_word' id='word_1_262' title='bbox 2407 4537 2479 4600; x_wconf 93' lang='lat' dir='ltr'>et</span> <span class='ocrx_word' id='word_1_263' title='bbox 2530 4529 3033 4601; x_wconf 87' lang='lat' dir='ltr'>ambassatores</span> <span class='ocrx_word' id='word_1_264' title='bbox 3077 4527 3543 4600; x_wconf 75' lang='lat' dir='ltr'>viterbienses</span> <span class='ocrx_word' id='word_1_265' title='bbox 3593 4547 3818 4621; x_wconf 90' lang='lat' dir='ltr'>nuper</span> 
     </span>
    </p>
   </div>
   <div class='ocr_carea' id='block_1_7' title="bbox 990 4648 3929 4749">
    <p class='ocr_par' dir='ltr' id='par_1_7' title="bbox 990 4648 3929 4749">
     <span class='ocr_line' id='line_1_29' title="bbox 990 4648 3929 4749; baseline -0.002 -22"><span class='ocrx_word' id='word_1_266' title='bbox 990 4674 1222 4727; x_wconf 88' lang='lat' dir='ltr'>coram</span> <span class='ocrx_word' id='word_1_267' title='bbox 1263 4651 1463 4725; x_wconf 88' lang='lat' dir='ltr'>nobis</span> <span class='ocrx_word' id='word_1_268' title='bbox 1508 4659 1578 4724; x_wconf 88' lang='lat' dir='ltr'>et</span> <span class='ocrx_word' id='word_1_269' title='bbox 1621 4651 1946 4724; x_wconf 88' lang='lat' dir='ltr'>fratribus</span> <span class='ocrx_word' id='word_1_270' title='bbox 1995 4651 2251 4724; x_wconf 88' lang='lat' dir='ltr'>nostris</span> <span class='ocrx_word' id='word_1_271' title='bbox 2298 4673 2687 4749; x_wconf 89' lang='lat' dir='ltr'>proponere</span> <span class='ocrx_word' id='word_1_272' title='bbox 2737 4662 3199 4745; x_wconf 87' lang='lat' dir='ltr'>curaverunt,</span> <span class='ocrx_word' id='word_1_273' title='bbox 3261 4671 3426 4745; x_wconf 86' lang='lat' dir='ltr'>erga</span> <span class='ocrx_word' id='word_1_274' title='bbox 3476 4648 3813 4724; x_wconf 89' lang='lat' dir='ltr'>honorem</span> <span class='ocrx_word' id='word_1_275' title='bbox 3915 4661 3929 4671; x_wconf 82' lang='grc'><em>·</em></span> 
     </span>
    </p>
   </div>
  </div>
 </body>
</html>
