4364 5738
504 492 706 551 Inuum.
739 488 836 565 2.]
1398 480 1793 543 iiisTomA
1842 482 2438 545 DIPLOMATicA.
3216 488 3323 549 151

506 624 667 717 legii
713 633 786 694 et
832 621 1132 714 gratiose
1189 617 1653 690 concessionis
1706 617 2031 711 paginam
2083 618 2459 711 infringere
2518 629 2639 690 aut
2680 620 2742 691 ei
2807 621 3107 713 quodam
3161 643 3335 694 ausu

508 747 877 820 temerario
915 743 1261 830 contraire
1303 742 1436 814 sub
1482 761 1664 835 pena
1710 750 1945 812 nostre
1988 742 2396 834 gravissime
2440 743 2931 835 indignatlonis
2973 755 3044 816 et
3092 746 3334 818 decem

511 892 899 944 marcarum
950 868 1138 957 auri,
1187 887 1397 960 quam
1442 886 1694 960 penam
1747 866 2009 937 tociens
2052 876 2299 938 noscat
2353 888 2428 938 se
2472 866 2906 940 incursurum
2958 869 3108 964 ipso
3154 871 3336 943 facto

510 994 832 1090 quotiens
878 992 1377 1065 contrafactum
1430 989 1659 1060 fuerit.
1712 989 2020 1074 Quarum
2076 1012 2420 1085 penarum
2468 992 2913 1065 medietatem
2963 994 3339 1089 imperialis

403 1171 418 1186 .
512 1119 726 1191 errari
773 1118 919 1189 sive
964 1114 1075 1187 fici
1113 1113 1240 1211 (a),
1280 1113 1626 1186 residuam
1672 1135 1842 1185 vero
1885 1124 2152 1209 partem
2199 1116 2524 1206 injuriam
2569 1117 2754 1212 passi
2807 1117 3048 1190 usibus
3092 1118 3334 1192 decer-

512 1243 743 1314 nimus
773 1239 1132 1336 applicari,
1167 1238 1595 1334 presentium
1623 1236 1755 1309 sub
1786 1248 2019 1309 nostre
2053 1239 2434 1329 maiestatis
2466 1239 2664 1332 sigilli
2700 1242 3125 1335 appensione
3155 1240 3335 1340 [per]

516 1364 986 1438 testimonium
1023 1363 1420 1433 licterarum
1453 1358 1575 1456 (b).
2880 1361 2883 1364 ’

610 1491 829 1582 Hujus
857 1487 956 1560 rei
994 1497 1203 1558 testes
1241 1494 1405 1558 sunt
1442 1514 1459 1556 :
1494 1484 1916 1578 Federighus
1951 1486 2238 1558 illustris
2278 1488 2464 1579 regis
2489 1487 2781 1560 Castelle
2822 1485 3004 1559 filius
3045 1488 3338 1561 dilectus

514 1634 733 1706 nepos
766 1620 1030 1698 noster,
1068 1610 1148 1682 R.
1197 1629 1429 1682 comes
1457 1609 1836 1681 Tolosanus
1865 1619 1935 1681 et
1964 1610 2273 1681 marchio
2304 1610 2661 1683 Provincie
2691 1611 2984 1683 dilectus
3011 1611 3236 1684 affinis
3272 1623 3342 1686 et

513 1736 740 1808 fidelis
779 1745 1042 1825 noster,
1078 1735 1162 1806 R.
1201 1754 1436 1806 comes
1465 1734 1740 1806 Caserte
1781 1734 1959 1805 sacri
2003 1734 2275 1829 imperii
2313 1754 2438 1829 per
2478 1734 2856 1807 Marchiam
2899 1746 2967 1808 et
3010 1737 3342 1809 ducatum

516 1859 773 1954 Spoleti
816 1859 906 1930 ab
946 1857 1217 1929 Amelia
1255 1876 1478 1948 usque
1511 1855 1879 1926 Cornetum
1914 1855 2215 1927 vicarius
2255 1858 2627 1947 generaliS,
2670 1856 3017 1930 Ansaldus
3054 1859 3143 1932 de
3171 1862 3343 1932 Mari

516 1983 693 2053 sacri
728 1981 996 2077 imperii
1030 1989 1100 2050 et
1126 1980 1323 2070 regni
1356 1978 1583 2049 Sicilie
1614 1978 1970 2069 amiratus,
2008 1979 2385 2050 Pandoli'us
2422 1980 2510 2050 de
2544 1981 2964 2053 Fascianella
2998 1984 3173 2054 sacri
3210 1984 3341 2054 im-

518 2106 693 2200 perii
738 2105 808 2174 in
854 2105 1099 2175 Tuscia
1140 2102 1440 2173 vicarius
1479 2100 1855 2194 generaliS‚
1903 2101 2272 2192 magistras
2314 2099 2469 2197 (sic)
2514 2103 2755 2173 Petrus
2801 2104 2890 2175 de
2944 2105 3163 2177 Vinea
3206 2106 3332 2203 (c),

519 2229 847 2321 magister
868 2227 1138 2299 Tadeus
1157 2226 1247 2297 de
1274 2227 1523 2296 Suessa
1551 2245 1800 2316 magne
1827 2226 2016 2296 curie
2043 2235 2276 2297 nostre
2296 2225 2597 2318 judices,
2626 2227 2839 2298 etalii
2866 2231 3337 2323 quamplures.

617 2353 904 2445 Signum
946 2350 1209 2422 domini
1255 2347 1474 2421 nostri
1516 2347 1897 2440 Frederigi,
1944 2349 2071 2420 Dei
2117 2349 2342 2441 gratia
2389 2349 2828 2423 illustrissimi
2878 2353 3342 2425 Romanorum

535 2475 966 2571 imperatoris
998 2495 1274 2568 semper
1307 2472 1608 2563 augusti,
1639 2473 2017 2544 Jerusalem
2057 2482 2128 2543 et
2157 2473 2387 2545 Sicilie
2417 2474 2623 2566 regis.

620 2596 791 2671 Acta
840 2609 1004 2670 sunt
1048 2597 1179 2669 hec
1227 2595 1417 2692 apud
1467 2597 1832 2669 ecclesiam
1887 2597 2120 2668 Sancti
2169 2598 2404 2668 Lazari
2455 2595 2594 2694 (i),
2645 2598 2995 2672 districtus
3054 2601 3349 2675 civitatis

527 2724 849 2816 Fulginii,
888 2744 1073 2795 anno
1116 2721 1462 2794 dominice
1504 2720 1997 2792 incarnationis
2041 2721 2408 2793 millesimo
2451 2722 2924 2796 ducentesimo
2957 2725 3345 2818 quadrage·

525 2848 698 2922 simo
743 2848 981 2940 tertio,
1033 2846 1148 2919 die
1191 2846 1393 2918 tertia
1440 2845 1698 2918 mensis
1739 2844 2080 2938 januarii,
2131 2845 2439 2918 secunda
2496 2845 2908 2939 indictione,
2963 2848 3347 2944 imperante

527 2972 809 3045 domino
866 2982 1104 3044 nostro
1148 2971 1478 3065 Federico
1528 2969 1836 3042 secundo
1854 3022 1876 3060 ,
1913 2970 2057 3041 ·Dei
2119 2971 2343 3061 gratia
2408 2971 2877 3044 Romanorum
2929 2972 3343 3066 imperatore

525 3118 802 3190 semper
840 3105 1172 3187 augusto,
1207 3096 1589 3168 Jerusalem
1620 3116 1704 3166 ac
1742 3094 1971 3167 Sicilie
2013 3115 2212 3187 rege,
2254 3094 2528 3188 imperii
2574 3096 2723 3185 ejus
2772 3118 2956 3169 anno
3009 3098 3343 3189 vigesimo

528 3219 746 3292 tercio
767 3216 903 3315 (d),
942 3219 1137 3309 regni
1168 3220 1546 3291 Jerusalem
1584 3217 1854 3290 decimo
1889 3236 2105 3308 nono,
2138 3217 2336 3309 regni
2363 3239 2532 3290 vero
2560 3217 2786 3290 Cicilie
2812 3219 3344 3312 quadragesimo

530 3355 760 3431 sexto,
796 3342 1109 3415 feliciter.
1148 3341 1399 3413 Amen.
2602 3334 2607 3341 “

628 3465 991 3565 [Sequitur
1014 3464 1492 3537 authenticum
1522 3462 1780 3537 Mathei
1813 3463 2060 3536 notarii
2098 3462 2223 3535 filii
2258 3464 2614 3557 quondam
2642 3463 2965 3537 Lodovici
2994 3465 3083 3538 de
3109 3468 3344 3541 Castro

531 3592 789 3679 Plebis,
842 3590 1329 3685 transcriptum
1376 3609 1560 3660 anno
1599 3587 1871 3659 Domini
1903 3607 1946 3657 a
1989 3587 2361 3660 Nativitate
2407 3589 2718 3680 ejusdem
2762 3588 3127 3663 millesimo
3173 3613 3345 3685 qua-

532 3713 1072 3807 dringentesimo
1132 3711 1482 3804 trigesimo
1540 3721 1741 3783 sexto
1756 3763 1777 3803 ,
1840 3708 2216 3783 indictione
2277 3712 2340 3784 X
2357 3766 2377 3803 ,
2452 3721 2760 3806 tempore
2830 3712 3207 3785 beatissimi
3279 3715 3349 3784 in

618 3891 699 3970 (a)
742 3891 839 3953 Sic
867 3908 974 3969 pro
1002 3890 1183 3950 erarii
1209 3896 1268 3951 et
1278 3886 1440 3968 fisci.

614 3996 697 4077 (b)
741 3999 1174 4075 Quamquidem
1211 3995 1526 4056 formulam
1571 3996 1817 4055 omnino
1851 4009 1888 4054 a
1921 3996 2196 4072 genuinis
2231 3995 2486 4055 alienam
2529 4008 2631 4070 per
2663 3998 2994 4069 temporum
3029 3996 3347 4056 successio-

535 4119 673 4164 nem
707 4104 781 4164 de
806 4107 973 4181 copia
998 4106 1062 4163 in
1090 4106 1317 4180 copiam
1344 4102 1421 4162 ab
1447 4100 1906 4162 amanuensibus
1927 4105 2222 4162 mutatam
2250 4100 2432 4161 fuisse
2456 4097 2832 4160 arbitramur.

622 4206 694 4288 (c)
741 4211 811 4269 in
837 4213 950 4271 ista
975 4211 1144 4287 copia
1171 4208 1382 4269 Petrus
1413 4204 1482 4267 de
1514 4206 1704 4283 Ninis,
1735 4208 2006 4285 pessime.

621 4311 709 4392 (d)
751 4314 1096 4394 Legendum
1123 4331 1264 4376 vero
1288 4319 1520 4395 quarto.

613 4606 683 4679 (i)
719 4607 820 4664 Hic
844 4594 1064 4664 additur
1086 4588 1233 4662 alias
1259 4600 1557 4678 hospitale:
1583 4618 1724 4676 quae
1747 4601 1921 4675 glossa
1946 4608 2028 4655 ex·
2041 4596 2284 4670 margine
2309 4597 2595 4654 intextum
2620 4594 2823 4653 facilius
2849 4596 3092 4675 irrepsit.
