4364 5738
587 521 780 581 lnmcr.
817 519 942 596 15.]
1475 518 1870 579 HISTORIA
1921 520 2515 582 DIPLOMATICA.
3329 519 3408 577 25

991 771 2271 787 —q——ss———u-—m—
2280 771 2988 781 ——-—-—---————.———

694 1037 1156 1140 FridericuS,
1205 1034 1726 1119 Romanorum
1770 1035 2211 1143 imperator,
2254 1035 2542 1117 civibus
2594 1034 3075 1144 Spirensibus
3124 1061 3405 1144 aquam

596 1170 1000 1279 Spierbach
1036 1168 1361 1250 restituit
1408 1170 1505 1250 ad
1550 1194 1816 1251 eorum
1863 1193 2047 1249 usus
2086 1169 2592 1251 reducendam
2614 1230 2638 1273 ,
2679 1168 2784 1249 ita
2834 1179 3087 1249 tamen
3135 1178 3222 1250 ut
3254 1194 3405 1249 ex-

594 1328 867 1411 pensae
902 1302 1144 1383 factae
1197 1303 1400 1383 circa
1444 1302 1909 1410 emptionem
1956 1312 2031 1384 et
2075 1301 2712 1384 constructionem
2751 1299 3168 1384 molendini
3204 1301 3411 1409 apud

594 1432 959 1517 Rechholz
996 1460 1340 1517 camerae
1374 1459 1557 1516 suae
1593 1433 1966 1542 imperiali
2004 1433 2533 1516 refundantur.

753 1649 942 1728 (Edit.
965 1652 1028 1709 in
1051 1649 1380 1726 Lsmrmn,
1407 1645 1777 1727 Speyrisclzer
1804 1645 2104 1717 Chronick,
2132 1666 2193 1724 p.
2233 1658 2368 1708 523.
2389 1682 2469 1691 -
2487 1649 2711 1726 Lumo,
2733 1645 3147 1720 Reichsarchiv,
3171 1653 3217 1707 t.
3243 1647 3406 1722 XIV,

825 1773 889 1832 p.
924 1764 1073 1834 466,
1113 1765 1178 1814 n⁰
1219 1766 1278 1816 6.
1307 1756 1669 1814 -Μοπαηι,
1715 1755 1900 1829 Boio„
1944 1763 1992 1816 t.
2026 1755 2251 1832 XXXI,
2279 1772 2413 1831 pars
2439 1755 2501 1832 1,
2535 1772 2595 1831 p.
2631 1764 2782 1830 574,
2811 1772 2846 1814 e
2873 1758 3040 1832 copia
3076 1755 3412 1815 authentica

828 1879 973 1924 ann.
1029 1871 1203 1923 1641.
1242 1895 1325 1908 -
1363 1863 1678 1937 Rmmno,
1726 1858 2216 1940 Urkundenbuclt,
2255 1878 2316 1938 p.
2358 1870 2499 1940 221,
2529 1878 2666 1922 cum
2712 1879 2870 1922 anno
2917 1870 3063 1923 1241
3115 1868 3176 1923 et
3220 1861 3412 1923 indic-

830 1971 992 2029 tione
1019 1968 1214 2048 XIV.)
2529 1988 2532 1991 ·

688 2156 1098 2257 Fridericus,
1120 2155 1244 2226 Dei
1278 2155 1504 2247 gratia
1538 2155 2010 2226 Romanorum
2043 2153 2421 2249 imperator
2451 2174 2726 2248 semper
2756 2163 3115 2246 augustus,
3133 2155 3169 2226 J
3176 2176 3412 2227 emsa·

600 2282 731 2352 lem
761 2292 831 2353 et
860 2280 1089 2352 Sicilie
1118 2302 1271 2352 rex.
1304 2281 1437 2352 Per
1469 2301 1755 2375 presens
1787 2279 2125 2374 scriptum
2153 2287 2399 2350 notum
2435 2299 2586 2350 esse
2620 2280 2940 2350 volumus
2973 2287 3114 2349 tam
3142 2299 3420 2373 presen-

603 2404 779 2475 tibus
805 2425 1017 2497 quam
1044 2404 1294 2475 futuris
1323 2403 1517 2496 quod
1543 2424 1672 2475 nos
1698 2402 2141 2475 attendentes
2169 2403 2521 2496 quomodo
2540 2402 2881 2497 Spirensis
2902 2402 3145 2474 civitas
3173 2425 3216 2475 a
3239 2402 3420 2475 divis

600 2529 1154 2623 progenitoribus
1184 2528 1437 2599 nostris
1478 2529 1945 2600 Romanorum
1987 2528 2519 2623 imperatoribus
2552 2537 2622 2599 et
2651 2528 2932 2621 regibus
2959 2528 3228 2622 potiora
3261 2527 3417 2598 fun-

603 2652 897 2724 dationis
936 2672 1060 2723 sue
1106 2651 1449 2746 receperit
1498 2652 1970 2744 incrementa,
2021 2652 2541 2724 considerantes
2600 2652 3052 2723 nihilominus
3091 2652 3419 2724 devotam

604 2774 809 2848 fidem
843 2797 981 2869 qua
1013 2775 1215 2846 nobis
1257 2784 1328 2846 et
1368 2774 1660 2869 imperio
1702 2776 1891 2848 cives
1931 2775 2115 2848 dicte
2170 2776 2468 2847 civitatis
2513 2774 2849 2847 hactenus
2890 2775 3316 2847 adheserunt
3351 2784 3424 2846 et

472 2967 477 2974 ,
603 2901 976 2974 admodum
1007 2899 1406 2972 desiderant
1437 2899 1806 2991 adherere,
1845 2903 2054 2993 juxta
2095 2899 2386 2971 devotas
2415 2921 2655 2972 eorum
2701 2921 2942 2994 preces
2982 2921 3237 2993 aquam
3283 2922 3422 2992 que

604 3025 935 3120 Spirbach
955 3024 1234 3114 dicitur,
1262 3024 1631 3096 deductam
1663 3045 1792 3119 pro
1820 3024 2223 3096 molendino
2255 3024 2443 3118 apud
2471 3023 2819 3096 Rechholz
2849 3024 3040 3117 quod
3073 3025 3424 3097 ereximus

606 3147 696 3220 ad
721 3170 887 3220 usus
913 3156 1221 3238 nostrOS,
1249 3147 1416 3243 ipsis
1447 3147 1947 3219 restituendam
1975 3137 2307 3219 duximus
2334 3168 2461 3241 pro
2489 3147 2631 3219 suis
2657 3148 2896 3219 usibus
2923 3149 3422 3241 reducendam,

608 3271 698 3343 ita
744 3282 973 3343 tamen
1009 3271 1201 3364 quod
1244 3292 1556 3366 expense
1597 3273 1777 3343 facte
1820 3271 2002 3342 circa
2041 3271 2465 3366 emptionem
2499 3281 2569 3342 et
2599 3273 3185 3345 constructionem
3232 3275 3423 3366 ejus-

608 3395 765 3467 dem
798 3395 1178 3467 molendini
1216 3404 1449 3466 nostre
1482 3416 1757 3466 camere
1790 3394 2272 3466 refundantur.
2311 3393 2423 3466 Ad
2455 3393 2662 3487 hujus
2693 3396 2926 3489 itaque
2958 3399 3059 3468 rei
3095 3408 3166 3470 et
3191 3409 3427 3471 nostre

608 3519 1056 3591 restitutionis
1088 3519 1518 3609 memoriam,
1548 3539 1835 3613 presens
1866 3519 2198 3613 scriptum
2229 3515 2379 3588 fieri
2412 3526 2483 3589 et
2512 3520 2890 3611 majestatis
2928 3501 3163 3594 nostre
3203 3523 3429 3615 sigillo

603 3642 929 3733 jussimus
955 3643 1394 3716 communiri.

698 3768 949 3839 Datum
976 3767 1215 3859 Fogie,
1248 3787 1434 3838 anno
1466 3765 1808 3838 dominice
1840 3766 2333 3838 incarnationis
2357 3767 2722 3842 millesimo
2749 3769 3224 3842 ducentesimo
3250 3788 3426 3860 qua·

610 3889 996 3984 dragesimo
1024 3887 1334 3988 [primo],
1374 3910 1609 3962 mense
1634 3890 1955 3982 januario
1972 3943 1991 3981 ,
2035 3889 2278 3999 quinte
2310 3891 2578 3963 decime
2612 3891 3030 3963 indictionis.

1757 4189 2298 4198 mm*
2310 4189 2435 4197 ——-—-·
2445 4187 2926 4197 mmm-..-
2936 4184 2997 4196 .-

724 4462 1147 4548 Fridericus
1163 4527 1187 4572 ,
1225 4464 1746 4549 Romanorum
1782 4465 2223 4575 imperator,
2264 4463 2427 4574 regi
2466 4462 2786 4574 Angliae
2821 4467 3158 4551 notificat
3199 4494 3426 4553 mor-

628 4604 775 4677 tem
809 4596 1178 4681 Isabellae
1215 4596 1744 4709 imperatricis,
1787 4600 2069 4681 sororis
2105 4597 2169 4708 ej
2179 4623 2301 4706 uS,
2340 4596 2626 4682 doloris
2670 4597 3169 4684 lenimentum
3220 4602 3430 4685 indi-

771 4731 879 4795 v1.
3073 4743 3111 4795 ⁴

3523 1053 3750 1160 unffi?-
