4364 5738
1005 546 1121 607 162
1997 550 2429 614 FRIDERICI
2478 552 2829 616 ssscumn
3445 555 3610 633 [Amr.
3651 555 3825 619 1244.

1164 736 1348 816 (Edit.
1379 755 1478 817 ap.
1508 738 1844 812 Senums,
1877 739 2027 801 Hire.
2049 737 2385 821 Sclerfflm,
2411 746 2458 801 t.
2488 742 2579 815 11,
2610 758 2674 819 p.
2708 748 2848 803 860.
2873 739 3227 801 —Momm
3270 742 3474 816 Boica,
3513 748 3562 804 t.
3594 742 3827 818 XXXI,

1238 861 1375 922 pars
1405 845 1460 925 1,
1485 863 1548 923 p.
1581 854 1725 919 579,
1753 863 1785 907 e
1810 846 1944 908 cod.
1975 848 2189 925 copiall
2216 863 2334 909 sec.
2367 846 2548 920 XIII,
2579 844 2686 908 fol.
2719 844 2847 924 14.)

1092 1058 1513 1150 Fridericus,
1558 1060 1688 1131 Dei
1720 1059 1942 1152 gratia
1970 1061 2444 1131 Romanorum
2483 1041 2862 1155 imperator
2903 1081 3179 1156 semper
3222 1071 3590 1154 augustus,
3628 1062 3825 1132 Jeru-

995 1184 1211 1256 salem
1244 1192 1316 1254 et
1341 1182 1570 1254 Sicilie
1602 1205 1770 1273 rex,
1804 1184 2151 1255 universis
2187 1183 2458 1279 imperii
2497 1182 2823 1256 fidelibus
2864 1195 3225 1280 presentes
3255 1185 3519 1256 litteras
3552 1185 3827 1280 inspec-

995 1308 1167 1380 turis
1223 1307 1517 1400 gratiam
1580 1328 1779 1378 suam
1846 1316 1919 1379 et
1974 1328 2184 1380 omne
2248 1308 2538 1380 bonum.
2610 1307 2781 1380 Cum
2825 1312 2947 1381 'ex
2999 1309 3447 1381 concessione
3506 1308 3825 1381 divorum

993 1442 1447 1526 augustorum
1505 1441 1873 1526 parentum
1924 1441 2323 1505 nostrorum
2366 1439 2436 1503 et
2489 1442 2731 1505 nostra
2779 1432 3344 1528 Babenbergensi
3394 1432 3683 1505 ecclesie
3735 1434 3824 1505 ab

992 1558 1279 1649 antiquo
1316 1555 1472 1627 talis
1505 1555 1727 1649 gratia
1757 1555 1847 1627 sit
1888 1555 2157 1627 indulta
2198 1565 2279 1627 ut
2315 1576 2556 1628 omnes
2598 1557 3106 1650 argentifodine
3148 1558 3297 1631 sive
3343 1557 3610 1630 decime
3654 1557 3821 1629 sub-

997 1691 1313 1753 terranee
1344 1700 1482 1774 que
1515 1688 1786 1774 reperte
1819 1679 2076 1752 fuerint
2106 1680 2179 1750 in
2215 1678 2559 1752 territorio
2597 1681 2925 1770 ecclesie,
2970 1680 3223 1753 cedant
3262 1681 3531 1773 integre
3571 1690 3643 1752 et
3674 1681 3821 1752 sine

992 1805 1361 1898 cujuslibet
1416 1804 1959 1876 contradictione
2021 1803 2111 1876 ad
2164 1803 2535 1875 utilitatem
2585 1805 2883 1899 pastoris
2929 1815 3001 1877 et
3047 1804 3339 1877 ecclesie
3396 1814 3815 1896 memorate,

992 1929 1427 2001 universitati
1457 1938 1686 2001 vestre
1722 1930 2141 2002 mandamus
2178 1937 2524 2022 quatenus
2550 1930 2785 2001 nullus
2807 1929 2896 2001 sit
2921 1929 3044 2023 qui
3071 1929 3403 2001 dilectum
3436 1929 3820 2026 principem

994 2064 1308 2127 nostrum
1336 2053 1733 2124 Heinricum
1768 2054 2057 2126 ecclesie
2089 2062 2474 2126 memorate
2502 2052 2798 2125 electum
2830 2062 2905 2125 et
2933 2053 3155 2148 ipsam
3183 2052 3545 2125 ecclesiam
3578 2061 3818 2125 contra

992 2178 1378 2274 predictam
1441 2178 1736 2270 gratiam
1787 2178 1919 2250 sibi
1973 2186 2044 2249 et
2097 2177 2389 2250 ecclesie
2451 2198 2495 2249 a
2544 2177 2744 2251 nobis
2798 2187 2869 2249 et
2909 2177 3518 2273 predecessoribus
3566 2177 3817 2250 nostris

992 2303 1332 2376 indultam
1377 2323 1552 2374 ausu
1610 2304 1973 2375 temerario
2033 2302 2375 2398 impedire
2423 2302 2539 2372 vel
2584 2302 2956 2374 molestare
3009 2311 3390 2399 presumat.
3444 2301 3645 2389 Quod
3697 2302 3817 2397 qui

990 2427 1484 2524 presumpserit
1523 2426 2069 2520 indignationem
2119 2425 2339 2498 nostri
2389 2424 2709 2496 culminis
2758 2448 2834 2497 se
2870 2426 3145 2498 noverit
3192 2426 3656 2498 incursurum.
3701 2423 3813 2496 Ad

988 2552 1187 2645 cujus
1218 2550 1321 2622 rei
1349 2551 1758 2622 memoriam
1791 2571 2076 2646 presens
2105 2550 2438 2646 scriptum
2466 2547 2616 2620 fieri
2640 2559 2712 2620 et
2736 2550 3117 2642 majestatis
3149 2559 3383 2623 nostre
3415 2549 3640 2643 sigillo
3658 2550 3808 2642 jus·

989 2676 1205 2748 simus
1236 2674 1676 2747 communiri.

1086 2802 1340 2873 Datum
1375 2799 1718 2889 Grosseti‚
1754 2819 1939 2871 anno
1968 2797 2314 2872 dominice
2351 2797 2844 2872 incarnationis
2882 2798 2975 2871 M.
2999 2797 3123 2871 CC.
3147 2798 3389 2889 XLIII,
3421 2817 3662 2869 mense
3705 2798 3805 2868 fe-

988 2924 1296 3017 bruario,
1331 2925 1638 2997 secunde
1677 2922 2098 2996 indictionis.

623 3537 868 3635 ssffffio’.
1087 3509 1143 3593 F
1145 3509 1551 3616 ridericuS,
1589 3510 2110 3593 Romanorum
2161 3507 2601 3616 imperator,
2645 3507 2790 3591 sub
2844 3533 2985 3591 sua
3029 3515 3103 3590 et
3148 3504 3439 3613 imperii
3484 3513 3797 3610 protec-

975 3645 1180 3728 tione
1216 3643 1478 3751 recipit
1515 3642 1926 3727 Girardum
1981 3640 2303 3725 Galfridi
2355 3641 2449 3722 de
2503 3640 2730 3723 Prata
2791 3649 2867 3723 et
2914 3638 3305 3723 consertes
3340 3636 3504 3746 ejus
3540 3634 3799 3716 fideles

976 3803 1156 3861 suos
1177 3837 1200 3877 ‚
1253 3777 1515 3886 eisque
1561 3774 1966 3858 confirmat
2013 3785 2352 3855 castrum
2400 3774 2499 3856 de
2544 3773 2813 3879 Prata,
2852 3781 3139 3878 terraS,
3203 3765 3798 3879 argentifodinas

972 3921 1048 3995 et
1110 3919 1352 3994 terras
1407 3907 1539 3990 ubi
1593 3904 2204 4017 argentifodinae
2258 3915 2478 4009 sunt,
2535 3904 2856 3988 firmiter
2916 3902 3327 4013 injungens
3390 3909 3478 3982 ut
3539 3897 3798 3981 nullus

973 4069 1103 4130 eos
1137 4042 1581 4154 perturbare
1615 4048 2084 4151 praesumat.

1136 4256 1384 4336 (Inedit.
1424 4274 1500 4317 ex
1539 4254 1766 4317 archiv.
1808 4258 2024 4316 comm.
2064 4252 2338 4328 senens„
2375 4249 2572 4335 Caleffi
2617 4249 2754 4313 del?
2784 4250 3074 4330 Amata,
3101 4256 3309 4311 mater.
3341 4247 3490 4323 ΧΠ,
3526 4244 3637 4307 fol.
3681 4253 3792 4304 473

1215 4370 1396 4440 recto,
1417 4364 1479 4422 in
1507 4369 1870 4440 transumpt.
1895 4361 2167 4422 authent.
2189 4378 2331 4421 ann.
2362 4368 2539 4435 1255,
2570 4360 2774 4437 aprilis
2798 4361 2892 4421 die
2922 4367 3022 4438 19,
3053 4357 3221 4418 Senis
3245 4359 3305 4416 in
3332 4354 3577 4416 eeclesia
3594 4352 3797 4414 Sancti

1209 4468 1610 4546 christophori
1636 4485 1834 4529 coram
1863 4467 2115 4529 testibus
2146 4465 2400 4546 multis.)

1067 4655 1512 4747 FrederiguS,
1540 4652 1669 4724 Dei
1701 4652 1924 4745 gratia
1953 4653 2424 4727 Romanorum
2464 4649 2841 4744 imperator
2874 4670 3153 4743 semper
3196 4653 3566 4740 augustus,
3605 4643 3793 4712 Ieru-
