4364 5738
623 3533 672 3575 1ο
703 3533 873 3587 ιρτωε.

979 581 1101 644 268
1971 584 2402 646 rmnsmcr
2451 583 2795 646 suenum
3413 583 3582 662 [An.
3620 584 3798 647 ms.

981 740 1117 788 nus
1146 718 1345 790 vobis
1376 718 1446 788 in
1479 740 1660 792 nova
1693 719 2024 814 progenie
2053 716 2160 815 (l)
2193 729 2266 790 et
2293 718 2383 790 de
2410 719 2711 791 secundo
2741 717 3008 810 gremio
3037 717 3218 790 thori
3253 718 3469 790 vestri
3494 719 3806 792 sobolem

983 850 1290 936 optatam
1339 841 1694 933 effuderit,
1752 853 1943 915 tanto
1988 842 2194 924 nobis
2241 842 2524 915 uberior
2562 852 2716 915 orta
2766 851 2873 914 est
2924 842 2996 913 in
3044 851 3374 914 nascente
3411 843 3612 915 vobis
3661 841 3806 916 filio

982 965 1343 1059 plenitudo
1392 966 1615 1037 leticie
1657 976 1729 1038 et
1770 967 1842 1038 in
1883 967 2047 1039 novi
2088 966 2417 1058 germinis
2457 966 2673 1039 vestri
2718 966 3020 1038 fructum
3060 965 3263 1038 vobis
3310 965 3634 1038 novitatis
3680 967 3803 1039 tri·

981 1089 1198 1184 pudio
1233 1090 1751 1182 congaudemus
1781 1099 2044 1184 quanto
2076 1091 2349 1185 plenius
2386 1090 2551 1161 inde
2584 1109 2711 1163 vos
2746 1089 3203 1162 letabundum
3242 1089 3678 1182 agnoscimus
3710 1112 3804 1164 ex

982 1235 1104 1305 eo,
1148 1215 1311 1307 quia
1348 1215 1553 1286 etiam
1602 1237 1732 1287 nos
1774 1236 1898 1309 per
1935 1214 2061 1286 Dei
2100 1214 2430 1307 gratiam,
2483 1214 2744 1307 jugiter
2780 1214 2996 1310 patris
3036 1213 3439 1308 experimur
3480 1212 3801 1285 affectum

982 1337 1350 1410 dulcedine
1382 1336 1706 1409 filiorum.
1748 1338 1922 1409 Hinc
1954 1337 2164 1408 etiam
2197 1336 2507 1408 succedit
2542 1346 2614 1408 et
2644 1336 2848 1409 nobis
2879 1357 3060 1432 equa
3096 1335 3529 1431 participatio
3560 1336 3801 1427 gaudii

981 1463 1173 1555 quod
1200 1462 1289 1534 ad
1322 1463 1554 1534 omnia
1584 1461 2061 1556 participanda
2080 1460 2542 1532 communiter
2573 1469 2715 1531 tam
2744 1458 3152 1532 eorumdem
3185 1479 3562 1531 concursus
3590 1459 3798 1531 affec·

982 1597 1178 1657 tuum
1221 1607 1429 1678 quam
1478 1595 1830 1657 contracte
1871 1585 2161 1657 feliciter
2205 1584 2553 1657 affinitatis
2593 1583 2986 1678 complexio
3032 1605 3163 1655 nos
3212 1583 3593 1675 conjungit.
3652 1584 3798 1654 Nec

985 1708 1213 1779 minus
1246 1707 1407 1779 hinc
1442 1709 1649 1779 etiam
1696 1731 1903 1781 causa
1945 1709 2298 1802 gaudendi
2341 1718 2447 1780 est
2481 1708 2682 1780 nobis
2726 1707 2890 1801 quia
2932 1707 3456 1802 complectimur
3485 1706 3801 1779 alacriter

983 1841 1322 1925 quantum
1344 1840 1580 1924 gratus
1607 1832 1695 1904 sit
1719 1832 2118 1923 hujusmodi
2143 1833 2409 1903 fructus
2432 1853 2643 1924 quem
2665 1830 3027 1927 palmitum
3047 1830 3451 1925 propagatio
3474 1829 3796 1920 felicitat,

980 1966 1456 2049 quantumque
1488 1955 1615 2027 sibi
1657 1957 2084 2050 complaceat
2127 1955 2198 2025 in
2239 1953 2377 2027 fide
2418 1965 2781 2050 parentum
2824 1974 3035 2048 quam
3083 1954 3153 2024 in
3187 1975 3395 2026 evum
3432 1963 3800 2049 perpetuat

984 2098 1457 2149 successorum
1498 2079 1717 2171 gloria
1768 2079 2169 2150 liberorum.
2220 2079 2430 2150 Recte
2467 2078 2676 2172 igitur
2719 2078 3281 2169 congratulamur
3324 2077 3424 2149 sic
3470 2077 3670 2150 vobis
3709 2077 3802 2150 ad

984 2201 1329 2272 cunabula
1361 2221 1541 2274 nove
1583 2202 1830 2296 proliS‚
1872 2202 2041 2273 dum
2076 2201 2283 2272 nichil
2325 2200 2461 2272 hoc
2492 2221 2535 2272 a
2570 2200 2770 2273 vobis
2801 2199 3029 2272 offerri
3070 2200 3297 2295 potuit
3329 2199 3593 2292 gratius
3620 2200 3801 2272 votis

982 2325 1234 2397 uostris
1264 2325 1616 2418 nichilque
1657 2334 1797 2396 tam
1828 2325 2068 2419 primis
2107 2325 2465 2396 affectibus
2505 2325 2577 2395 in
2608 2324 2807 2396 vobis
2838 2324 3080 2395 audire
3105 2323 3481 2415 jocundius
3522 2333 3799 2419 optare-

981 2469 1164 2518 mus.
1202 2448 1369 2518 Cum
1401 2447 1610 2540 igitur
1639 2469 1779 2518 non
1814 2448 2040 2518 minus
2072 2446 2321 2518 vestris
2348 2468 2558 2541 quam
2589 2446 2842 2517 nostris
2877 2445 3314 2517 felicitatibus
3348 2456 3582 2518 nostra
3609 2468 3795 2518 sere-

983 2570 1165 2640 nitas
1211 2569 1544 2660 glorietur
1593 2581 1662 2642 et
1715 2571 1804 2641 de
1860 2570 2208 2665 prosperis
2257 2569 2689 2641 successibus
2739 2570 2988 2640 vestris
3041 2577 3233 2640 tanto
3293 2569 3495 2641 nobis
3542 2571 3798 2661 gratior

982 2693 1241 2764 relatus
1282 2694 1609 2765 adveniat
1647 2704 1910 2787 quanto
1948 2693 2376 2787 frequentior
2415 2693 2618 2764 nobis
2659 2693 2748 2763 sit
2783 2692 3130 2787 presentia
3172 2693 3581 2782 relatorum,
3618 2694 3794 2787 peti·

983 2839 1138 2889 mus
1167 2826 1239 2889 et
1267 2839 1591 2910 rogamus
1623 2827 1702 2894 ut
1733 2839 1897 2912 sepe
1927 2817 2160 2911 sepius
2189 2816 2351 2888 inde
2374 2816 2577 2889 nobis
2610 2814 2998 2909 significare
3025 2816 3280 2887 curetis
3306 2814 3496 2909 quod
3525 2816 3798 2913 placeat

984 2952 1056 3013 et
1080 2942 1540 3014 insinuatione
1568 2943 1911 3035 frequenti
1945 2941 2240 3034 dirigere
2268 2942 2513 3030 libeat,
2549 2963 2708 3012 cum
2739 2940 2872 3012 hoc
2895 2949 3296 3035 reputemus
3325 2962 3370 3011 a
3395 2941 3594 3016 vobis
3619 2941 3793 3013 reci-

983 3087 1148 3160 pere
1185 3066 1366 3135 inter
1400 3076 1648 3136 cuncta
1679 3066 2082 3159 precipuum
2121 3074 2194 3135 et
2223 3065 2485 3136 donum
2516 3064 2695 3135 inter
2727 3085 3016 3136 munera
3047 3064 3449 3156 gratiosum.

1420 3311 1802 3320 ———-————-.-.
1812 3313 1909 3320 *0-
1915 3312 2724 3322 „—————-·————-—-—-
2732 3312 3393 3321 ———————————-—-

1089 3526 1607 3634 PraeposituS‚
1646 3526 1978 3607 decanus
2023 3534 2099 3606 et
2141 3523 2557 3633 capitulum
2596 3524 3004 3607 Leodiense
3052 3524 3460 3629 Friderico,
3501 3523 3791 3606 Roma-

985 3684 1262 3743 norum
1298 3659 1771 3768 imperatori,
1816 3657 2242 3767 supplicant
2279 3666 2362 3738 ut
2398 3683 2577 3739 cum
2614 3668 2813 3739 terra
2849 3657 3236 3739 Hanoniae
3277 3665 3449 3764 post
3496 3653 3789 3736 obitum

981 3795 1367 3880 Johannae
1384 3780 1810 3875 comitissae
1832 3792 2259 3899 Flandriae,
2278 3791 2491 3874 nullo
2509 3792 2605 3873 de
2626 3816 2937 3899 corpore
2961 3790 3127 3900 ejus
3151 3791 3474 3872 haerede
3499 3788 3787 3893 relicto,

984 3929 1081 4010 ad
1116 3927 1509 4010 ecclesiam
1545 3926 2032 4008 Leodiensem
2079 3925 2176 4006 de
2212 3924 2755 4008 consuetudine
2787 3923 3142 4008 devoluta
3189 3924 3326 4030 sit,
3372 3922 3794 4030 Margareta

981 4087 1158 4145 vero
1210 4060 1596 4144 comitissa
1651 4082 1868 4140 soror
1938 4056 2103 4166 ejus
2174 4056 2523 4138 eamdem
2583 4068 2865 4140 terram
2916 4056 3281 4141 violenter
3337 4064 3601 4138 contra
3663 4051 3794 4160 jus

984 4194 1281 4302 imperii
1316 4205 1391 4277 et
1423 4193 1780 4276 ecclesiae
1807 4190 2240 4274 Leodiensis
2266 4190 2668 4298 invaserit,
2709 4192 2870 4299 ipse
2904 4191 2981 4271 in
3020 4189 3154 4272 tali
3191 4188 3511 4272 articulo
3546 4186 3791 4270 eidem

986 4325 1340 4407 ecclesiae
1376 4325 1773 4408 subvenire
1802 4324 2185 4433 dignetur.

1059 4593 1133 4667 (⁴)
1165 4589 1535 4650 Verisimiliter
1569 4591 1741 4664 agitur
1778 4590 1850 4647 de
1880 4589 2192 4663 Bdmundo,
2237 4589 2452 4647 Hem-ici
2482 4588 2638 4663 ‚regis
2663 4588 2888 4663 Angliae
2921 4581 3170 4647 secundo
3194 4586 3330 4659 filio,
3365 4584 3460 4660 qui
3487 4584 3578 4642 die
3612 4581 3794 4641 Sancti

985 4690 1226 4752 Marcelli
1254 4692 1349 4762 (⁴6
1368 4688 1628 4761 ianuarii)
1656 4688 1816 4761 hujus
1839 4688 1966 4746 anni
1996 4690 2135 4745 ⁴2⁴5
2158 4693 2319 4746 natus
2344 4693 2479 4746 erat.
