4364 5738
1042 590 1163 650 320
2036 585 2464 646 summum
2512 587 2861 649 suenum
3472 586 3634 671 [An.
3673 588 3851 651 1245.

1042 722 1482 795 Fredericum
1527 721 1932 815 precipuum
1977 719 2361 814 principem
2403 721 2824 810 secularem,
2864 719 3262 811 hujusmodi
3302 718 3742 793 dissentionis
3785 733 3856 794 et

1045 845 1502 920 tribulationis
1545 854 1847 915 actorem
1868 896 1887 932 ,
1933 865 1975 915 a
2013 843 2229 915 felicis
2271 843 2768 916 recordationis
2793 842 3122 935 Gregorio
3155 863 3335 939 papa
3363 845 3854 939 predecessore

1036 981 1274 1044 nostro
1330 990 1455 1065 pro
1511 969 1653 1040 suis
1707 968 2109 1040 excessibus
2155 968 2616 1041 anathematis
2668 969 2950 1041 vinculo
3017 967 3422 1039 innodatum
3445 1020 3465 1057 ,
3522 969 3853 1064 speciales

1038 1095 1332 1168 nuncios
1373 1114 1623 1185 magne
1677 1092 2064 1164 autoritatis
2116 1091 2340 1182 viroS,
2395 1092 2722 1165 videlicet
2782 1091 3218 1164 venerabiles
3275 1093 3522 1163 fratres
3584 1101 3855 1164 nostros

1039 1220 1115 1290 P.
1148 1218 1646 1304 Albanensem,
1676 1225 1840 1285 tunc
1861 1214 2489 1305 Rothomagensem
2513 1214 3137 1309 archiepiscopum,
3168 1222 3239 1284 et
3263 1214 3377 1283 W.
3410 1194 3852 1285 Sabinensem

1039 1352 1230 1432 tunc,
1268 1339 1623 1434 quondam
1655 1338 2141 1427 Mutinensem,
2177 1337 2539 1432 episcopos
2574 1359 2656 1408 ac
2694 1338 3020 1410 dilectum
3053 1335 3267 1407 filium
3309 1346 3623 1408 nostrum
3665 1336 3849 1408 Guil-

1039 1466 1321 1537 lelmum
1366 1462 1651 1533 Basilice
1696 1461 2064 1532 duodecim
2110 1460 2601 1556 Apostolorum
2647 1461 3128 1556 presbyterum
3173 1460 3634 1551 cardinalem,
3692 1471 3852 1532 tunc

1038 1588 1362 1659 abbatem
1395 1586 1625 1657 Sancti
1657 1584 2000 1673 Facundi,
2038 1584 2157 1678 qui
2196 1587 2488 1655 salutem
2526 1584 3239 1678 zcllabantur'ipsiuS,
3280 1582 3608 1655 duximus
3642 1583 3852 1655 desti-

1042 1710 1348 1798 nandos;
1390 1710 1719 1780 facientes
1748 1708 1874 1778 sibi
1911 1708 2204 1802 proponi
2233 1730 2358 1802 per
2395 1708 2608 1802 ipsos,
2641 1707 2828 1800 quod
2857 1728 2984 1778 nos
3012 1717 3081 1777 et
3107 1708 3353 1777 fratres
3378 1708 3597 1778 nostri
3629 1729 3852 1800 quan·

1045 1844 1190 1904 tum
1225 1833 1293 1902 in
1327 1833 1527 1902 nobis
1557 1841 1738 1921 erat,
1774 1853 2020 1926 pacem
2054 1852 2179 1925 per
2209 1831 2440 1902 omnia
2469 1852 2702 1901 secum
2735 1830 2996 1902 habere
3021 1852 3151 1902 nec
3182 1851 3321 1900 non
3350 1851 3506 1900 cum
3537 1830 3854 1901 omnibus

1042 1957 1438 2027 hominibus
1472 1956 1917 2050 optabamus,
1951 1955 2169 2049 parati
2220 1976 2496 2049 semper
2535 1976 2778 2049 pacem
2820 1955 2951 2026 sibi
2987 1964 3056 2025 et
3094 1954 3656 2048 tranquillitatem
3689 1955 3854 2027 dare

1042 2103 1123 2152 ac
1166 2079 1427 2150 mundo
1465 2078 1671 2149 etiam
1713 2078 2064 2149 universo.
2111 2080 2198 2148 Et
2239 2078 2400 2171 quia
2445 2079 2907 2172 prelatorum,
2958 2077 3362 2150 clericorum
3410 2077 3852 2170 omniumque

1041 2204 1335 2276 aliorum
1368 2224 1543 2297 quos
1574 2202 1930 2273 detinebat
1965 2201 2275 2296 captivos
2310 2211 2379 2273 et
2410 2203 2720 2273 omnium
2766 2211 2902 2271 tam
2936 2201 3344 2274 clericorum
3379 2222 3589 2294 quam
3631 2202 3853 2295 layco-

1043 2349 1199 2398 rum
1225 2347 1400 2419 quos
1432 2335 1712 2419 ceperat
1744 2324 1814 2394 in
1851 2324 2065 2415 galeis
2097 2324 2449 2395 restitucio
2485 2334 2757 2419 poterat
2789 2345 2941 2396 esse
2973 2325 3162 2419 pacis
3197 2325 3570 2420 plurimum
3609 2324 3849 2395 induc·

1046 2451 1220 2538 tiva,
1256 2471 1415 2519 eum
1446 2459 1524 2518 ut
1562 2449 1713 2517 illos
1755 2447 2193 2537 restitueret,
2222 2470 2379 2518 cum
2427 2447 2562 2518 hoc
2612 2448 2797 2520 idem
2847 2459 2986 2518 tam
3037 2446 3183 2541 ipse
3229 2469 3437 2542 quam
3479 2447 3585 2519 sui
3622 2447 3850 2517 nuncii

1042 2577 1413 2660 antequam
1443 2566 1533 2637 ad
1566 2567 1991 2659 apostolatus
2021 2566 2251 2637 vocati
2280 2587 2589 2636 essemus
2621 2566 2950 2657 officium,
2988 2565 3486 2661 promisissent,
3527 2566 3752 2658 rogari
3786 2574 3854 2636 et

1046 2691 1185 2787 peti
1227 2692 1316 2761 ab
1362 2690 1513 2785 ipso
1551 2689 1838 2760 fecimus
1883 2710 2008 2783 per
2054 2690 2376 2780 eosdem,
2433 2711 2514 2760 ac
2561 2689 2851 2784 proponi
2907 2689 3187 2784 insuper
3240 2689 3429 2781 quod
3468 2688 3686 2782 >iidem
3731 2709 3850 2782 pro

1046 2815 1247 2888 nobis
1281 2814 1499 2909 parati
1534 2823 1733 2884 erant
1763 2812 2004 2884 audire
2043 2822 2111 2884 et
2158 2823 2451 2885 tractare
2487 2834 2728 2907 pacem
2779 2834 2859 2885 ac
2906 2813 3112 2885 etiam
3156 2812 3398 2886 audire
3453 2811 3849 2885 satisfactio·

1047 2960 1207 3008 nem
1244 2959 1449 3029 quam
1485 2938 1711 3007 facere
1747 2938 1962 3006 vellet
1992 2936 2314 3032 princeps
2343 2938 2431 3008 de
2469 2937 2791 3008 omnibus
2827 2957 2954 3032 pro
2985 2937 3238 3030 quibus
3264 2936 3544 3008 vinculo
3577 2958 3848 3008 excom·

1046 3058 1529 3129 municationis
1571 3067 1716 3128 erat
1755 3059 2108 3149 astrictus,
2154 3069 2226 3130 et
2269 3059 2497 3131 offerri
2536 3070 2853 3155 preterea
2898 3059 3089 3154 quod
3137 3061 3193 3130 si
3235 3059 3541 3131 Ecclesia
3586 3082 3743 3131 eum
3782 3058 3850 3128 in

1049 3180 1281 3271 aliquo
1313 3188 1552 3249 contra
1595 3179 1907 3249 debitum
1941 3182 2217 3270 leserat,
2254 3182 2442 3273 quod
2477 3204 2617 3254 non
2656 3182 3017 3271 credebat,
3053 3193 3296 3278 parata
3325 3193 3474 3254 erat
3517 3184 3851 3275 corrigere

1047 3324 1130 3373 ac
1166 3303 1236 3371 in
1269 3310 1523 3372 statum
1560 3301 1872 3372 debitum
1910 3304 2309 3375 reformare.
2351 3306 2437 3375 Et
2473 3305 2528 3376 si
2562 3305 2827 3376 diceret
2862 3305 3009 3401 ipse
3047 3305 3238 3400 quod
3275 3306 3346 3376 in
3387 3308 3582 3378 nullo
3622 3317 3852 3379 contra

1039 3424 1377 3517 justitiam
1420 3425 1672 3495 leserat
1706 3426 2085 3498 Ecclesiam
2134 3428 2248 3499 vel
2292 3428 2484 3521 quod
2523 3450 2652 3500 nos
2701 3450 2861 3499 eum
2916 3443 3158 3501 contra
3192 3429 3542 3521 justiciam
3585 3430 3851 3500 lesisse·

1045 3571 1223 3638 muS,
1262 3548 1481 3641 parati
1516 3570 1788 3620 eramus
1827 3571 2077 3621 vocare
2105 3571 2331 3642 regeS,
2366 3551 2668 3644 prelatos
2703 3560 2774 3621 et
2805 3550 3150 3646 principes
3188 3561 3329 3622 tam
3362 3550 3850 3623 ecclesiasticos

1043 3695 1253 3766 quam
1283 3673 1627 3742 seculares
1656 3673 1745 3744 ad
1778 3674 2079 3766 aliquem
2121 3684 2343 3745 tutum
2373 3674 2600 3746 locum
2623 3727 2642 3764 ,
2673 3675 2792 3745 ubi
2824 3696 2950 3768 per
2989 3696 3064 3746 se
3091 3675 3205 3747 vel
3234 3676 3647 3769 sollempnes
3671 3695 3850 3744 nun·

1043 3774 1186 3867 cios
1226 3794 1702 3865 convenirent.
1746 3795 2046 3887 Eratque
2080 3805 2322 3890 parata
2362 3798 2669 3869 Ecclesia
2706 3798 2796 3870 de
2842 3797 3130 3869 consilio
3171 3797 3444 3870 concilii
3484 3797 3612 3868 sibi
3658 3795 3852 3868 satis·

1045 3920 1271 3989 facere
1307 3917 1364 3988 si
1401 3938 1559 3987 eum
1599 3916 1866 3988 lesisset
1910 3918 1981 3987 in
2025 3917 2294 4012 aliquo,
2325 3941 2409 3992 ac
2436 3942 2764 3992 revocare
2805 3921 3230 3992 sentenciam
3268 3920 3324 3991 si
3372 3942 3585 4015 quam
3620 3930 3854 3992 contra

1047 4062 1204 4111 eum
1255 4040 1506 4133 injuste
1545 4040 1843 4130 tulisset,
1877 4051 1948 4111 et
1979 4063 2135 4112 cum
2171 4040 2363 4114 omni
2404 4043 2938 4115 mansuetudine
2964 4064 3048 4115 ac
3083 4039 3587 4136 misericordia,
3633 4063 3851 4137 quan·

1048 4172 1192 4233 tum
1227 4186 1385 4234 cum
1422 4164 1567 4234 Deo
1600 4172 1672 4234 et
1702 4163 1965 4235 honore
1994 4186 2121 4237 suo
2154 4163 2303 4236 fieri
2341 4174 2646 4261 poterat,
2693 4165 3002 4260 recipere
3038 4166 3129 4238 de
3169 4167 3438 4260 injuriis
3480 4177 3553 4238 et
3585 4163 3857 4238 offensis

1048 4284 1178 4379 ipsi
1222 4285 1526 4357 Ecclesie
1568 4286 1848 4380 suisque
1894 4309 2021 4381 per
2062 4309 2222 4360 eum
2272 4287 2590 4381 irrogatis
2639 4288 3178 4362 satisfactionem
3218 4290 3309 4363 ab
3346 4290 3522 4386 ipso.
3568 4288 3857 4361 Volebat

1050 4404 1257 4475 etiam
1304 4406 1611 4479 Ecclesia
1654 4430 1896 4482 omnes
1939 4410 2200 4481 amicos
2249 4433 2410 4484 suos
2468 4411 2740 4505 sibique
2792 4411 3210 4484 adherentes
3257 4413 3328 4484 in
3378 4434 3550 4508 pace
3600 4430 3852 4507 ponere

1042 4527 1388 4621 plenaque
1421 4530 1783 4603 securitate
1811 4532 2146 4625 gaudere,
2181 4544 2263 4606 ut
2297 4556 2653 4628 nunquam
2680 4534 2812 4606 hac
2852 4534 3215 4607 occasione
3251 4545 3537 4631 possent
3572 4532 3856 4628 aliquod

1046 4648 1280 4722 subire
1330 4651 1722 4723 discrimen.
1772 4654 1911 4726 Sed
1953 4656 2111 4728 licet
2147 4658 2246 4730 sic
2289 4659 2478 4753 apud
2520 4680 2678 4731 eum
2731 4680 2858 4753 pro
2905 4680 3076 4753 pace
3122 4659 3428 4753 paternis
3471 4657 3748 4731 monitis
3786 4664 3859 4728 et
