<?xml version="1.0" encoding="UTF-8"?>
<!DOCTYPE html PUBLIC "-//W3C//DTD XHTML 1.0 Transitional//EN"
    "http://www.w3.org/TR/xhtml1/DTD/xhtml1-transitional.dtd">
<html xmlns="http://www.w3.org/1999/xhtml" xml:lang="en" lang="en">
 <head>
  <title>
</title>
<meta http-equiv="Content-Type" content="text/html;charset=utf-8" />
  <meta name='ocr-system' content='tesseract 3.04.00' />
  <meta name='ocr-capabilities' content='ocr_page ocr_carea ocr_par ocr_line ocrx_word'/>
</head>
<body>
  <div class='ocr_page' id='page_1' title='image "./historiadiploma00degoog_0491.png"; bbox 0 0 4364 5738; ppageno 0'>
   <div class='ocr_carea' id='block_1_1' title="bbox 563 584 3396 661">
    <p class='ocr_par' dir='ltr' id='par_1_1' title="bbox 563 584 3396 661">
     <span class='ocr_line' id='line_1_1' title="bbox 563 584 3396 661; baseline 0.004 -17"><span class='ocrx_word' id='word_1_1' title='bbox 563 584 767 644; x_wconf 67' lang='lat' dir='ltr'><strong>immor.</strong></span> <span class='ocrx_word' id='word_1_2' title='bbox 798 584 891 661; x_wconf 85' lang='grc'><strong>5.]</strong></span> <span class='ocrx_word' id='word_1_3' title='bbox 1453 587 1852 651; x_wconf 82' lang='lat' dir='ltr'>HISTORIA</span> <span class='ocrx_word' id='word_1_4' title='bbox 1899 590 2492 653; x_wconf 77' lang='lat' dir='ltr'><strong>DIPLOMATIGA.</strong></span> <span class='ocrx_word' id='word_1_5' title='bbox 3271 591 3396 654; x_wconf 72' lang='lat'><strong>473</strong></span> 
     </span>
    </p>
   </div>
   <div class='ocr_carea' id='block_1_2' title="bbox 550 719 3485 3162">
    <p class='ocr_par' dir='ltr' id='par_1_2' title="bbox 550 719 3485 3162">
     <span class='ocr_line' id='line_1_2' title="bbox 564 719 3391 823; baseline 0.002 -33"><span class='ocrx_word' id='word_1_6' title='bbox 564 741 803 791; x_wconf 85' lang='lat' dir='ltr'><strong>sumus</strong></span> <span class='ocrx_word' id='word_1_7' title='bbox 833 719 1199 792; x_wconf 88' lang='lat' dir='ltr'><strong>unanimes</strong></span> <span class='ocrx_word' id='word_1_8' title='bbox 1226 720 1417 814; x_wconf 89' lang='lat' dir='ltr'><strong>quod</strong></span> <span class='ocrx_word' id='word_1_9' title='bbox 1445 725 1709 795; x_wconf 91' lang='lat' dir='ltr'><strong>nullam</strong></span> <span class='ocrx_word' id='word_1_10' title='bbox 1745 726 2029 799; x_wconf 94' lang='lat' dir='ltr'><strong>omnino</strong></span> <span class='ocrx_word' id='word_1_11' title='bbox 2061 735 2291 823; x_wconf 92' lang='lat' dir='ltr'><strong>potest</strong></span> <span class='ocrx_word' id='word_1_12' title='bbox 2317 727 2682 798; x_wconf 84' lang='lat' dir='ltr'><strong>scissuram</strong></span> <span class='ocrx_word' id='word_1_13' title='bbox 2716 724 3062 820; x_wconf 90' lang='lat' dir='ltr'><strong>recipere,</strong></span> <span class='ocrx_word' id='word_1_14' title='bbox 3092 725 3391 798; x_wconf 83' lang='lat' dir='ltr'><strong>velutin</strong></span> 
     </span>
     <span class='ocr_line' id='line_1_3' title="bbox 562 825 3397 935; baseline 0.003 -23"><span class='ocrx_word' id='word_1_15' title='bbox 562 841 875 913; x_wconf 90' lang='lat' dir='ltr'><strong>habitum</strong></span> <span class='ocrx_word' id='word_1_16' title='bbox 912 844 1058 935; x_wconf 85' lang='lat' dir='ltr'><strong>jam</strong></span> <span class='ocrx_word' id='word_1_17' title='bbox 1109 866 1475 935; x_wconf 87' lang='lat' dir='ltr'><strong>conversa,</strong></span> <span class='ocrx_word' id='word_1_18' title='bbox 1511 857 1902 921; x_wconf 89' lang='lat' dir='ltr'><strong>nostrarum</strong></span> <span class='ocrx_word' id='word_1_19' title='bbox 1940 849 2312 923; x_wconf 86' lang='lat' dir='ltr'><strong>concordia</strong></span> <span class='ocrx_word' id='word_1_20' title='bbox 2340 850 2804 921; x_wconf 81' lang='lat' dir='ltr'><strong>voluntatum.</strong></span> <span class='ocrx_word' id='word_1_21' title='bbox 2842 850 3122 921; x_wconf 90' lang='lat' dir='ltr'><strong>Illorum</strong></span> <span class='ocrx_word' id='word_1_22' title='bbox 3154 825 3397 922; x_wconf 48' lang='lat' dir='ltr'><strong>tamen‘</strong></span> 
     </span>
     <span class='ocr_line' id='line_1_4' title="bbox 562 942 3386 1068; baseline 0.004 -32"><span class='ocrx_word' id='word_1_23' title='bbox 562 975 795 1038; x_wconf 86' lang='lat' dir='ltr'><strong>nostra</strong></span> <span class='ocrx_word' id='word_1_24' title='bbox 825 942 1222 1060; x_wconf 65' lang='lat' dir='ltr'><strong>conjunctio</strong></span> <span class='ocrx_word' id='word_1_25' title='bbox 1251 991 1397 1042; x_wconf 92' lang='lat' dir='ltr'><strong>non</strong></span> <span class='ocrx_word' id='word_1_26' title='bbox 1425 981 1619 1043; x_wconf 89' lang='lat' dir='ltr'><strong>caret</strong></span> <span class='ocrx_word' id='word_1_27' title='bbox 1642 972 1901 1044; x_wconf 88' lang='lat' dir='ltr'><strong>invidia</strong></span> <span class='ocrx_word' id='word_1_28' title='bbox 1943 974 2064 1068; x_wconf 88' lang='lat' dir='ltr'><strong>qui</strong></span> <span class='ocrx_word' id='word_1_29' title='bbox 2096 973 2633 1065; x_wconf 86' lang='lat' dir='ltr'><strong>disjunctionem</strong></span> <span class='ocrx_word' id='word_1_30' title='bbox 2670 981 2978 1043; x_wconf 91' lang='lat' dir='ltr'><strong>nostram</strong></span> <span class='ocrx_word' id='word_1_31' title='bbox 3017 984 3386 1068; x_wconf 87' lang='lat' dir='ltr'><strong>propterea</strong></span> 
     </span>
     <span class='ocr_line' id='line_1_5' title="bbox 560 1088 3386 1187; baseline 0.002 -27"><span class='ocrx_word' id='word_1_32' title='bbox 560 1088 1016 1162; x_wconf 88' lang='lat' dir='ltr'><strong>vehementer</strong></span> <span class='ocrx_word' id='word_1_33' title='bbox 1057 1091 1382 1165; x_wconf 83' lang='lat' dir='ltr'><strong>affectant</strong></span> <span class='ocrx_word' id='word_1_34' title='bbox 1430 1092 1621 1187; x_wconf 88' lang='lat' dir='ltr'><strong>quod</strong></span> <span class='ocrx_word' id='word_1_35' title='bbox 1665 1097 2095 1168; x_wconf 90' lang='lat' dir='ltr'><strong>munimenta</strong></span> <span class='ocrx_word' id='word_1_36' title='bbox 2125 1096 2382 1167; x_wconf 86' lang='lat' dir='ltr'><strong>virium</strong></span> <span class='ocrx_word' id='word_1_37' title='bbox 2428 1105 2813 1167; x_wconf 90' lang='lat' dir='ltr'><strong>nostrarum</strong></span> <span class='ocrx_word' id='word_1_38' title='bbox 2856 1095 3173 1167; x_wconf 91' lang='lat' dir='ltr'><strong>minuere</strong></span> <span class='ocrx_word' id='word_1_39' title='bbox 3217 1116 3386 1168; x_wconf 89' lang='lat' dir='ltr'><strong>con-</strong></span> 
     </span>
     <span class='ocr_line' id='line_1_6' title="bbox 554 1212 3388 1315; baseline 0.003 -31"><span class='ocrx_word' id='word_1_40' title='bbox 554 1212 798 1305; x_wconf 85' lang='lat' dir='ltr'><strong>juncta</strong></span> <span class='ocrx_word' id='word_1_41' title='bbox 865 1214 1264 1310; x_wconf 88' lang='lat' dir='ltr'><strong>desperant.</strong></span> <span class='ocrx_word' id='word_1_42' title='bbox 1315 1217 1425 1287; x_wconf 89' lang='lat' dir='ltr'><strong>Ex</strong></span> <span class='ocrx_word' id='word_1_43' title='bbox 1484 1219 1818 1290; x_wconf 79' lang='lat' dir='ltr'>relatione</span> <span class='ocrx_word' id='word_1_44' title='bbox 1877 1219 2221 1312; x_wconf 83' lang='lat' dir='ltr'><strong>siquidem</strong></span> <span class='ocrx_word' id='word_1_45' title='bbox 2280 1221 2582 1292; x_wconf 88' lang='lat' dir='ltr'><strong>latorum</strong></span> <span class='ocrx_word' id='word_1_46' title='bbox 2640 1218 3064 1315; x_wconf 90' lang='lat' dir='ltr'><strong>presentium</strong></span> <span class='ocrx_word' id='word_1_47' title='bbox 3129 1219 3388 1313; x_wconf 83' lang='lat' dir='ltr'><strong>poten‘t</strong></span> 
     </span>
     <span class='ocr_line' id='line_1_7' title="bbox 562 1337 3393 1435; baseline 0.002 -28"><span class='ocrx_word' id='word_1_48' title='bbox 562 1337 976 1409; x_wconf 81' lang='lat' dir='ltr'><strong>excellentia</strong></span> <span class='ocrx_word' id='word_1_49' title='bbox 1017 1347 1246 1410; x_wconf 87' lang='lat' dir='ltr'><strong>vestra</strong></span> <span class='ocrx_word' id='word_1_50' title='bbox 1295 1340 1653 1435; x_wconf 82' lang='lat' dir='ltr'><strong>percipere</strong></span> <span class='ocrx_word' id='word_1_51' title='bbox 1703 1343 2001 1434; x_wconf 85' lang='lat' dir='ltr'><strong>qualiter</strong></span> <span class='ocrx_word' id='word_1_52' title='bbox 2041 1342 2478 1415; x_wconf 86' lang='lat' dir='ltr'><strong>venerabiles</strong></span> <span class='ocrx_word' id='word_1_53' title='bbox 2523 1350 2756 1435; x_wconf 92' lang='lat' dir='ltr'><strong>patres</strong></span> <span class='ocrx_word' id='word_1_54' title='bbox 2811 1361 2986 1435; x_wconf 90' lang='lat' dir='ltr'><strong>papa</strong></span> <span class='ocrx_word' id='word_1_55' title='bbox 3038 1349 3276 1411; x_wconf 88' lang='lat' dir='ltr'><strong>noster</strong></span> <span class='ocrx_word' id='word_1_56' title='bbox 3312 1351 3393 1412; x_wconf 84' lang='lat' dir='ltr'><strong>et</strong></span> 
     </span>
     <span class='ocr_line' id='line_1_8' title="bbox 561 1457 3381 1558; baseline 0.003 -32"><span class='ocrx_word' id='word_1_57' title='bbox 561 1457 808 1530; x_wconf 84' lang='lat' dir='ltr'><strong>fratres</strong></span> <span class='ocrx_word' id='word_1_58' title='bbox 833 1470 1108 1551; x_wconf 91' lang='lat' dir='ltr'><strong>gratum</strong></span> <span class='ocrx_word' id='word_1_59' title='bbox 1143 1458 1450 1533; x_wconf 86' lang='lat' dir='ltr'><strong>habuere</strong></span> <span class='ocrx_word' id='word_1_60' title='bbox 1480 1462 1956 1536; x_wconf 90' lang='lat' dir='ltr'><strong>indissolubile</strong></span> <span class='ocrx_word' id='word_1_61' title='bbox 1988 1466 2348 1537; x_wconf 86' lang='lat' dir='ltr'><strong>vinculum</strong></span> <span class='ocrx_word' id='word_1_62' title='bbox 2376 1464 2655 1536; x_wconf 90' lang='lat' dir='ltr'><strong>unionis</strong></span> <span class='ocrx_word' id='word_1_63' title='bbox 2692 1463 2883 1558; x_wconf 87' lang='lat' dir='ltr'><strong>quod</strong></span> <span class='ocrx_word' id='word_1_64' title='bbox 2916 1463 3098 1534; x_wconf 89' lang='lat' dir='ltr'><strong>inter</strong></span> <span class='ocrx_word' id='word_1_65' title='bbox 3129 1464 3381 1535; x_wconf 89' lang='lat' dir='ltr'><strong>Roma·</strong></span> 
     </span>
     <span class='ocr_line' id='line_1_9' title="bbox 560 1581 3385 1682; baseline 0.002 -32"><span class='ocrx_word' id='word_1_66' title='bbox 560 1601 729 1651; x_wconf 89' lang='lat' dir='ltr'><strong>num</strong></span> <span class='ocrx_word' id='word_1_67' title='bbox 761 1581 1127 1677; x_wconf 90' lang='lat' dir='ltr'><strong>imperium</strong></span> <span class='ocrx_word' id='word_1_68' title='bbox 1160 1594 1231 1655; x_wconf 94' lang='lat' dir='ltr'><strong>et</strong></span> <span class='ocrx_word' id='word_1_69' title='bbox 1260 1606 1552 1677; x_wconf 91' lang='lat' dir='ltr'><strong>regnum</strong></span> <span class='ocrx_word' id='word_1_70' title='bbox 1574 1586 1857 1658; x_wconf 87' lang='lat' dir='ltr'><strong>Francie</strong></span> <span class='ocrx_word' id='word_1_71' title='bbox 1884 1587 2096 1659; x_wconf 90' lang='lat' dir='ltr'><strong>iidem</strong></span> <span class='ocrx_word' id='word_1_72' title='bbox 2127 1587 2367 1660; x_wconf 90' lang='lat' dir='ltr'><strong>nuncii</strong></span> <span class='ocrx_word' id='word_1_73' title='bbox 2393 1588 2611 1660; x_wconf 86' lang='lat' dir='ltr'><strong>vestri</strong></span> <span class='ocrx_word' id='word_1_74' title='bbox 2638 1606 3061 1682; x_wconf 86' lang='lat' dir='ltr'><strong>proposuere</strong></span> <span class='ocrx_word' id='word_1_75' title='bbox 3083 1584 3385 1657; x_wconf 83' lang='lat' dir='ltr'><strong>fideliter</strong></span> 
     </span>
     <span class='ocr_line' id='line_1_10' title="bbox 558 1704 3380 1804; baseline 0.003 -30"><span class='ocrx_word' id='word_1_76' title='bbox 558 1724 795 1775; x_wconf 90' lang='lat' dir='ltr'><strong>coram</strong></span> <span class='ocrx_word' id='word_1_77' title='bbox 836 1706 934 1777; x_wconf 89' lang='lat' dir='ltr'><strong>eis</strong></span> <span class='ocrx_word' id='word_1_78' title='bbox 963 1704 1098 1804; x_wconf 73' lang='lat' dir='ltr'><strong>(l).</strong></span> <span class='ocrx_word' id='word_1_79' title='bbox 1130 1708 1433 1780; x_wconf 84' lang='lat' dir='ltr'><strong>Effectus</strong></span> <span class='ocrx_word' id='word_1_80' title='bbox 1470 1710 1680 1781; x_wconf 89' lang='lat' dir='ltr'><strong>etiam</strong></span> <span class='ocrx_word' id='word_1_81' title='bbox 1727 1709 2091 1802; x_wconf 81' lang='lat' dir='ltr'><strong>legationis</strong></span> <span class='ocrx_word' id='word_1_82' title='bbox 2140 1733 2385 1784; x_wconf 90' lang='lat' dir='ltr'><strong>eorum</strong></span> <span class='ocrx_word' id='word_1_83' title='bbox 2426 1711 2858 1782; x_wconf 85' lang='lat' dir='ltr'><strong>manifestius</strong></span> <span class='ocrx_word' id='word_1_84' title='bbox 2901 1709 3164 1780; x_wconf 90' lang='lat' dir='ltr'><strong>indicat</strong></span> <span class='ocrx_word' id='word_1_85' title='bbox 3206 1710 3380 1782; x_wconf 90' lang='lat' dir='ltr'><strong>illud</strong></span> 
     </span>
     <span class='ocr_line' id='line_1_11' title="bbox 556 1827 3377 1929; baseline 0.002 -32"><span class='ocrx_word' id='word_1_86' title='bbox 556 1827 770 1919; x_wconf 90' lang='lat' dir='ltr'><strong>idem,</strong></span> <span class='ocrx_word' id='word_1_87' title='bbox 792 1828 957 1900; x_wconf 90' lang='lat' dir='ltr'><strong>dum</strong></span> <span class='ocrx_word' id='word_1_88' title='bbox 983 1832 1382 1903; x_wconf 88' lang='lat' dir='ltr'><strong>alterutrius</strong></span> <span class='ocrx_word' id='word_1_89' title='bbox 1408 1844 1719 1905; x_wconf 89' lang='lat' dir='ltr'><strong>nostrum</strong></span> <span class='ocrx_word' id='word_1_90' title='bbox 1753 1855 1993 1929; x_wconf 89' lang='lat' dir='ltr'><strong>preces</strong></span> <span class='ocrx_word' id='word_1_91' title='bbox 2015 1835 2344 1907; x_wconf 87' lang='lat' dir='ltr'><strong>videlicet</strong></span> <span class='ocrx_word' id='word_1_92' title='bbox 2368 1835 2763 1929; x_wconf 90' lang='lat' dir='ltr'><strong>imperiales</strong></span> <span class='ocrx_word' id='word_1_93' title='bbox 2785 1844 2856 1905; x_wconf 91' lang='lat' dir='ltr'><strong>et</strong></span> <span class='ocrx_word' id='word_1_94' title='bbox 2872 1833 3097 1925; x_wconf 91' lang='lat' dir='ltr'><strong>regias</strong></span> <span class='ocrx_word' id='word_1_95' title='bbox 3118 1833 3377 1904; x_wconf 91' lang='lat' dir='ltr'><strong>nedum</strong></span> 
     </span>
     <span class='ocr_line' id='line_1_12' title="bbox 555 1955 3376 2050; baseline 0.002 -28"><span class='ocrx_word' id='word_1_96' title='bbox 555 1962 990 2048; x_wconf 86' lang='lat' dir='ltr'><strong>contemptas</strong></span> <span class='ocrx_word' id='word_1_97' title='bbox 1028 1955 1120 2025; x_wconf 92' lang='lat' dir='ltr'><strong>ab</strong></span> <span class='ocrx_word' id='word_1_98' title='bbox 1155 1955 1322 2050; x_wconf 88' lang='lat' dir='ltr'><strong>ipsis</strong></span> <span class='ocrx_word' id='word_1_99' title='bbox 1353 1957 1791 2048; x_wconf 80' lang='lat' dir='ltr'><strong>agnoscimus</strong></span> <span class='ocrx_word' id='word_1_100' title='bbox 1809 2009 1828 2047; x_wconf 92' lang='lat'>,</span> <span class='ocrx_word' id='word_1_101' title='bbox 1855 1957 2069 2030; x_wconf 90' lang='lat' dir='ltr'><strong>immo</strong></span> <span class='ocrx_word' id='word_1_102' title='bbox 2100 1957 2193 2029; x_wconf 89' lang='lat' dir='ltr'><strong>ad</strong></span> <span class='ocrx_word' id='word_1_103' title='bbox 2221 1968 2716 2029; x_wconf 85' lang='lat' dir='ltr'><strong>nocumentum</strong></span> <span class='ocrx_word' id='word_1_104' title='bbox 2746 1957 3180 2049; x_wconf 87' lang='lat' dir='ltr'><strong>negotiorum</strong></span> <span class='ocrx_word' id='word_1_105' title='bbox 3210 1977 3376 2027; x_wconf 90' lang='lat' dir='ltr'><strong>nos-</strong></span> 
     </span>
     <span class='ocr_line' id='line_1_13' title="bbox 558 2079 3485 2176; baseline 0.003 -34"><span class='ocrx_word' id='word_1_106' title='bbox 558 2082 817 2145; x_wconf 85' lang='lat' dir='ltr'><strong>trorum</strong></span> <span class='ocrx_word' id='word_1_107' title='bbox 853 2097 1224 2148; x_wconf 92' lang='lat' dir='ltr'><strong>commune</strong></span> <span class='ocrx_word' id='word_1_108' title='bbox 1253 2080 1486 2174; x_wconf 87' lang='lat' dir='ltr'><strong>potius</strong></span> <span class='ocrx_word' id='word_1_109' title='bbox 1530 2102 1624 2150; x_wconf 90' lang='lat' dir='ltr'><strong>ex</strong></span> <span class='ocrx_word' id='word_1_110' title='bbox 1655 2081 1903 2152; x_wconf 84' lang='lat' dir='ltr'><strong>effectu</strong></span> <span class='ocrx_word' id='word_1_111' title='bbox 1941 2081 2377 2176; x_wconf 89' lang='lat' dir='ltr'><strong>percepimus</strong></span> <span class='ocrx_word' id='word_1_112' title='bbox 2409 2081 2620 2151; x_wconf 86' lang='lat' dir='ltr'><strong>fuisse</strong></span> <span class='ocrx_word' id='word_1_113' title='bbox 2648 2089 3027 2174; x_wconf 87' lang='lat' dir='ltr'><strong>porrectas.</strong></span> <span class='ocrx_word' id='word_1_114' title='bbox 3057 2079 3166 2150; x_wconf 90' lang='lat' dir='ltr'><strong>Ex</strong></span> <span class='ocrx_word' id='word_1_115' title='bbox 3193 2101 3371 2172; x_wconf 84' lang='lat' dir='ltr'><strong>quc,</strong></span> <span class='ocrx_word' id='word_1_116' title='bbox 3480 2085 3485 2090; x_wconf 78' lang='grc'><strong><em>’</em></strong></span> 
     </span>
     <span class='ocr_line' id='line_1_14' title="bbox 550 2194 3378 2296; baseline 0.002 -30"><span class='ocrx_word' id='word_1_117' title='bbox 550 2194 729 2267; x_wconf 91' lang='lat' dir='ltr'><strong>sicut</strong></span> <span class='ocrx_word' id='word_1_118' title='bbox 755 2219 845 2268; x_wconf 86' lang='lat' dir='ltr'><strong>ex</strong></span> <span class='ocrx_word' id='word_1_119' title='bbox 873 2208 1069 2292; x_wconf 88' lang='lat' dir='ltr'><strong>parte</strong></span> <span class='ocrx_word' id='word_1_120' title='bbox 1095 2210 1334 2272; x_wconf 90' lang='lat' dir='ltr'><strong>nostra</strong></span> <span class='ocrx_word' id='word_1_121' title='bbox 1357 2203 1544 2292; x_wconf 87' lang='lat' dir='ltr'><strong>juste</strong></span> <span class='ocrx_word' id='word_1_122' title='bbox 1577 2224 1940 2275; x_wconf 90' lang='lat' dir='ltr'><strong>movemur</strong></span> <span class='ocrx_word' id='word_1_123' title='bbox 1961 2204 2153 2274; x_wconf 89' lang='lat' dir='ltr'><strong>velut</strong></span> <span class='ocrx_word' id='word_1_124' title='bbox 2178 2203 2299 2295; x_wconf 88' lang='lat' dir='ltr'><strong>qui</strong></span> <span class='ocrx_word' id='word_1_125' title='bbox 2319 2203 2508 2294; x_wconf 86' lang='lat' dir='ltr'><strong>juste</strong></span> <span class='ocrx_word' id='word_1_126' title='bbox 2540 2211 2972 2296; x_wconf 89' lang='lat' dir='ltr'><strong>contemptos</strong></span> <span class='ocrx_word' id='word_1_127' title='bbox 3003 2223 3132 2272; x_wconf 92' lang='lat' dir='ltr'><strong>nos</strong></span> <span class='ocrx_word' id='word_1_128' title='bbox 3165 2200 3378 2274; x_wconf 90' lang='lat' dir='ltr'><strong>habe-</strong></span> 
     </span>
     <span class='ocr_line' id='line_1_15' title="bbox 557 2320 3376 2421; baseline 0.002 -33"><span class='ocrx_word' id='word_1_129' title='bbox 557 2340 709 2389; x_wconf 91' lang='lat' dir='ltr'><strong>mus</strong></span> <span class='ocrx_word' id='word_1_130' title='bbox 745 2320 814 2390; x_wconf 91' lang='lat' dir='ltr'><strong>in</strong></span> <span class='ocrx_word' id='word_1_131' title='bbox 847 2323 1042 2394; x_wconf 90' lang='lat' dir='ltr'><strong>vobis</strong></span> <span class='ocrx_word' id='word_1_132' title='bbox 1060 2377 1078 2413; x_wconf 90' lang='lat'>,</span> <span class='ocrx_word' id='word_1_133' title='bbox 1113 2334 1356 2420; x_wconf 86' lang='lat' dir='ltr'><strong>utpote</strong></span> <span class='ocrx_word' id='word_1_134' title='bbox 1383 2325 1501 2417; x_wconf 89' lang='lat' dir='ltr'><strong>qui</strong></span> <span class='ocrx_word' id='word_1_135' title='bbox 1530 2326 1808 2417; x_wconf 89' lang='lat' dir='ltr'><strong>negotia</strong></span> <span class='ocrx_word' id='word_1_136' title='bbox 1841 2336 2072 2397; x_wconf 90' lang='lat' dir='ltr'><strong>vestra</strong></span> <span class='ocrx_word' id='word_1_137' title='bbox 2101 2336 2172 2397; x_wconf 95' lang='lat' dir='ltr'><strong>et</strong></span> <span class='ocrx_word' id='word_1_138' title='bbox 2202 2323 2472 2421; x_wconf 90' lang='lat' dir='ltr'><strong>imperii</strong></span> <span class='ocrx_word' id='word_1_139' title='bbox 2506 2325 2783 2421; x_wconf 87' lang='lat' dir='ltr'><strong>propria</strong></span> <span class='ocrx_word' id='word_1_140' title='bbox 2812 2336 3250 2418; x_wconf 80' lang='lat' dir='ltr'><strong>reputamuS,</strong></span> <span class='ocrx_word' id='word_1_141' title='bbox 3277 2324 3376 2395; x_wconf 88' lang='lat' dir='ltr'><strong>sic</strong></span> 
     </span>
     <span class='ocr_line' id='line_1_16' title="bbox 555 2445 3375 2536; baseline 0.002 -23"><span class='ocrx_word' id='word_1_142' title='bbox 555 2453 625 2514; x_wconf 91' lang='lat' dir='ltr'><strong>et</strong></span> <span class='ocrx_word' id='word_1_143' title='bbox 643 2445 856 2516; x_wconf 83' lang='lat' dir='ltr'><strong>&#39;versa</strong></span> <span class='ocrx_word' id='word_1_144' title='bbox 886 2447 1040 2518; x_wconf 87' lang='lat' dir='ltr'><strong>vice</strong></span> <span class='ocrx_word' id='word_1_145' title='bbox 1076 2447 1164 2518; x_wconf 91' lang='lat' dir='ltr'><strong>de</strong></span> <span class='ocrx_word' id='word_1_146' title='bbox 1209 2447 1409 2519; x_wconf 83' lang='lat' dir='ltr'><strong>vobis</strong></span> <span class='ocrx_word' id='word_1_147' title='bbox 1447 2448 1518 2518; x_wconf 91' lang='lat' dir='ltr'><strong>in</strong></span> <span class='ocrx_word' id='word_1_148' title='bbox 1550 2449 1803 2521; x_wconf 88' lang='lat' dir='ltr'><strong>nostris</strong></span> <span class='ocrx_word' id='word_1_149' title='bbox 1832 2448 2093 2521; x_wconf 90' lang='lat' dir='ltr'><strong>nedum</strong></span> <span class='ocrx_word' id='word_1_150' title='bbox 2121 2449 2409 2520; x_wconf 85' lang='lat' dir='ltr'><strong>credere</strong></span> <span class='ocrx_word' id='word_1_151' title='bbox 2435 2450 2785 2536; x_wconf 81' lang='lat' dir='ltr'><strong>volumuS,</strong></span> <span class='ocrx_word' id='word_1_152' title='bbox 2817 2448 2941 2519; x_wconf 91' lang='lat' dir='ltr'><strong>sed</strong></span> <span class='ocrx_word' id='word_1_153' title='bbox 2974 2448 3151 2519; x_wconf 91' lang='lat' dir='ltr'><strong>scire</strong></span> <span class='ocrx_word' id='word_1_154' title='bbox 3183 2469 3375 2519; x_wconf 92' lang='lat' dir='ltr'><strong>com-</strong></span> 
     </span>
     <span class='ocr_line' id='line_1_17' title="bbox 553 2567 3375 2662; baseline 0.002 -26"><span class='ocrx_word' id='word_1_155' title='bbox 553 2567 875 2659; x_wconf 87' lang='lat' dir='ltr'><strong>pellimur</strong></span> <span class='ocrx_word' id='word_1_156' title='bbox 898 2570 1070 2641; x_wconf 91' lang='lat' dir='ltr'><strong>illud</strong></span> <span class='ocrx_word' id='word_1_157' title='bbox 1103 2570 1314 2642; x_wconf 92' lang='lat' dir='ltr'><strong>idem.</strong></span> <span class='ocrx_word' id='word_1_158' title='bbox 1339 2572 1483 2643; x_wconf 93' lang='lat' dir='ltr'><strong>Nec</strong></span> <span class='ocrx_word' id='word_1_159' title='bbox 1510 2582 1699 2643; x_wconf 90' lang='lat' dir='ltr'><strong>caret</strong></span> <span class='ocrx_word' id='word_1_160' title='bbox 1727 2593 1934 2644; x_wconf 89' lang='lat' dir='ltr'><strong>causa</strong></span> <span class='ocrx_word' id='word_1_161' title='bbox 1963 2583 2193 2644; x_wconf 91' lang='lat' dir='ltr'><strong>motus</strong></span> <span class='ocrx_word' id='word_1_162' title='bbox 2214 2572 2433 2644; x_wconf 87' lang='lat' dir='ltr'><strong>nostri</strong></span> <span class='ocrx_word' id='word_1_163' title='bbox 2453 2571 2759 2662; x_wconf 88' lang='lat' dir='ltr'><strong>justicia,</strong></span> <span class='ocrx_word' id='word_1_164' title='bbox 2783 2593 2944 2642; x_wconf 88' lang='lat' dir='ltr'><strong>cum</strong></span> <span class='ocrx_word' id='word_1_165' title='bbox 2967 2571 3057 2641; x_wconf 90' lang='lat' dir='ltr'><strong>ad</strong></span> <span class='ocrx_word' id='word_1_166' title='bbox 3081 2580 3375 2641; x_wconf 91' lang='lat' dir='ltr'><strong>matrem</strong></span> 
     </span>
     <span class='ocr_line' id='line_1_18' title="bbox 553 2692 3378 2789; baseline 0.002 -31"><span class='ocrx_word' id='word_1_167' title='bbox 553 2700 859 2762; x_wconf 91' lang='lat' dir='ltr'><strong>nostram</strong></span> <span class='ocrx_word' id='word_1_168' title='bbox 877 2693 1252 2765; x_wconf 87' lang='lat' dir='ltr'><strong>Ecclesiam</strong></span> <span class='ocrx_word' id='word_1_169' title='bbox 1279 2715 1406 2765; x_wconf 90' lang='lat' dir='ltr'><strong>vos</strong></span> <span class='ocrx_word' id='word_1_170' title='bbox 1436 2704 1507 2765; x_wconf 95' lang='lat' dir='ltr'><strong>et</strong></span> <span class='ocrx_word' id='word_1_171' title='bbox 1528 2695 2053 2789; x_wconf 90' lang='lat' dir='ltr'><strong>predecessores</strong></span> <span class='ocrx_word' id='word_1_172' title='bbox 2070 2706 2341 2766; x_wconf 87' lang='lat' dir='ltr'><strong>vestros</strong></span> <span class='ocrx_word' id='word_1_173' title='bbox 2368 2694 2799 2788; x_wconf 90' lang='lat' dir='ltr'><strong>purissimam</strong></span> <span class='ocrx_word' id='word_1_174' title='bbox 2824 2714 3100 2787; x_wconf 92' lang='lat' dir='ltr'><strong>semper</strong></span> <span class='ocrx_word' id='word_1_175' title='bbox 3119 2692 3378 2764; x_wconf 90' lang='lat' dir='ltr'><strong>habere</strong></span> 
     </span>
     <span class='ocr_line' id='line_1_19' title="bbox 554 2812 3378 2914; baseline 0.002 -31"><span class='ocrx_word' id='word_1_176' title='bbox 554 2816 950 2888; x_wconf 90' lang='lat' dir='ltr'><strong>noverimus</strong></span> <span class='ocrx_word' id='word_1_177' title='bbox 979 2818 1437 2908; x_wconf 89' lang='lat' dir='ltr'><strong>voluntatem,</strong></span> <span class='ocrx_word' id='word_1_178' title='bbox 1456 2840 1584 2891; x_wconf 90' lang='lat' dir='ltr'><strong>nos</strong></span> <span class='ocrx_word' id='word_1_179' title='bbox 1617 2817 1852 2908; x_wconf 88' lang='lat' dir='ltr'><strong>etiam,</strong></span> <span class='ocrx_word' id='word_1_180' title='bbox 1886 2827 1964 2890; x_wconf 92' lang='lat' dir='ltr'><strong>ut</strong></span> <span class='ocrx_word' id='word_1_181' title='bbox 1993 2817 2082 2890; x_wconf 90' lang='lat' dir='ltr'><strong>de</strong></span> <span class='ocrx_word' id='word_1_182' title='bbox 2111 2816 2721 2913; x_wconf 88' lang='lat' dir='ltr'><strong>predecessoribus</strong></span> <span class='ocrx_word' id='word_1_183' title='bbox 2747 2816 3001 2888; x_wconf 87' lang='lat' dir='ltr'><strong>nostris</strong></span> <span class='ocrx_word' id='word_1_184' title='bbox 3025 2812 3276 2914; x_wconf 88' lang='lat' dir='ltr'><strong>[regni]</strong></span> <span class='ocrx_word' id='word_1_185' title='bbox 3305 2825 3378 2888; x_wconf 90' lang='lat' dir='ltr'><strong>et</strong></span> 
     </span>
     <span class='ocr_line' id='line_1_20' title="bbox 557 2936 3371 3043; baseline 0.002 -37"><span class='ocrx_word' id='word_1_186' title='bbox 557 2936 823 3033; x_wconf 89' lang='lat' dir='ltr'><strong>imperii</strong></span> <span class='ocrx_word' id='word_1_187' title='bbox 845 2951 1219 3031; x_wconf 81' lang='lat' dir='ltr'><strong>taceamuS,</strong></span> <span class='ocrx_word' id='word_1_188' title='bbox 1247 2941 1690 3015; x_wconf 88' lang='lat' dir='ltr'><strong>devotionem</strong></span> <span class='ocrx_word' id='word_1_189' title='bbox 1715 2942 2187 3015; x_wconf 86' lang='lat' dir='ltr'><strong>omnimodam</strong></span> <span class='ocrx_word' id='word_1_190' title='bbox 2211 2942 2303 3014; x_wconf 90' lang='lat' dir='ltr'><strong>ad</strong></span> <span class='ocrx_word' id='word_1_191' title='bbox 2336 2943 2685 3036; x_wconf 86' lang='lat' dir='ltr'><strong>profectus</strong></span> <span class='ocrx_word' id='word_1_192' title='bbox 2716 2940 3022 3012; x_wconf 87' lang='lat' dir='ltr'><strong>Ecclesie</strong></span> <span class='ocrx_word' id='word_1_193' title='bbox 3043 2962 3178 3012; x_wconf 94' lang='lat' dir='ltr'><strong>nec</strong></span> <span class='ocrx_word' id='word_1_194' title='bbox 3211 2963 3371 3043; x_wconf 85' lang='lat' dir='ltr'><strong>per-</strong></span> 
     </span>
     <span class='ocr_line' id='line_1_21' title="bbox 553 3063 3371 3162; baseline 0.002 -32"><span class='ocrx_word' id='word_1_195' title='bbox 553 3082 722 3132; x_wconf 93' lang='lat' dir='ltr'><strong>sone</strong></span> <span class='ocrx_word' id='word_1_196' title='bbox 742 3063 1094 3157; x_wconf 90' lang='lat' dir='ltr'><strong>parcendo</strong></span> <span class='ocrx_word' id='word_1_197' title='bbox 1122 3065 1474 3137; x_wconf 88' lang='lat' dir='ltr'><strong>laboribus</strong></span> <span class='ocrx_word' id='word_1_198' title='bbox 1506 3089 1635 3138; x_wconf 92' lang='lat' dir='ltr'><strong>nec</strong></span> <span class='ocrx_word' id='word_1_199' title='bbox 1654 3068 1980 3162; x_wconf 80' lang='lat' dir='ltr'><strong>expensis</strong></span> <span class='ocrx_word' id='word_1_200' title='bbox 2007 3067 2427 3159; x_wconf 81' lang='lat' dir='ltr'><strong>gesserimus</strong></span> <span class='ocrx_word' id='word_1_201' title='bbox 2457 3065 2795 3137; x_wconf 91' lang='lat' dir='ltr'><strong>hactenus</strong></span> <span class='ocrx_word' id='word_1_202' title='bbox 2823 3075 2894 3136; x_wconf 97' lang='lat' dir='ltr'><strong>et</strong></span> <span class='ocrx_word' id='word_1_203' title='bbox 2922 3065 2991 3135; x_wconf 90' lang='lat' dir='ltr'><strong>in</strong></span> <span class='ocrx_word' id='word_1_204' title='bbox 3021 3074 3371 3159; x_wconf 92' lang='lat' dir='ltr'><strong>posterum</strong></span> 
     </span>
    </p>
   </div>
   <div class='ocr_carea' id='block_1_3' title="bbox 550 3172 3508 3283">
    <p class='ocr_par' dir='ltr' id='par_1_3' title="bbox 550 3172 3508 3283">
     <span class='ocr_line' id='line_1_22' title="bbox 550 3172 3508 3283; baseline 0.002 -30"><span class='ocrx_word' id='word_1_205' title='bbox 550 3204 794 3274; x_wconf 90' lang='lat' dir='ltr'><strong>gerere</strong></span> <span class='ocrx_word' id='word_1_206' title='bbox 815 3184 1288 3279; x_wconf 77' lang='lat' dir='ltr'><strong>disponamuS,</strong></span> <span class='ocrx_word' id='word_1_207' title='bbox 1306 3188 1374 3258; x_wconf 92' lang='lat' dir='ltr'><strong>in</strong></span> <span class='ocrx_word' id='word_1_208' title='bbox 1396 3200 1734 3280; x_wconf 89' lang='lat' dir='ltr'><strong>quantum</strong></span> <span class='ocrx_word' id='word_1_209' title='bbox 1752 3189 1844 3261; x_wconf 91' lang='lat' dir='ltr'><strong>ad</strong></span> <span class='ocrx_word' id='word_1_210' title='bbox 1864 3191 2077 3261; x_wconf 91' lang='lat' dir='ltr'><strong>decus</strong></span> <span class='ocrx_word' id='word_1_211' title='bbox 2094 3199 2166 3261; x_wconf 92' lang='lat' dir='ltr'><strong>et</strong></span> <span class='ocrx_word' id='word_1_212' title='bbox 2182 3188 2679 3261; x_wconf 85' lang='lat' dir='ltr'><strong>exaltationem</strong></span> <span class='ocrx_word' id='word_1_213' title='bbox 2697 3188 3034 3260; x_wconf 90' lang='lat' dir='ltr'><strong>catholice</strong></span> <span class='ocrx_word' id='word_1_214' title='bbox 3049 3186 3209 3261; x_wconf 88' lang='lat' dir='ltr'><strong>fidei</strong></span> <span class='ocrx_word' id='word_1_215' title='bbox 3226 3210 3377 3283; x_wconf 91' lang='lat' dir='ltr'><strong>per·</strong></span> <span class='ocrx_word' id='word_1_216' title='bbox 3500 3172 3508 3183; x_wconf 63' lang='grc'><strong>’</strong></span> 
     </span>
    </p>
   </div>
   <div class='ocr_carea' id='block_1_4' title="bbox 537 3306 3375 4511">
    <p class='ocr_par' dir='ltr' id='par_1_4' title="bbox 537 3306 3375 4511">
     <span class='ocr_line' id='line_1_23' title="bbox 552 3306 3366 3405; baseline 0.002 -29"><span class='ocrx_word' id='word_1_217' title='bbox 552 3306 726 3377; x_wconf 91' lang='lat' dir='ltr'><strong>tinet</strong></span> <span class='ocrx_word' id='word_1_218' title='bbox 752 3317 824 3378; x_wconf 92' lang='lat' dir='ltr'><strong>et</strong></span> <span class='ocrx_word' id='word_1_219' title='bbox 848 3308 939 3378; x_wconf 92' lang='lat' dir='ltr'><strong>ad</strong></span> <span class='ocrx_word' id='word_1_220' title='bbox 967 3311 1568 3382; x_wconf 89' lang='lat' dir='ltr'><strong>conservationem</strong></span> <span class='ocrx_word' id='word_1_221' title='bbox 1596 3312 2216 3384; x_wconf 85' lang='lat' dir='ltr'><strong>ecclesiasticorum</strong></span> <span class='ocrx_word' id='word_1_222' title='bbox 2235 3313 2499 3402; x_wconf 88' lang='lat' dir='ltr'><strong>jurium</strong></span> <span class='ocrx_word' id='word_1_223' title='bbox 2530 3321 2601 3382; x_wconf 91' lang='lat' dir='ltr'><strong>et</strong></span> <span class='ocrx_word' id='word_1_224' title='bbox 2625 3311 3099 3383; x_wconf 79' lang='lat' dir='ltr'><strong>defensionem</strong></span> <span class='ocrx_word' id='word_1_225' title='bbox 3128 3311 3366 3405; x_wconf 89' lang='lat' dir='ltr'><strong>ipsius.</strong></span> 
     </span>
     <span class='ocr_line' id='line_1_24' title="bbox 546 3431 3375 3525; baseline 0.001 -25"><span class='ocrx_word' id='word_1_226' title='bbox 546 3431 784 3501; x_wconf 90' lang='lat' dir='ltr'><strong>Restat</strong></span> <span class='ocrx_word' id='word_1_227' title='bbox 820 3431 1031 3523; x_wconf 89' lang='lat' dir='ltr'><strong>igitur</strong></span> <span class='ocrx_word' id='word_1_228' title='bbox 1060 3442 1137 3500; x_wconf 89' lang='lat' dir='ltr'><strong>ut</strong></span> <span class='ocrx_word' id='word_1_229' title='bbox 1167 3454 1344 3524; x_wconf 91' lang='lat' dir='ltr'><strong>quos</strong></span> <span class='ocrx_word' id='word_1_230' title='bbox 1376 3433 1576 3503; x_wconf 91' lang='lat' dir='ltr'><strong>simul</strong></span> <span class='ocrx_word' id='word_1_231' title='bbox 1608 3434 1796 3505; x_wconf 91' lang='lat' dir='ltr'><strong>illata</strong></span> <span class='ocrx_word' id='word_1_232' title='bbox 1825 3434 2190 3525; x_wconf 70' lang='lat' dir='ltr'><strong>conjunxit</strong></span> <span class='ocrx_word' id='word_1_233' title='bbox 2221 3433 2502 3524; x_wconf 87' lang='lat' dir='ltr'><strong>injuria,</strong></span> <span class='ocrx_word' id='word_1_234' title='bbox 2540 3432 2822 3503; x_wconf 89' lang='lat' dir='ltr'><strong>eosdem</strong></span> <span class='ocrx_word' id='word_1_235' title='bbox 2851 3434 3174 3503; x_wconf 83' lang='lat' dir='ltr'><strong>voluntas</strong></span> <span class='ocrx_word' id='word_1_236' title='bbox 3203 3454 3375 3504; x_wconf 89' lang='lat' dir='ltr'><strong>una·</strong></span> 
     </span>
     <span class='ocr_line' id='line_1_25' title="bbox 547 3553 3373 3647; baseline 0.001 -25"><span class='ocrx_word' id='word_1_237' title='bbox 547 3553 752 3624; x_wconf 92' lang='lat' dir='ltr'><strong>nimis</strong></span> <span class='ocrx_word' id='word_1_238' title='bbox 791 3554 884 3625; x_wconf 89' lang='lat' dir='ltr'><strong>ad</strong></span> <span class='ocrx_word' id='word_1_239' title='bbox 931 3553 1268 3626; x_wconf 90' lang='lat' dir='ltr'><strong>honorem</strong></span> <span class='ocrx_word' id='word_1_240' title='bbox 1314 3557 1437 3627; x_wconf 92' lang='lat' dir='ltr'><strong>Dei</strong></span> <span class='ocrx_word' id='word_1_241' title='bbox 1491 3566 1560 3627; x_wconf 91' lang='lat' dir='ltr'><strong>et</strong></span> <span class='ocrx_word' id='word_1_242' title='bbox 1598 3557 1903 3627; x_wconf 91' lang='lat' dir='ltr'><strong>Ecclesie</strong></span> <span class='ocrx_word' id='word_1_243' title='bbox 1935 3555 2280 3647; x_wconf 90' lang='lat' dir='ltr'><strong>generalis</strong></span> <span class='ocrx_word' id='word_1_244' title='bbox 2317 3555 2390 3625; x_wconf 92' lang='lat' dir='ltr'><strong>in</strong></span> <span class='ocrx_word' id='word_1_245' title='bbox 2426 3554 2842 3644; x_wconf 86' lang='lat' dir='ltr'><strong>dignitatum</strong></span> <span class='ocrx_word' id='word_1_246' title='bbox 2875 3564 3266 3626; x_wconf 91' lang='lat' dir='ltr'><strong>nostrarum</strong></span> <span class='ocrx_word' id='word_1_247' title='bbox 3300 3565 3373 3626; x_wconf 91' lang='lat' dir='ltr'><strong>et</strong></span> 
     </span>
     <span class='ocr_line' id='line_1_26' title="bbox 537 3675 3372 3772; baseline 0.001 -26"><span class='ocrx_word' id='word_1_248' title='bbox 537 3675 797 3766; x_wconf 89' lang='lat' dir='ltr'><strong>jurium</strong></span> <span class='ocrx_word' id='word_1_249' title='bbox 831 3678 1388 3750; x_wconf 88' lang='lat' dir='ltr'><strong>observationem</strong></span> <span class='ocrx_word' id='word_1_250' title='bbox 1422 3682 1824 3772; x_wconf 87' lang='lat' dir='ltr'><strong>conjungat.</strong></span> <span class='ocrx_word' id='word_1_251' title='bbox 1864 3680 2008 3751; x_wconf 91' lang='lat' dir='ltr'><strong>Nos</strong></span> <span class='ocrx_word' id='word_1_252' title='bbox 2039 3679 2294 3749; x_wconf 89' lang='lat' dir='ltr'><strong>etenim</strong></span> <span class='ocrx_word' id='word_1_253' title='bbox 2330 3676 2874 3749; x_wconf 88' lang='lat' dir='ltr'><strong>incommutabili</strong></span> <span class='ocrx_word' id='word_1_254' title='bbox 2914 3677 3269 3771; x_wconf 90' lang='lat' dir='ltr'><strong>proposito</strong></span> <span class='ocrx_word' id='word_1_255' title='bbox 3299 3689 3372 3750; x_wconf 91' lang='lat' dir='ltr'><strong>et</strong></span> 
     </span>
     <span class='ocr_line' id='line_1_27' title="bbox 547 3796 3367 3896; baseline 0.001 -29"><span class='ocrx_word' id='word_1_256' title='bbox 547 3796 744 3870; x_wconf 88' lang='lat' dir='ltr'><strong>firma</strong></span> <span class='ocrx_word' id='word_1_257' title='bbox 771 3797 1219 3894; x_wconf 90' lang='lat' dir='ltr'><strong>concepimus</strong></span> <span class='ocrx_word' id='word_1_258' title='bbox 1247 3803 1607 3873; x_wconf 86' lang='lat' dir='ltr'><strong>voluntate</strong></span> <span class='ocrx_word' id='word_1_259' title='bbox 1642 3802 2045 3896; x_wconf 87' lang='lat' dir='ltr'><strong>temporalia</strong></span> <span class='ocrx_word' id='word_1_260' title='bbox 2069 3802 2229 3893; x_wconf 84' lang='lat' dir='ltr'><strong>jura</strong></span> <span class='ocrx_word' id='word_1_261' title='bbox 2264 3809 2332 3872; x_wconf 91' lang='lat' dir='ltr'><strong>et</strong></span> <span class='ocrx_word' id='word_1_262' title='bbox 2364 3800 2736 3893; x_wconf 86' lang='lat' dir='ltr'><strong>dignitates</strong></span> <span class='ocrx_word' id='word_1_263' title='bbox 2769 3808 3040 3870; x_wconf 90' lang='lat' dir='ltr'><strong>nostras</strong></span> <span class='ocrx_word' id='word_1_264' title='bbox 3071 3799 3367 3871; x_wconf 90' lang='lat' dir='ltr'><strong>inviola-</strong></span> 
     </span>
     <span class='ocr_line' id='line_1_28' title="bbox 545 3920 3369 4014; baseline 0.001 -23"><span class='ocrx_word' id='word_1_265' title='bbox 545 3920 776 3993; x_wconf 92' lang='lat' dir='ltr'><strong>biliter</strong></span> <span class='ocrx_word' id='word_1_266' title='bbox 806 3945 1247 4014; x_wconf 89' lang='lat' dir='ltr'><strong>conservare,</strong></span> <span class='ocrx_word' id='word_1_267' title='bbox 1270 3934 1341 3995; x_wconf 93' lang='lat' dir='ltr'><strong>et</strong></span> <span class='ocrx_word' id='word_1_268' title='bbox 1367 3925 1853 3997; x_wconf 89' lang='lat' dir='ltr'><strong>nichilominus</strong></span> <span class='ocrx_word' id='word_1_269' title='bbox 1877 3934 2188 3995; x_wconf 87' lang='lat' dir='ltr'><strong>sanctam</strong></span> <span class='ocrx_word' id='word_1_270' title='bbox 2216 3923 2596 3995; x_wconf 88' lang='lat' dir='ltr'><strong>Romanam</strong></span> <span class='ocrx_word' id='word_1_271' title='bbox 2624 3921 2998 3997; x_wconf 86' lang='lat' dir='ltr'><strong>Ecclesiam</strong></span> <span class='ocrx_word' id='word_1_272' title='bbox 3028 3921 3119 3992; x_wconf 91' lang='lat' dir='ltr'><strong>ad</strong></span> <span class='ocrx_word' id='word_1_273' title='bbox 3153 3921 3369 3994; x_wconf 91' lang='lat' dir='ltr'><strong>hono-</strong></span> 
     </span>
     <span class='ocr_line' id='line_1_29' title="bbox 547 4045 3365 4143; baseline 0.001 -30"><span class='ocrx_word' id='word_1_274' title='bbox 547 4065 693 4114; x_wconf 90' lang='lat' dir='ltr'><strong>rem</strong></span> <span class='ocrx_word' id='word_1_275' title='bbox 727 4047 853 4118; x_wconf 90' lang='lat' dir='ltr'><strong>Dei</strong></span> <span class='ocrx_word' id='word_1_276' title='bbox 888 4058 959 4119; x_wconf 92' lang='lat' dir='ltr'><strong>et</strong></span> <span class='ocrx_word' id='word_1_277' title='bbox 990 4047 1327 4120; x_wconf 88' lang='lat' dir='ltr'><strong>catholice</strong></span> <span class='ocrx_word' id='word_1_278' title='bbox 1359 4046 1522 4119; x_wconf 84' lang='lat' dir='ltr'><strong>fidei</strong></span> <span class='ocrx_word' id='word_1_279' title='bbox 1559 4048 1631 4119; x_wconf 92' lang='lat' dir='ltr'><strong>in</strong></span> <span class='ocrx_word' id='word_1_280' title='bbox 1662 4049 2131 4143; x_wconf 89' lang='lat' dir='ltr'><strong>spiritualibus</strong></span> <span class='ocrx_word' id='word_1_281' title='bbox 2163 4046 2497 4135; x_wconf 90' lang='lat' dir='ltr'><strong>revereri,</strong></span> <span class='ocrx_word' id='word_1_282' title='bbox 2529 4045 2865 4138; x_wconf 89' lang='lat' dir='ltr'><strong>vobisque</strong></span> <span class='ocrx_word' id='word_1_283' title='bbox 2892 4045 2964 4114; x_wconf 94' lang='lat' dir='ltr'><strong>in</strong></span> <span class='ocrx_word' id='word_1_284' title='bbox 2993 4066 3365 4117; x_wconf 87' lang='lat' dir='ltr'><strong>conserva·</strong></span> 
     </span>
     <span class='ocr_line' id='line_1_30' title="bbox 549 4166 3366 4265; baseline 0.001 -29"><span class='ocrx_word' id='word_1_285' title='bbox 549 4166 733 4239; x_wconf 89' lang='lat' dir='ltr'><strong>tione</strong></span> <span class='ocrx_word' id='word_1_286' title='bbox 770 4171 1248 4265; x_wconf 90' lang='lat' dir='ltr'><strong>temporalium</strong></span> <span class='ocrx_word' id='word_1_287' title='bbox 1282 4171 1543 4264; x_wconf 86' lang='lat' dir='ltr'><strong>jurium</strong></span> <span class='ocrx_word' id='word_1_288' title='bbox 1581 4181 1651 4242; x_wconf 90' lang='lat' dir='ltr'><strong>et</strong></span> <span class='ocrx_word' id='word_1_289' title='bbox 1681 4171 2095 4263; x_wconf 87' lang='lat' dir='ltr'><strong>dignitatum</strong></span> <span class='ocrx_word' id='word_1_290' title='bbox 2136 4180 2525 4241; x_wconf 87' lang='lat' dir='ltr'><strong>vestrarum</strong></span> <span class='ocrx_word' id='word_1_291' title='bbox 2574 4177 2896 4263; x_wconf 91' lang='lat' dir='ltr'><strong>potenter</strong></span> <span class='ocrx_word' id='word_1_292' title='bbox 2933 4168 3253 4239; x_wconf 88' lang='lat' dir='ltr'><strong>assistere</strong></span> <span class='ocrx_word' id='word_1_293' title='bbox 3294 4178 3366 4240; x_wconf 93' lang='lat' dir='ltr'><strong>et</strong></span> 
     </span>
     <span class='ocr_line' id='line_1_31' title="bbox 543 4290 3365 4387; baseline 0.002 -29"><span class='ocrx_word' id='word_1_294' title='bbox 543 4298 885 4381; x_wconf 89' lang='lat' dir='ltr'><strong>patenter,</strong></span> <span class='ocrx_word' id='word_1_295' title='bbox 906 4303 1113 4387; x_wconf 91' lang='lat' dir='ltr'><strong>prout</strong></span> <span class='ocrx_word' id='word_1_296' title='bbox 1136 4314 1228 4365; x_wconf 91' lang='lat' dir='ltr'><strong>ex</strong></span> <span class='ocrx_word' id='word_1_297' title='bbox 1251 4305 1602 4365; x_wconf 90' lang='lat' dir='ltr'><strong>contracte</strong></span> <span class='ocrx_word' id='word_1_298' title='bbox 1623 4294 1904 4365; x_wconf 88' lang='lat' dir='ltr'><strong>vinculo</strong></span> <span class='ocrx_word' id='word_1_299' title='bbox 1931 4291 2511 4365; x_wconf 80' lang='lat' dir='ltr'><strong>confederationis</strong></span> <span class='ocrx_word' id='word_1_300' title='bbox 2536 4290 2982 4382; x_wconf 86' lang='lat' dir='ltr'><strong>astringimur</strong></span> <span class='ocrx_word' id='word_1_301' title='bbox 3001 4305 3073 4363; x_wconf 91' lang='lat' dir='ltr'><strong>et</strong></span> <span class='ocrx_word' id='word_1_302' title='bbox 3097 4291 3365 4363; x_wconf 88' lang='lat' dir='ltr'><strong>sincere</strong></span> 
     </span>
     <span class='ocr_line' id='line_1_32' title="bbox 539 4409 3368 4511; baseline 0.002 -31"><span class='ocrx_word' id='word_1_303' title='bbox 539 4409 851 4484; x_wconf 91' lang='lat' dir='ltr'><strong>debitum</strong></span> <span class='ocrx_word' id='word_1_304' title='bbox 879 4414 1260 4489; x_wconf 84' lang='lat' dir='ltr'><strong>affectionis</strong></span> <span class='ocrx_word' id='word_1_305' title='bbox 1291 4416 1630 4511; x_wconf 91' lang='lat' dir='ltr'><strong>exposcit.</strong></span> <span class='ocrx_word' id='word_1_306' title='bbox 1668 4416 1904 4488; x_wconf 85' lang='lat' dir='ltr'><strong>Clarus</strong></span> <span class='ocrx_word' id='word_1_307' title='bbox 1936 4415 2193 4486; x_wconf 92' lang='lat' dir='ltr'><strong>etenim</strong></span> <span class='ocrx_word' id='word_1_308' title='bbox 2222 4424 2293 4485; x_wconf 92' lang='lat' dir='ltr'><strong>et</strong></span> <span class='ocrx_word' id='word_1_309' title='bbox 2320 4414 2608 4486; x_wconf 86' lang='lat' dir='ltr'><strong>evidens</strong></span> <span class='ocrx_word' id='word_1_310' title='bbox 2639 4414 3141 4487; x_wconf 90' lang='lat' dir='ltr'><strong>demonstrabit</strong></span> <span class='ocrx_word' id='word_1_311' title='bbox 3168 4416 3368 4487; x_wconf 84' lang='lat' dir='ltr'><strong>effec-</strong></span> 
     </span>
    </p>
   </div>
   <div class='ocr_carea' id='block_1_5' title="bbox 573 4668 3042 4832">
    <p class='ocr_par' dir='ltr' id='par_1_5' title="bbox 573 4668 3042 4832">
     <span class='ocr_line' id='line_1_33' title="bbox 612 4668 3042 4749; baseline 0.004 -27"><span class='ocrx_word' id='word_1_312' title='bbox 612 4668 687 4741; x_wconf 74' lang='lat' dir='ltr'><strong>(t)</strong></span> <span class='ocrx_word' id='word_1_313' title='bbox 725 4670 916 4743; x_wconf 78' lang='lat' dir='ltr'><strong>Agitur</strong></span> <span class='ocrx_word' id='word_1_314' title='bbox 937 4672 1006 4731; x_wconf 84' lang='lat' dir='ltr'><strong>de</strong></span> <span class='ocrx_word' id='word_1_315' title='bbox 1033 4672 1295 4746; x_wconf 79' lang='lat' dir='ltr'><strong>legatione</strong></span> <span class='ocrx_word' id='word_1_316' title='bbox 1317 4675 1471 4747; x_wconf 78' lang='lat' dir='ltr'><strong>cujus</strong></span> <span class='ocrx_word' id='word_1_317' title='bbox 1491 4675 1545 4731; x_wconf 87' lang='lat' dir='ltr'><strong>in</strong></span> <span class='ocrx_word' id='word_1_318' title='bbox 1571 4673 1887 4748; x_wconf 76' lang='lat' dir='ltr'><strong>responsiva</strong></span> <span class='ocrx_word' id='word_1_319' title='bbox 1910 4687 2087 4748; x_wconf 82' lang='lat' dir='ltr'><strong>papae</strong></span> <span class='ocrx_word' id='word_1_320' title='bbox 2114 4671 2318 4731; x_wconf 85' lang='lat' dir='ltr'><strong>mentio</strong></span> <span class='ocrx_word' id='word_1_321' title='bbox 2348 4670 2467 4729; x_wconf 69' lang='lat' dir='ltr'><strong>mit.</strong></span> <span class='ocrx_word' id='word_1_322' title='bbox 2495 4671 2577 4730; x_wconf 75' lang='lat' dir='ltr'><strong>ct.</strong></span> <span class='ocrx_word' id='word_1_323' title='bbox 2601 4688 2796 4749; x_wconf 82' lang='lat' dir='ltr'><strong>supra,</strong></span> <span class='ocrx_word' id='word_1_324' title='bbox 2823 4691 2884 4748; x_wconf 88' lang='lat' dir='ltr'><strong>p.</strong></span> <span class='ocrx_word' id='word_1_325' title='bbox 2914 4676 3042 4732; x_wconf 67' lang='lat' dir='ltr'><strong>tet.</strong></span> 
     </span>
     <span class='ocr_line' id='line_1_34' title="bbox 573 4767 3041 4832; baseline 0.001 -2"><span class='ocrx_word' id='word_1_326' title='bbox 573 4814 580 4815; x_wconf 24' lang='lat' dir='ltr'><em>ff</em></span> <span class='ocrx_word' id='word_1_327' title='bbox 696 4767 809 4832; x_wconf 79' lang='lat' dir='ltr'><strong>vl.</strong></span> <span class='ocrx_word' id='word_1_328' title='bbox 2965 4780 3041 4832; x_wconf 79' lang='lat' dir='ltr'><strong>eo</strong></span> 
     </span>
    </p>
   </div>
  </div>
 </body>
</html>
