4364 5738
1022 545 1147 608 470
2019 550 2449 618 nmmum
2498 555 2846 619 stonum
3455 562 3622 642 [An.
3658 562 3837 625 12⁴6.

1129 1112 1497 1198 Henricus
1555 1113 1907 1226 [Raspo]‚
1982 1116 2504 1201 Romanorum
2566 1145 2699 1202 rex
2722 1180 2745 1224 ,
2802 1119 3364 1229 archiepiscopo
3425 1118 3835 1202 Ravennati

1022 1245 1226 1328 fideli
1293 1271 1434 1329 suo
1487 1250 1802 1330 mandat
1860 1260 1949 1333 ut
2016 1249 2221 1334 viros
2278 1250 2574 1334 nobiles
2624 1252 2721 1334 de
2774 1252 3118 1362 partibus
3167 1251 3659 1335 Romaniolae
3702 1277 3838 1361 per

1021 1377 1490 1462 Fridericum
1544 1381 1937 1490 quondam
2008 1381 2543 1493 imperatorem
2595 1383 2870 1495 ejectos
2936 1386 3036 1467 ad
3088 1385 3645 1495 recuperandas
3714 1408 3836 1467 res

1024 1534 1206 1593 suas
1255 1510 1691 1620 confoveat,
1745 1539 1986 1623 quum
2041 1513 2205 1624 ipse
2259 1515 2338 1598 in
2399 1515 2610 1601 brevi
2670 1543 2810 1627 pro
2864 1517 3171 1629 negotio
3233 1517 3834 1602 bombardorum

1022 1668 1249 1751 agere
1280 1643 1661 1753 disponat.

1185 1882 1377 1965 (Edit.
1407 1903 1503 1964 ap.
1535 1885 1881 1963 Rarum„
1910 1885 2133 1952 annal.
2163 1885 2374 1958 mla„
2406 1889 2485 1951 ad
2509 1906 2648 1952 ann.
2693 1898 2871 1964 1246,
2900 1886 2948 1973 S
2979 1891 3057 1969 X,
3082 1907 3117 1951 e
3144 1892 3402 1962 Euam,
3432 1891 3582 1951 Fut.
3614 1891 3836 1951 Rauen·

1261 1998 1414 2068 nat,
1445 1991 1549 2054 lib.
1573 1992 1709 2071 vl.)

1123 2208 1485 2294 Henricus‚
1506 2206 1631 2278 Dei
1662 2206 1883 2299 gratia
1908 2207 2375 2279 Romanorum
2406 2229 2534 2279 rex
2568 2228 2844 2303 semper
2873 2217 3234 2300 augustus,
3262 2208 3515 2280 dilecto
3543 2208 3835 2304 principi

1025 2351 1155 2402 suo
1218 2329 1596 2403 venerabili
1655 2329 1832 2425 patri
1891 2329 2406 2426 archiepiscopo
2457 2331 2842 2402 Ravennati
2891 2330 3186 2422 gratiam
3250 2351 3448 2402 suam
3504 2341 3576 2403 et
3629 2352 3835 2403 omne

1021 2452 1311 2525 bonum.
1336 2455 1504 2526 Cum
1533 2451 1715 2523 inter
1739 2463 2009 2524 ceteros
2036 2453 2277 2525 mundi
2312 2455 2613 2549 prelatos
2639 2454 2733 2525 sis
2760 2455 3151 2525 membrum
3177 2454 3352 2525 sacri
3383 2452 3654 2549 imperii
3684 2475 3838 2549 spe·

1024 2576 1235 2667 ciale,
1273 2575 1704 2649 honestatem
1753 2586 1940 2647 tuam
1988 2576 2195 2648 decet
2242 2577 2485 2649 merito
2534 2599 2685 2649 esse
2726 2576 3089 2649 sollicitam
3137 2587 3207 2648 et
3246 2577 3583 2647 intentam
3624 2576 3714 2648 ad
3754 2598 3837 2648 ea

1025 2722 1163 2795 que
1192 2712 1572 2773 noscuntur
1600 2700 1691 2771 ad
1724 2700 2228 2796 promotionem
2259 2701 2696 2792 negotiorum
2721 2699 3029 2772 Ecclesie
3062 2709 3134 2771 et
3163 2700 3431 2795 imperii
3461 2700 3830 2795 pertinere.

1023 2825 1405 2921 Specialem
1430 2825 1663 2917 itaque
1691 2845 1900 2920 super
1930 2845 2013 2896 ea
2046 2824 2135 2896 de
2164 2833 2233 2895 te
2262 2821 2589 2896 fiduciam
2620 2822 3035 2911 detinenteS‚
3055 2844 3149 2896 ex
3173 2823 3515 2920 probitate
3542 2844 3835 2920 persone

1025 2959 1143 3020 tue
1176 2949 1479 3020 maxime
1509 2947 1761 3021 nostris
1788 2947 2072 3018 auribus
2103 2946 2459 3037 instillata,
2482 2947 2924 3019 devotionem
2959 2956 3147 3019 tuam
3178 2947 3587 3040 requirimus
3613 2958 3837 3019 atten-

1026 3070 1163 3142 tius
1195 3081 1264 3141 et
1291 3090 1653 3142 monemus
1684 3079 2029 3162 quatenus
2060 3070 2246 3142 viros
2279 3071 2549 3142 nobiles
2580 3070 2699 3162 qui
2742 3071 2831 3142 de
2863 3070 3209 3160 Arimino,
3245 3071 3570 3142 Ravenna
3603 3082 3675 3142 et
3705 3071 3830 3143 Fa·

1022 3193 1257 3266 ventia
1297 3202 1366 3263 et
1401 3192 1553 3264 aliis
1595 3192 1988 3263 civitatibus
2029 3203 2098 3263 et
2133 3195 2375 3266 castris
2416 3192 2818 3266 Romaniole
2860 3215 2986 3289 per
3019 3193 3458 3265 Fredericum
3484 3193 3833 3287 quondam

932 3318 938 3327 '
1023 3317 1509 3410 imperatorem
1544 3325 1709 3387 tunc
1732 3336 1940 3409 super
1969 3337 2089 3387 eos
2116 3326 2519 3409 regnantem
2549 3339 2641 3388 ex
2668 3316 2988 3389 domibus
3017 3318 3310 3413 propriis
3337 3326 3501 3389 sunt
3527 3318 3730 3409 ejecti
3754 3338 3834 3389 ac

1022 3439 1224 3512 bonis
1257 3440 1578 3513 omnibus
1613 3440 1920 3535 spoliati,
1952 3450 2289 3533 quantum
2324 3441 2456 3512 scis
2498 3451 2568 3512 et
2602 3451 2834 3536 poteS‚
2869 3441 3126 3513 debeas
3156 3441 3443 3514 consilio
3475 3450 3545 3512 et
3575 3441 3832 3513 auxilio

1023 3565 1395 3638 confovere
1440 3584 1523 3635 ac
1572 3583 1692 3634 eos
1734 3562 2103 3634 efficaciter
2138 3563 2467 3636 inducere
2512 3586 2650 3637 non
2695 3564 2971 3636 desinas
3006 3575 3086 3636 ut
3125 3564 3256 3660 ipsi
3297 3564 3716 3636 unanimiter
3743 3563 3833 3637 ad

1021 3687 1497 3759 confusionem
1524 3707 1807 3757 suorum
1838 3686 2272 3758 inimicorum
2306 3696 2377 3757 et
2409 3687 3001 3780 recuperationem
3023 3709 3264 3759 rerum
3299 3709 3580 3759 suarum
3611 3709 3829 3781 quan·

1024 3996 1096 4053 du
1124 3993 1437 4067 parchemin
1470 3990 1785 4064 vingt-deux
1824 3998 1971 4048 trous
2009 3990 2247 4047 destines
2268 3990 2301 4048 a
2327 3992 2571 4048 recevoir
2600 3991 2677 4048 les
2705 3991 2815 4048 laea
2842 3990 2910 4048 de
2933 3991 3250 4065 vingbdenx
3278 4006 3494 4048 soeaux.
3520 3990 3655 4047 Mais
3678 3989 3714 4045 il
3737 3988 3829 4062 n'y

1023 4108 1056 4148 a
1075 4092 1197 4166 plus
1217 4109 1324 4165 que
1348 4092 1514 4147 douze
1539 4087 1857 4146 cordelettes
1884 4087 1952 4144 de
1974 4088 2232 4160 chaum,
2246 4076 2430 4145 'tantdt
2456 4088 2735 4161 blanchae,
2760 4087 2937 4144 tantot
2957 4095 3161 4153 vertes,
3185 4090 3323 4145 dans
3343 4088 3397 4144 la
3418 4089 3590 4161 partie
3607 4085 3823 4159 gauche.

1024 4190 1132 4244 Des
1157 4187 1446 4260 fragments
1484 4186 1552 4243 de
1584 4200 1778 4243 sceaux
1812 4199 1881 4242 en
1908 4186 2020 4242 cire
2043 4183 2270 4241 blanche
2304 4184 2565 4242 adherent
2599 4200 2794 4241 encore
2821 4182 2854 4240 a
2887 4184 2942 4241 la
2971 4184 3204 4241 seconde
3233 4192 3289 4241 et
3321 4184 3352 4240 a
3376 4184 3427 4241 la
3455 4183 3728 4241 troisieme
3760 4183 3828 4239 de

1022 4299 1117 4341 ces
1152 4284 1491 4341 cordelettes.
1531 4283 1827 4340 Au-deoeua
1858 4282 1932 4339 du
1961 4281 2192 4356 premier
2226 4296 2383 4338 sceau
2422 4297 2493 4340 on
2524 4281 2586 4337 lit
2614 4298 2629 4336 ι
2667 4279 2999 4338 Smeswlhoe
3032 4281 3330 4354 Cumania
3359 4298 3374 4336 z
3404 4295 3470 4338 ce
3494 4279 3586 4353 qui
3612 4278 3826 4352 designa

1024 4378 1383 4436 evidemment
1407 4377 1458 4433 le
1485 4377 1591 4433 sire
1622 4378 1692 4434 de
1719 4377 1993 4449 Joinville;
2024 4377 2310 4434 au-dessus
2336 4377 2406 4433 du
2448 4376 2644 4434 second
2675 4395 2688 4433 :
2722 4377 2768 4435 G
2774 4418 2930 4435 .......
2969 4376 3031 4433 de
3062 4376 3416 4440 Beollemont:
3444 4378 3732 4435 au-desaus
3754 4376 3826 4431 du

1022 4474 1298 4532 troiaieme
1330 4492 1344 4529 :
1381 4513 1535 4531 .......
1563 4472 1626 4529 do
1659 4473 1857 4529 Valeri.
1891 4474 2114 4530 Aucune
2142 4479 2284 4531 trace
2310 4474 2592 4531 d’ecriture
2626 4473 2926 4547 n'apparatt
2961 4474 3253 4530 au-dessus
3280 4473 3377 4530 des
3402 4479 3583 4529 autres
3609 4487 3820 4529 sceaux.

1020 4571 1120 4630 Cet
1145 4569 1471 4644 exemplaire
1502 4570 1631 4627 etait
1658 4572 1918 4643 peut-etro
1943 4570 2082 4628 celui
2107 4571 2200 4644 qui
2227 4571 2357 4628 etait
2387 4571 2597 4629 destino
2626 4570 2659 4628 a
2699 4571 2835 4628 taire
2880 4585 3081 4643 preuve
3118 4586 3256 4643 pour
3289 4569 3339 4626 la
3366 4569 3737 4642 champagne,
3773 4573 3826 4625 et

1025 4675 1131 4734 l'on
1158 4674 1251 4749 n'y
1278 4687 1414 4730 aura
1440 4671 1657 4745 dedgne
1682 4673 2156 4730 nominativement
2185 4689 2290 4746 que
2315 4673 2395 4731 les
2418 4674 2549 4731 trois
2571 4673 2771 4731 barone
2793 4673 2886 4746 qui
2914 4671 3317 4745 appmnaient
3339 4672 3374 4728 a
3394 4680 3538 4728 cette
3554 4670 3821 4744 province.
