4364 5738
1009 599 1138 659 274
1947 577 1950 580 ’
2011 597 2445 663 mnrium
2495 597 2840 664 saeuum
3444 599 3609 677 [Aa.
3646 598 3824 660 12⁴5.

1018 755 1197 813 cum
1270 731 1433 812 sine
1494 755 1754 812 rerum
1819 756 2128 813 suarum
2196 733 2591 842 dispendio
2658 759 2703 815 a
2764 730 3221 816 Lombardia
3284 730 3625 840 elongari
3678 755 3834 815 non

1018 864 1294 971 possit,
1338 862 1784 956 mandatut
1821 864 1919 944 ad
1956 890 2036 946 se
2083 865 2161 945 in
2208 865 2505 948 Italiam
2549 891 2727 948 cum
2776 874 2998 974 nepte
3045 864 3285 973 ipsius
3337 862 3595 945 futura
3643 888 3837 946 con-

1022 1006 1221 1079 sorte
1271 1022 1410 1078 sua
1459 995 1919 1104 caeterisque
1981 997 2449 1107 principibus
2510 998 2798 1104 veniat,
2869 998 2966 1081 de
3019 997 3165 1080 isto
3219 994 3702 1079 matrimonio
3764 1007 3839 1078 et

1024 1129 1192 1211 aliis
1227 1129 1524 1236 imperii
1562 1129 1886 1238 negotiis
1923 1132 2364 1213 tractandis.

1186 1341 1422 1420 (Inedtt.
1453 1357 1529 1402 ex
1558 1341 1690 1401 cod.
1721 1340 1869 1402 bibl.
1901 1339 2100 1403 Cesar.
2132 1343 2388 1407 vindob.
2416 1341 2661 1420 Philet„
2688 1354 2756 1405 n⁰
2785 1353 2925 1420 805,
2955 1343 3059 1404 fol.
3094 1353 3208 1404 129
3236 1358 3502 1404 vet-soe·
3521 1339 3671 1403 Coll.
3700 1358 3837 1402 cum

1258 1449 1573 1525 integriore
1592 1451 1759 1524 copia
1786 1449 1849 1507 tn
1878 1447 2059 1510 altero
2085 1450 2218 1512 cod.
2250 1451 2390 1513 ibid.
2422 1448 2667 1529 Phaet„
2696 1461 2768 1513 n·
2797 1461 2899 1524 61,
2926 1449 2974 1512 t.
2998 1459 3073 1512 54
3105 1448 3313 1527 recto.)

1118 1632 1541 1721 FridericuS,
1591 1641 1760 1723 etc„
1814 1632 1972 1706 duci
2028 1634 2306 1707 Austrie
2329 1688 2349 1725 ,
2401 1646 2533 1708 etc.
2587 1637 2795 1708 Grate
2840 1635 3045 1708 valde
3094 1634 3378 1708 culmini
3432 1644 3666 1707 nostro
3722 1644 3834 1706 tue

1022 1757 1248 1827 littere
1283 1766 1777 1850 pervenerunt,
1814 1758 1884 1827 in
1913 1759 2168 1850 quibus
2198 1781 2293 1830 ex
2320 1780 2573 1853 magna
2605 1759 2999 1831 sinceritate
3034 1769 3151 1829 tue
3184 1757 3348 1830 fidei
3375 1767 3610 1830 nostre
3637 1757 3835 1829 celsi-

1026 1879 1247 1951 tudini
1301 1880 1576 1951 suasisti
1624 1890 1707 1951 ut
1759 1882 1883 1951 tibi
1939 1883 2325 1975 ceterisque
2379 1885 2804 1979 principibus
2857 1884 2977 1978 qui
3027 1883 3361 1955 honorem
3402 1891 3716 1953 nostrum
3769 1890 3838 1952 et

1021 2004 1294 2098 imperii
1337 2004 1626 2076 sinceris
1681 2004 2042 2077 affectibus
2089 2008 2630 2101 amplectuntur,
2690 2008 2782 2079 ad
2837 2006 3273 2079 tractandum
3326 2027 3486 2077 cum
3541 1995 3708 2100 ipsis
3750 2002 3837 2075 de

1023 2128 1277 2201 nostris
1306 2128 1601 2221 negotiis
1640 2129 1831 2224 apud
1862 2130 2199 2202 Villacum
2228 2128 2334 2226 (l)
2377 2131 2722 2227 presentie
2759 2141 2994 2202 nostre
3037 2130 3305 2225 copiam
3351 2128 3832 2225 preberemus3

1021 2252 1385 2345 presertim
1434 2274 1595 2324 cum
1656 2252 2000 2346 principes
2049 2254 2310 2325 ibidem
2359 2255 2723 2327 nobiscum
2775 2252 3140 2326 commode
3190 2251 3383 2345 loqui
3424 2260 3746 2347 possent,
3771 2261 3838 2323 et

1025 2375 1331 2447 tractatis
1363 2375 1625 2449 eisdem
1656 2377 1953 2468 negotiis
1987 2398 2346 2471 possemus
2373 2401 2412 2450 e
2435 2379 2663 2451 vicino
2699 2377 3131 2452 commodius
3168 2385 3482 2470 repetere
3512 2374 3835 2447 Lombar·

1024 2499 1234 2571 diam.
1279 2498 1450 2570 Cum
1481 2498 1691 2590 igitur
1726 2508 1921 2570 tuum
1953 2501 2321 2572 consilium
2358 2502 2551 2594 quod
2582 2524 2759 2595 pura
2793 2500 2968 2574 fides
2995 2522 3091 2572 ex
3114 2498 3324 2572 corde
3359 2498 3579 2572 edidit
3608 2507 3679 2570 et
3706 2497 3837 2570 cir-

1026 2631 1423 2716 cumspecta
1471 2622 1646 2693 ratio
1700 2622 2096 2712 comitatur,
2160 2633 2351 2697 tanto
2400 2625 2745 2697 salubrius
2781 2624 3250 2719 approbemus
3298 2633 3561 2717 quanto
3616 2620 3835 2695 since-

1026 2746 1278 2820 riorem
1308 2745 1519 2819 animi
1553 2757 1817 2820 motum
1846 2747 1917 2818 in
1947 2748 2435 2842 persuadendo
2467 2750 2961 2844 perpendimus
2994 2749 3381 2840 suadentis,
3411 2747 3577 2841 quia
3613 2757 3837 2819 tamen

1027 2869 1323 2963 qualitas
1364 2871 1464 2943 rei
1505 2881 1577 2944 et
1613 2872 1940 2965 temporis
1977 2895 2104 2944 nos
2136 2894 2177 2944 a
2209 2873 2618 2946 Lombardie
2655 2873 2967 2967 partibus
3002 2873 3307 2966 elongari
3347 2872 3437 2944 ad
3480 2871 3837 2943 transitum

1027 2991 1309 3086 Alpium
1341 2993 1487 3064 sine
1523 2994 1719 3084 gravi
1751 2993 2034 3065 honoris
2074 2995 2290 3066 nostri
2328 3006 2400 3066 et
2435 3017 2667 3068 rerum
2699 2995 3064 3089 dispendio
3099 3017 3241 3067 non
3276 2993 3643 3090 permittit,
3682 3013 3837 3088 pre·

1032 3115 1268 3186 sertim
1317 3136 1476 3187 cum
1529 3117 1825 3187 rebelles
1875 3117 2089 3189 nostri
2147 3139 2324 3211 quos
2374 3118 2680 3212 potentie
2732 3129 2962 3192 nostre
3017 3118 3365 3213 presentia
3415 3116 3722 3189 concutit
3772 3124 3839 3186 et

1035 3245 1382 3327 exterret,
1417 3259 1544 3332 per
1587 3238 1971 3311 absentiam
2008 3251 2317 3312 nostram
2359 3242 2572 3313 robur
2611 3250 3041 3313 resumerent
3068 3241 3455 3313 animorum
3487 3259 3744 3332 eosque
3769 3236 3836 3308 in

1036 3359 1411 3433 rebellione
1447 3382 1575 3432 sua
1606 3362 1987 3434 contrarios
2018 3363 2260 3436 durior
2288 3364 2667 3459 pertinacia
2699 3365 3136 3452 confoveret,
3167 3385 3343 3458 quos
3371 3363 3580 3434 etiam
3612 3361 3837 3433 statim

1036 3483 1219 3559 circa
1277 3484 1631 3556 introitum
1679 3486 1937 3557 mensis
1977 3487 2157 3578 junii
2189 3484 2291 3585 (a)
2352 3498 2511 3560 ante
2572 3488 3104 3560 maturationem
3160 3495 3476 3580 segetum
3536 3484 3716 3557 vivis
3772 3491 3840 3553 et

1035 3606 1298 3702 asperis
1347 3606 1617 3699 guerris
1669 3608 1955 3700 aggredi
2011 3618 2332 3704 potenter
2388 3610 2874 3705 proponimus,
2937 3610 3461 3684 commoditates
3520 3607 3620 3679 eis
3681 3604 3837 3677 anni

1036 3730 1377 3826 presentis
1401 3731 1472 3801 in
1505 3731 1920 3803 victualibus
1940 3732 2265 3822 ablaturi,
2287 3743 2367 3805 ut
2392 3744 2649 3823 nostre,
2674 3755 2906 3807 rerum
2936 3732 3420 3807 sustentationi
3446 3752 3572 3804 sue
3601 3749 3837 3802 neces·

1037 3854 1375 3926 sariarum
1412 3855 1706 3948 penuria
1742 3866 2172 3946 coarctante,
2228 3868 2565 3947 cogantur
2614 3878 2689 3927 se
2739 3858 3126 3929 necessario
3166 3856 3507 3947 subjicere
3551 3851 3834 3940 dicioni3

1038 3977 1450 4054 mandamus
1497 3978 1732 4070 itaque
1789 3978 1914 4051 tibi
1976 3988 2323 4073 quatenus
2372 3994 2732 4076 assumpta
2781 3990 3011 4054 tecum
3059 3989 3265 4077 nepte
3316 3989 3435 4053 tua
3461 3974 3566 4075 (2)
3616 3977 3843 4049 futura

1123 4154 1205 4232 (a)
1248 4155 1320 4214 In
1344 4154 1475 4215 cod.
1510 4162 1608 4229 61,
1625 4151 1794 4236 julii,
1825 4156 1927 4215 sed
1954 4158 2151 4217 minus
2175 4165 2353 4216 recte.

1042 4316 3834 4333 ---ξ---....-------ῇ-,.,----,-----,--,,.-----μβ

1116 4412 1188 4485 (4)
1225 4414 1413 4486 Agitur
1437 4416 1504 4472 de
1530 4417 1664 4474 urbe
1695 4419 1896 4475 Villach
1921 4419 1975 4475 in
2005 4420 2302 4477 Karinthia.

1119 4510 1192 4582 (2)
1227 4510 1439 4568 Scilicet
1469 4512 1752 4575 Gertrudis
1785 4515 1889 4575 tilia
1920 4516 2127 4576 Hem-ici
2157 4517 2398 4590 Liupoldi
2425 4518 2576 4577 ducis
2600 4517 2853 4577 Auso-ine
2881 4514 3219 4590 primogeniti
3247 4515 3363 4584 filii,
3394 4512 3491 4570 sed
3526 4516 3652 4570 ante
3679 4508 3844 4585 patris

1044 4609 1250 4666 obitum
1283 4608 1337 4666 in
1363 4624 1506 4669 anno
1537 4616 1672 4670 4228
1697 4614 1950 4672 defuncti.
1982 4615 2286 4674 Verisimile
2322 4621 2404 4673 eet
2433 4615 2755 4674 Gertrudem
2782 4615 2852 4671 ad
2878 4616 3238 4675 veronensem
3266 4611 3470 4668 curiam
3498 4624 3623 4665 cum
3654 4614 3841 4681 patruo

1044 4720 1143 4764 suo
1169 4722 1274 4764 non
1310 4707 1524 4763 venisse
1550 4713 1608 4764 ct
1641 4709 1832 4767 ducem
1872 4711 2120 4769 Austriae
2158 4711 2228 4768 ab
2267 4712 2422 4770 istius
2450 4711 2777 4770 matrimonii
2808 4712 3083 4786 proposito
3118 4715 3241 4786 post
3264 4705 3603 4782 imperatoris
3629 4701 3839 4778 deposi-
