<?xml version="1.0" encoding="UTF-8"?>
<!DOCTYPE html PUBLIC "-//W3C//DTD XHTML 1.0 Transitional//EN"
    "http://www.w3.org/TR/xhtml1/DTD/xhtml1-transitional.dtd">
<html xmlns="http://www.w3.org/1999/xhtml" xml:lang="en" lang="en">
 <head>
  <title>
</title>
<meta http-equiv="Content-Type" content="text/html;charset=utf-8" />
  <meta name='ocr-system' content='tesseract 3.04.00' />
  <meta name='ocr-capabilities' content='ocr_page ocr_carea ocr_par ocr_line ocrx_word'/>
</head>
<body>
  <div class='ocr_page' id='page_1' title='image "./historiadiploma00degoog_0425.png"; bbox 0 0 4364 5738; ppageno 0'>
   <div class='ocr_carea' id='block_1_1' title="bbox 492 614 3330 2326">
    <p class='ocr_par' dir='ltr' id='par_1_1' title="bbox 492 614 3330 2326">
     <span class='ocr_line' id='line_1_1' title="bbox 493 614 3324 699; baseline -0 -17"><span class='ocrx_word' id='word_1_1' title='bbox 493 622 697 698; x_wconf 67' lang='grc' dir='ltr'><strong>Ιιῠεπ.</strong></span> <span class='ocrx_word' id='word_1_2' title='bbox 722 620 852 698; x_wconf 43' lang='grc'>4.),</span> <span class='ocrx_word' id='word_1_3' title='bbox 1386 617 1791 681; x_wconf 75' lang='lat' dir='ltr'>HISTORIA</span> <span class='ocrx_word' id='word_1_4' title='bbox 1818 618 2425 699; x_wconf 40' lang='lat' dir='ltr'>,munnam-(m.</span> <span class='ocrx_word' id='word_1_5' title='bbox 3200 614 3324 686; x_wconf 89' lang='grc'>409</span> 
     </span>
     <span class='ocr_line' id='line_1_2' title="bbox 492 749 3323 849; baseline -0.002 -22"><span class='ocrx_word' id='word_1_6' title='bbox 492 753 885 841; x_wconf 79' lang='lat' dir='ltr'>indubitato</span> <span class='ocrx_word' id='word_1_7' title='bbox 938 749 1207 846; x_wconf 79' lang='lat' dir='ltr'>jndicio</span> <span class='ocrx_word' id='word_1_8' title='bbox 1262 751 1415 824; x_wconf 88' lang='lat' dir='ltr'>sola</span> <span class='ocrx_word' id='word_1_9' title='bbox 1456 773 1537 824; x_wconf 90' lang='lat' dir='ltr'>se</span> <span class='ocrx_word' id='word_1_10' title='bbox 1588 754 1877 830; x_wconf 84' lang='lat' dir='ltr'>valeant</span> <span class='ocrx_word' id='word_1_11' title='bbox 1914 762 2300 849; x_wconf 83' lang='lat' dir='ltr'>spontanea</span> <span class='ocrx_word' id='word_1_12' title='bbox 2350 751 2564 847; x_wconf 77' lang='lat' dir='ltr'>gladii</span> <span class='ocrx_word' id='word_1_13' title='bbox 2611 762 2840 826; x_wconf 86' lang='lat' dir='ltr'>morte</span> <span class='ocrx_word' id='word_1_14' title='bbox 2890 749 3277 824; x_wconf 87' lang='lat' dir='ltr'>subducere</span> <span class='ocrx_word' id='word_1_15' title='bbox 3296 795 3323 842; x_wconf 81' lang='lat'>,</span> 
     </span>
     <span class='ocr_line' id='line_1_3' title="bbox 495 873 3324 972; baseline -0.002 -22"><span class='ocrx_word' id='word_1_16' title='bbox 495 878 612 950; x_wconf 81' lang='lat' dir='ltr'>vel</span> <span class='ocrx_word' id='word_1_17' title='bbox 655 877 933 950; x_wconf 84' lang='lat' dir='ltr'>excelse</span> <span class='ocrx_word' id='word_1_18' title='bbox 969 875 1170 969; x_wconf 86' lang='lat' dir='ltr'>rupis</span> <span class='ocrx_word' id='word_1_19' title='bbox 1201 896 1295 946; x_wconf 82' lang='lat' dir='ltr'>ex</span> <span class='ocrx_word' id='word_1_20' title='bbox 1339 885 1543 969; x_wconf 86' lang='lat' dir='ltr'>parte</span> <span class='ocrx_word' id='word_1_21' title='bbox 1584 876 1927 948; x_wconf 75' lang='lat' dir='ltr'><strong>maritime</strong></span> <span class='ocrx_word' id='word_1_22' title='bbox 1966 877 2331 972; x_wconf 77' lang='lat' dir='ltr'>precipitio</span> <span class='ocrx_word' id='word_1_23' title='bbox 2372 898 2454 951; x_wconf 84' lang='lat' dir='ltr'>se</span> <span class='ocrx_word' id='word_1_24' title='bbox 2499 877 2822 972; x_wconf 82' lang='lat' dir='ltr'>liberare.</span> <span class='ocrx_word' id='word_1_25' title='bbox 2858 876 2949 947; x_wconf 87' lang='lat' dir='ltr'>Et</span> <span class='ocrx_word' id='word_1_26' title='bbox 2983 875 3087 960; x_wconf 81' lang='lat' dir='ltr'>sic</span> <span class='ocrx_word' id='word_1_27' title='bbox 3130 873 3324 967; x_wconf 82' lang='lat' dir='ltr'>regni</span> 
     </span>
     <span class='ocr_line' id='line_1_4' title="bbox 498 981 3324 1093; baseline -0 -24"><span class='ocrx_word' id='word_1_28' title='bbox 498 998 716 1087; x_wconf 81' lang='lat' dir='ltr'>nostri</span> <span class='ocrx_word' id='word_1_29' title='bbox 745 996 1054 1091; x_wconf 78' lang='lat' dir='ltr'><strong>negociis</strong></span> <span class='ocrx_word' id='word_1_30' title='bbox 1085 997 1237 1088; x_wconf 81' lang='lat' dir='ltr'>jam</span> <span class='ocrx_word' id='word_1_31' title='bbox 1281 1017 1412 1090; x_wconf 89' lang='lat' dir='ltr'>pro</span> <span class='ocrx_word' id='word_1_32' title='bbox 1455 1006 1628 1070; x_wconf 86' lang='lat' dir='ltr'>voto</span> <span class='ocrx_word' id='word_1_33' title='bbox 1668 997 2059 1093; x_wconf 73' lang='lat' dir='ltr'>dispositis,</span> <span class='ocrx_word' id='word_1_34' title='bbox 2094 998 2191 1072; x_wconf 90' lang='lat' dir='ltr'>ad</span> <span class='ocrx_word' id='word_1_35' title='bbox 2237 997 2602 1071; x_wconf 75' lang='lat' dir='ltr'>rebellium</span> <span class='ocrx_word' id='word_1_36' title='bbox 2641 1008 3040 1071; x_wconf 85' lang='lat' dir='ltr'>nostrorum</span> <span class='ocrx_word' id='word_1_37' title='bbox 3083 1005 3156 1069; x_wconf 89' lang='lat' dir='ltr'>et</span> <span class='ocrx_word' id='word_1_38' title='bbox 3191 981 3324 1068; x_wconf 66' lang='grc' dir='ltr'><strong>ἐπι-ἕ</strong></span> 
     </span>
     <span class='ocr_line' id='line_1_5' title="bbox 502 1120 3327 1218; baseline -0.001 -23"><span class='ocrx_word' id='word_1_39' title='bbox 502 1122 677 1218; x_wconf 88' lang='lat' dir='ltr'>perii</span> <span class='ocrx_word' id='word_1_40' title='bbox 712 1121 1044 1217; x_wconf 77' lang='lat' dir='ltr'>reliquias</span> <span class='ocrx_word' id='word_1_41' title='bbox 1084 1120 1576 1212; x_wconf 85' lang='lat' dir='ltr'>conterendas,</span> <span class='ocrx_word' id='word_1_42' title='bbox 1609 1121 1809 1210; x_wconf 77' lang='lat' dir='ltr'>italie</span> <span class='ocrx_word' id='word_1_43' title='bbox 1840 1131 2076 1217; x_wconf 81' lang='lat' dir='ltr'>partes</span> <span class='ocrx_word' id='word_1_44' title='bbox 2115 1122 2193 1194; x_wconf 88' lang='lat' dir='ltr'>in</span> <span class='ocrx_word' id='word_1_45' title='bbox 2234 1122 2562 1217; x_wconf 78' lang='lat' dir='ltr'>proximo</span> <span class='ocrx_word' id='word_1_46' title='bbox 2598 1121 2972 1194; x_wconf 78' lang='lat' dir='ltr'>victoriose</span> <span class='ocrx_word' id='word_1_47' title='bbox 3006 1128 3327 1214; x_wconf 79' lang='lat' dir='ltr'>repetere</span> 
     </span>
     <span class='ocr_line' id='line_1_6' title="bbox 501 1224 3325 1337; baseline -0.001 -22"><span class='ocrx_word' id='word_1_48' title='bbox 501 1245 795 1317; x_wconf 80' lang='lat' dir='ltr'>feliciter</span> <span class='ocrx_word' id='word_1_49' title='bbox 832 1256 904 1317; x_wconf 91' lang='lat' dir='ltr'>et</span> <span class='ocrx_word' id='word_1_50' title='bbox 933 1224 1272 1316; x_wconf 88' lang='lat' dir='ltr'>instanter</span> <span class='ocrx_word' id='word_1_51' title='bbox 1309 1244 1740 1337; x_wconf 82' lang='lat' dir='ltr'>accingimur</span> <span class='ocrx_word' id='word_1_52' title='bbox 1750 1272 1776 1334; x_wconf 72' lang='lat'>3</span> <span class='ocrx_word' id='word_1_53' title='bbox 1810 1267 1976 1318; x_wconf 86' lang='lat' dir='ltr'>cum</span> <span class='ocrx_word' id='word_1_54' title='bbox 2003 1245 2099 1318; x_wconf 89' lang='lat' dir='ltr'>ad</span> <span class='ocrx_word' id='word_1_55' title='bbox 2137 1244 2213 1336; x_wconf 88' lang='lat' dir='ltr'>id</span> <span class='ocrx_word' id='word_1_56' title='bbox 2244 1255 2318 1336; x_wconf 87' lang='lat' dir='ltr'>et</span> <span class='ocrx_word' id='word_1_57' title='bbox 2344 1245 2724 1318; x_wconf 86' lang='lat' dir='ltr'>voluntatis</span> <span class='ocrx_word' id='word_1_58' title='bbox 2759 1252 2998 1316; x_wconf 79' lang='lat' dir='ltr'>nostre</span> <span class='ocrx_word' id='word_1_59' title='bbox 3041 1263 3169 1315; x_wconf 89' lang='lat' dir='ltr'>nos</span> <span class='ocrx_word' id='word_1_60' title='bbox 3212 1241 3325 1332; x_wconf 49' lang='lat' dir='ltr'>inq</span> 
     </span>
     <span class='ocr_line' id='line_1_7' title="bbox 501 1356 3326 1458; baseline -0.003 -17"><span class='ocrx_word' id='word_1_61' title='bbox 501 1368 675 1440; x_wconf 90' lang='lat' dir='ltr'>vitet</span> <span class='ocrx_word' id='word_1_62' title='bbox 713 1367 1011 1440; x_wconf 88' lang='lat' dir='ltr'>aviditas</span> <span class='ocrx_word' id='word_1_63' title='bbox 1057 1376 1127 1438; x_wconf 93' lang='lat' dir='ltr'>et</span> <span class='ocrx_word' id='word_1_64' title='bbox 1174 1366 1263 1438; x_wconf 91' lang='lat' dir='ltr'>de</span> <span class='ocrx_word' id='word_1_65' title='bbox 1309 1368 1658 1440; x_wconf 90' lang='lat' dir='ltr'>Perusinis</span> <span class='ocrx_word' id='word_1_66' title='bbox 1708 1377 1780 1439; x_wconf 90' lang='lat' dir='ltr'>et</span> <span class='ocrx_word' id='word_1_67' title='bbox 1820 1356 2315 1440; x_wconf 87' lang='lat' dir='ltr'>Assisinatibus</span> <span class='ocrx_word' id='word_1_68' title='bbox 2363 1367 2741 1440; x_wconf 87' lang='lat' dir='ltr'>rebellibus</span> <span class='ocrx_word' id='word_1_69' title='bbox 2790 1365 3046 1439; x_wconf 89' lang='lat' dir='ltr'>nostris</span> <span class='ocrx_word' id='word_1_70' title='bbox 3101 1384 3326 1458; x_wconf 85' lang='lat' dir='ltr'>nuper</span> 
     </span>
     <span class='ocr_line' id='line_1_8' title="bbox 500 1488 3325 1586; baseline -0.002 -24"><span class='ocrx_word' id='word_1_71' title='bbox 500 1490 789 1562; x_wconf 89' lang='lat' dir='ltr'>obtenta</span> <span class='ocrx_word' id='word_1_72' title='bbox 828 1489 1118 1561; x_wconf 88' lang='lat' dir='ltr'>victoria</span> <span class='ocrx_word' id='word_1_73' title='bbox 1163 1488 1413 1561; x_wconf 90' lang='lat' dir='ltr'>reddat</span> <span class='ocrx_word' id='word_1_74' title='bbox 1448 1490 1664 1562; x_wconf 90' lang='lat' dir='ltr'>libere</span> <span class='ocrx_word' id='word_1_75' title='bbox 1715 1491 2106 1586; x_wconf 88' lang='lat' dir='ltr'>expeditos.</span> <span class='ocrx_word' id='word_1_76' title='bbox 2148 1493 2250 1563; x_wconf 90' lang='lat' dir='ltr'>Tu</span> <span class='ocrx_word' id='word_1_77' title='bbox 2284 1490 2495 1583; x_wconf 88' lang='lat' dir='ltr'>igitur</span> <span class='ocrx_word' id='word_1_78' title='bbox 2524 1489 2646 1584; x_wconf 89' lang='lat' dir='ltr'>qui</span> <span class='ocrx_word' id='word_1_79' title='bbox 2678 1499 3007 1581; x_wconf 88' lang='lat' dir='ltr'>tanquam</span> <span class='ocrx_word' id='word_1_80' title='bbox 3040 1508 3167 1559; x_wconf 89' lang='lat' dir='ltr'>vas</span> <span class='ocrx_word' id='word_1_81' title='bbox 3192 1508 3325 1581; x_wconf 91' lang='lat' dir='ltr'>pu·</span> 
     </span>
     <span class='ocr_line' id='line_1_9' title="bbox 501 1591 3324 1710; baseline -0 -28"><span class='ocrx_word' id='word_1_82' title='bbox 501 1612 723 1684; x_wconf 86' lang='lat' dir='ltr'>ritatis</span> <span class='ocrx_word' id='word_1_83' title='bbox 763 1621 835 1684; x_wconf 91' lang='lat' dir='ltr'>et</span> <span class='ocrx_word' id='word_1_84' title='bbox 868 1621 1258 1685; x_wconf 90' lang='lat' dir='ltr'>aromatum</span> <span class='ocrx_word' id='word_1_85' title='bbox 1299 1613 1473 1684; x_wconf 93' lang='lat' dir='ltr'>cella</span> <span class='ocrx_word' id='word_1_86' title='bbox 1517 1613 1891 1709; x_wconf 77' lang='lat' dir='ltr'>precipua,</span> <span class='ocrx_word' id='word_1_87' title='bbox 1921 1591 2049 1710; x_wconf 85' lang='lat' dir='ltr'>per</span> <span class='ocrx_word' id='word_1_88' title='bbox 2082 1612 2296 1687; x_wconf 90' lang='lat' dir='ltr'>fidem</span> <span class='ocrx_word' id='word_1_89' title='bbox 2338 1623 2410 1685; x_wconf 91' lang='lat' dir='ltr'>et</span> <span class='ocrx_word' id='word_1_90' title='bbox 2453 1612 2890 1686; x_wconf 89' lang='lat' dir='ltr'>devotionem</span> <span class='ocrx_word' id='word_1_91' title='bbox 2935 1621 3128 1683; x_wconf 89' lang='lat' dir='ltr'>tuam</span> <span class='ocrx_word' id='word_1_92' title='bbox 3166 1610 3324 1681; x_wconf 91' lang='lat' dir='ltr'>uni·</span> 
     </span>
     <span class='ocr_line' id='line_1_10' title="bbox 503 1720 3327 1830; baseline -0.001 -23"><span class='ocrx_word' id='word_1_93' title='bbox 503 1735 723 1807; x_wconf 87' lang='lat' dir='ltr'>versis</span> <span class='ocrx_word' id='word_1_94' title='bbox 773 1734 1048 1807; x_wconf 88' lang='lat' dir='ltr'>redoles</span> <span class='ocrx_word' id='word_1_95' title='bbox 1088 1757 1215 1830; x_wconf 92' lang='lat' dir='ltr'>per</span> <span class='ocrx_word' id='word_1_96' title='bbox 1258 1733 1617 1830; x_wconf 80' lang='lat' dir='ltr'>exempla,</span> <span class='ocrx_word' id='word_1_97' title='bbox 1661 1737 1870 1829; x_wconf 80' lang='lat' dir='ltr'>quem</span> <span class='ocrx_word' id='word_1_98' title='bbox 1909 1755 2044 1810; x_wconf 89' lang='lat' dir='ltr'>nec</span> <span class='ocrx_word' id='word_1_99' title='bbox 2080 1720 2426 1809; x_wconf 34' lang='lat' dir='ltr'>“seditiosa</span> <span class='ocrx_word' id='word_1_100' title='bbox 2473 1726 2787 1809; x_wconf 78' lang='lat' dir='ltr'>seductio</span> <span class='ocrx_word' id='word_1_101' title='bbox 2824 1732 3152 1825; x_wconf 86' lang='lat' dir='ltr'>variavit,</span> <span class='ocrx_word' id='word_1_102' title='bbox 3196 1754 3327 1805; x_wconf 91' lang='lat' dir='ltr'>nec</span> 
     </span>
     <span class='ocr_line' id='line_1_11' title="bbox 506 1856 3325 1956; baseline -0 -26"><span class='ocrx_word' id='word_1_103' title='bbox 506 1858 792 1930; x_wconf 91' lang='lat' dir='ltr'>demum</span> <span class='ocrx_word' id='word_1_104' title='bbox 845 1861 1035 1951; x_wconf 88' lang='lat' dir='ltr'>larga</span> <span class='ocrx_word' id='word_1_105' title='bbox 1074 1858 1440 1955; x_wconf 85' lang='lat' dir='ltr'>promissio</span> <span class='ocrx_word' id='word_1_106' title='bbox 1486 1861 1712 1955; x_wconf 92' lang='lat' dir='ltr'>potuit</span> <span class='ocrx_word' id='word_1_107' title='bbox 1748 1882 1792 1933; x_wconf 89' lang='lat' dir='ltr'>a</span> <span class='ocrx_word' id='word_1_108' title='bbox 1832 1861 2052 1933; x_wconf 81' lang='lat' dir='ltr'>nostri</span> <span class='ocrx_word' id='word_1_109' title='bbox 2093 1860 2524 1956; x_wconf 81' lang='lat' dir='ltr'>professione</span> <span class='ocrx_word' id='word_1_110' title='bbox 2568 1859 2869 1932; x_wconf 91' lang='lat' dir='ltr'>nominis</span> <span class='ocrx_word' id='word_1_111' title='bbox 2911 1856 3022 1955; x_wconf 78' lang='lat' dir='ltr'>(in</span> <span class='ocrx_word' id='word_1_112' title='bbox 3071 1878 3213 1953; x_wconf 86' lang='lat' dir='ltr'>qua</span> <span class='ocrx_word' id='word_1_113' title='bbox 3258 1866 3325 1929; x_wconf 92' lang='lat' dir='ltr'>te</span> 
     </span>
     <span class='ocr_line' id='line_1_12' title="bbox 506 1980 3330 2079; baseline -0 -25"><span class='ocrx_word' id='word_1_114' title='bbox 506 1982 742 2054; x_wconf 86' lang='lat' dir='ltr'>nativa</span> <span class='ocrx_word' id='word_1_115' title='bbox 785 1981 1107 2053; x_wconf 84' lang='lat' dir='ltr'>solidavit</span> <span class='ocrx_word' id='word_1_116' title='bbox 1145 1980 1593 2079; x_wconf 86' lang='lat' dir='ltr'>antiquitas),</span> <span class='ocrx_word' id='word_1_117' title='bbox 1640 1983 2042 2075; x_wconf 81' lang='lat' dir='ltr'>immutare3</span> <span class='ocrx_word' id='word_1_118' title='bbox 2091 1982 2524 2075; x_wconf 91' lang='lat' dir='ltr'>singulorum</span> <span class='ocrx_word' id='word_1_119' title='bbox 2567 1991 2841 2053; x_wconf 90' lang='lat' dir='ltr'>mentes</span> <span class='ocrx_word' id='word_1_120' title='bbox 2886 1982 3210 2073; x_wconf 88' lang='lat' dir='ltr'>sollicita,</span> <span class='ocrx_word' id='word_1_121' title='bbox 3257 1990 3330 2053; x_wconf 91' lang='lat' dir='ltr'>et</span> 
     </span>
     <span class='ocr_line' id='line_1_13' title="bbox 507 2090 3324 2198; baseline -0 -23"><span class='ocrx_word' id='word_1_122' title='bbox 507 2093 911 2198; x_wconf 84' lang='lat' dir='ltr'>hujusmodi</span> <span class='ocrx_word' id='word_1_123' title='bbox 938 2115 1173 2178; x_wconf 89' lang='lat' dir='ltr'>nostre</span> <span class='ocrx_word' id='word_1_124' title='bbox 1223 2104 1610 2176; x_wconf 81' lang='lat' dir='ltr'>festivitatis</span> <span class='ocrx_word' id='word_1_125' title='bbox 1653 2106 1860 2177; x_wconf 85' lang='lat' dir='ltr'>ferias</span> <span class='ocrx_word' id='word_1_126' title='bbox 1905 2090 1988 2177; x_wconf 87' lang='lat' dir='ltr'>ac</span> <span class='ocrx_word' id='word_1_127' title='bbox 2027 2104 2372 2177; x_wconf 88' lang='lat' dir='ltr'>adventus</span> <span class='ocrx_word' id='word_1_128' title='bbox 2413 2104 2632 2176; x_wconf 85' lang='lat' dir='ltr'>nostri</span> <span class='ocrx_word' id='word_1_129' title='bbox 2666 2103 2935 2197; x_wconf 86' lang='lat' dir='ltr'>vigilias</span> <span class='ocrx_word' id='word_1_130' title='bbox 2980 2126 3124 2176; x_wconf 84' lang='lat' dir='ltr'>una</span> <span class='ocrx_word' id='word_1_131' title='bbox 3168 2125 3324 2176; x_wconf 92' lang='lat' dir='ltr'>cum</span> 
     </span>
     <span class='ocr_line' id='line_1_14' title="bbox 505 2217 3330 2326; baseline -0.001 -26"><span class='ocrx_word' id='word_1_132' title='bbox 505 2230 754 2301; x_wconf 87' lang='lat' dir='ltr'>ceteris</span> <span class='ocrx_word' id='word_1_133' title='bbox 784 2230 1037 2303; x_wconf 88' lang='lat' dir='ltr'>nostris</span> <span class='ocrx_word' id='word_1_134' title='bbox 1063 2225 1387 2301; x_wconf 85' lang='lat' dir='ltr'>fidelibus</span> <span class='ocrx_word' id='word_1_135' title='bbox 1414 2230 1721 2325; x_wconf 89' lang='lat' dir='ltr'>ipsarum</span> <span class='ocrx_word' id='word_1_136' title='bbox 1753 2229 2054 2326; x_wconf 89' lang='lat' dir='ltr'>partium</span> <span class='ocrx_word' id='word_1_137' title='bbox 2088 2228 2400 2302; x_wconf 86' lang='lat' dir='ltr'>hilariter</span> <span class='ocrx_word' id='word_1_138' title='bbox 2428 2227 2821 2301; x_wconf 87' lang='lat' dir='ltr'>solemnisa.</span> <span class='ocrx_word' id='word_1_139' title='bbox 3323 2217 3330 2222; x_wconf 65' lang='grc'>’</span> 
     </span>
    </p>
   </div>
   <div class='ocr_carea' id='block_1_2' title="bbox 672 2536 2514 2804">
    <p class='ocr_par' dir='ltr' id='par_1_2' title="bbox 672 2536 2514 2804">
     <span class='ocr_line' id='line_1_15' title="bbox 1862 2536 1991 2609; baseline 0.008 -1"><span class='ocrx_word' id='word_1_140' title='bbox 1862 2536 1991 2609; x_wconf 75' lang='lat' dir='ltr'>IV.</span> 
     </span>
     <span class='ocr_line' id='line_1_16' title="bbox 672 2708 2514 2804; baseline 0.002 -33"><span class='ocrx_word' id='word_1_141' title='bbox 672 2708 919 2790; x_wconf 84' lang='lat' dir='ltr'>(Inedlt.</span> <span class='ocrx_word' id='word_1_142' title='bbox 947 2727 1023 2772; x_wconf 86' lang='lat' dir='ltr'>ex</span> <span class='ocrx_word' id='word_1_143' title='bbox 1050 2708 1184 2772; x_wconf 86' lang='lat' dir='ltr'>cod.</span> <span class='ocrx_word' id='word_1_144' title='bbox 1215 2708 1373 2773; x_wconf 78' lang='lat' dir='ltr'>Bibl&#39;.</span> <span class='ocrx_word' id='word_1_145' title='bbox 1403 2709 1625 2772; x_wconf 82' lang='lat' dir='ltr'>Athen.</span> <span class='ocrx_word' id='word_1_146' title='bbox 1658 2710 1933 2784; x_wconf 72' lang='lat' dir='ltr'>Tauria„</span> <span class='ocrx_word' id='word_1_147' title='bbox 1964 2721 2031 2772; x_wconf 76' lang='lat' dir='ltr'>n‘·</span> <span class='ocrx_word' id='word_1_148' title='bbox 2070 2720 2220 2804; x_wconf 23' lang='lat'>⁷⁸84,</span> <span class='ocrx_word' id='word_1_149' title='bbox 2252 2709 2353 2771; x_wconf 87' lang='lat' dir='ltr'>fol.</span> <span class='ocrx_word' id='word_1_150' title='bbox 2383 2712 2514 2790; x_wconf 72' lang='grc'><strong>69.)</strong></span> 
     </span>
    </p>
   </div>
   <div class='ocr_carea' id='block_1_3' title="bbox 513 2922 3352 4619">
    <p class='ocr_par' dir='ltr' id='par_1_3' title="bbox 513 2922 3352 4619">
     <span class='ocr_line' id='line_1_17' title="bbox 606 2922 3335 3020; baseline 0 -25"><span class='ocrx_word' id='word_1_151' title='bbox 606 2922 1033 3014; x_wconf 82' lang='lat' dir='ltr'>Fridericus‚</span> <span class='ocrx_word' id='word_1_152' title='bbox 1069 2934 1204 2995; x_wconf 89' lang='lat' dir='ltr'>etc.</span> <span class='ocrx_word' id='word_1_153' title='bbox 1245 2922 1452 3015; x_wconf 86' lang='lat' dir='ltr'>Cum,</span> <span class='ocrx_word' id='word_1_154' title='bbox 1503 2922 1857 2997; x_wconf 85' lang='lat' dir='ltr'>nonnullis</span> <span class='ocrx_word' id='word_1_155' title='bbox 1904 2944 1998 2997; x_wconf 84' lang='lat' dir='ltr'>ex</span> <span class='ocrx_word' id='word_1_156' title='bbox 2043 2925 2516 3020; x_wconf 87' lang='lat' dir='ltr'>proditoribus</span> <span class='ocrx_word' id='word_1_157' title='bbox 2556 2925 2845 3017; x_wconf 82' lang='lat' dir='ltr'>nostris,</span> <span class='ocrx_word' id='word_1_158' title='bbox 2896 2926 3016 3018; x_wconf 82' lang='lat' dir='ltr'>qui</span> <span class='ocrx_word' id='word_1_159' title='bbox 3064 2925 3335 3020; x_wconf 83' lang='lat' dir='ltr'>pridem</span> 
     </span>
     <span class='ocr_line' id='line_1_18' title="bbox 514 3046 3341 3142; baseline 0 -24"><span class='ocrx_word' id='word_1_160' title='bbox 514 3047 1040 3142; x_wconf 87' lang='lat' dir='ltr'>conspirationis</span> <span class='ocrx_word' id='word_1_161' title='bbox 1086 3046 1159 3116; x_wconf 90' lang='lat' dir='ltr'>in</span> <span class='ocrx_word' id='word_1_162' title='bbox 1207 3067 1454 3118; x_wconf 86' lang='lat' dir='ltr'>necem</span> <span class='ocrx_word' id='word_1_163' title='bbox 1515 3056 1823 3119; x_wconf 88' lang='lat' dir='ltr'>nostram</span> <span class='ocrx_word' id='word_1_164' title='bbox 1874 3049 2279 3120; x_wconf 86' lang='lat' dir='ltr'>calcaneum</span> <span class='ocrx_word' id='word_1_165' title='bbox 2332 3050 2604 3141; x_wconf 87' lang='lat' dir='ltr'>erigere</span> <span class='ocrx_word' id='word_1_166' title='bbox 2659 3056 2902 3120; x_wconf 85' lang='lat' dir='ltr'>contra</span> <span class='ocrx_word' id='word_1_167' title='bbox 2958 3047 3341 3140; x_wconf 79' lang='lat' dir='ltr'>majestatis</span> 
     </span>
     <span class='ocr_line' id='line_1_19' title="bbox 515 3168 3342 3266; baseline 0.001 -26"><span class='ocrx_word' id='word_1_168' title='bbox 515 3179 751 3241; x_wconf 90' lang='lat' dir='ltr'>nostre</span> <span class='ocrx_word' id='word_1_169' title='bbox 781 3168 1129 3260; x_wconf 85' lang='lat' dir='ltr'>fastigium</span> <span class='ocrx_word' id='word_1_170' title='bbox 1152 3222 1172 3258; x_wconf 91' lang='lat'>‚</span> <span class='ocrx_word' id='word_1_171' title='bbox 1208 3169 1372 3240; x_wconf 89' lang='lat' dir='ltr'>licet</span> <span class='ocrx_word' id='word_1_172' title='bbox 1403 3169 1680 3243; x_wconf 89' lang='lat' dir='ltr'>incante</span> <span class='ocrx_word' id='word_1_173' title='bbox 1702 3225 1722 3259; x_wconf 90' lang='lat'>‚</span> <span class='ocrx_word' id='word_1_174' title='bbox 1756 3181 2349 3266; x_wconf 83' lang='lat' dir='ltr'>presumpserant,</span> <span class='ocrx_word' id='word_1_175' title='bbox 2382 3172 2758 3266; x_wconf 90' lang='lat' dir='ltr'>promerite</span> <span class='ocrx_word' id='word_1_176' title='bbox 2785 3190 2966 3266; x_wconf 90' lang='lat' dir='ltr'>pene</span> <span class='ocrx_word' id='word_1_177' title='bbox 2997 3170 3342 3266; x_wconf 85' lang='lat' dir='ltr'>supplicio</span> 
     </span>
     <span class='ocr_line' id='line_1_20' title="bbox 517 3290 3344 3391; baseline 0.001 -29"><span class='ocrx_word' id='word_1_178' title='bbox 517 3291 783 3363; x_wconf 88' lang='lat' dir='ltr'>traditis</span> <span class='ocrx_word' id='word_1_179' title='bbox 800 3345 820 3380; x_wconf 90' lang='lat'>,</span> <span class='ocrx_word' id='word_1_180' title='bbox 865 3301 939 3362; x_wconf 89' lang='lat' dir='ltr'>et</span> <span class='ocrx_word' id='word_1_181' title='bbox 965 3290 1253 3382; x_wconf 87' lang='lat' dir='ltr'>reliquis</span> <span class='ocrx_word' id='word_1_182' title='bbox 1290 3292 1363 3361; x_wconf 93' lang='lat' dir='ltr'>in</span> <span class='ocrx_word' id='word_1_183' title='bbox 1396 3303 1623 3364; x_wconf 88' lang='lat' dir='ltr'>castro</span> <span class='ocrx_word' id='word_1_184' title='bbox 1657 3293 1966 3389; x_wconf 90' lang='lat' dir='ltr'>Capuatii</span> <span class='ocrx_word' id='word_1_185' title='bbox 1998 3295 2131 3366; x_wconf 92' lang='lat' dir='ltr'>sub</span> <span class='ocrx_word' id='word_1_186' title='bbox 2171 3316 2297 3391; x_wconf 91' lang='lat' dir='ltr'>spe</span> <span class='ocrx_word' id='word_1_187' title='bbox 2339 3294 2758 3366; x_wconf 88' lang='lat' dir='ltr'>defensionis</span> <span class='ocrx_word' id='word_1_188' title='bbox 2802 3294 3086 3365; x_wconf 86' lang='lat' dir='ltr'>intrusis</span> <span class='ocrx_word' id='word_1_189' title='bbox 3102 3349 3122 3385; x_wconf 91' lang='lat'>‚</span> <span class='ocrx_word' id='word_1_190' title='bbox 3167 3295 3344 3387; x_wconf 84' lang='lat' dir='ltr'>quin</span> 
     </span>
     <span class='ocr_line' id='line_1_21' title="bbox 513 3411 3352 3511; baseline 0.001 -25"><span class='ocrx_word' id='word_1_191' title='bbox 513 3413 747 3511; x_wconf 91' lang='lat' dir='ltr'>potius</span> <span class='ocrx_word' id='word_1_192' title='bbox 769 3411 1137 3486; x_wconf 86' lang='lat' dir='ltr'>carceratis</span> <span class='ocrx_word' id='word_1_193' title='bbox 1164 3413 1264 3485; x_wconf 89' lang='lat' dir='ltr'>sic</span> <span class='ocrx_word' id='word_1_194' title='bbox 1295 3424 1689 3487; x_wconf 87' lang='lat' dir='ltr'>nostrorum</span> <span class='ocrx_word' id='word_1_195' title='bbox 1727 3415 2038 3489; x_wconf 83' lang='lat' dir='ltr'>fidelium</span> <span class='ocrx_word' id='word_1_196' title='bbox 2070 3418 2338 3489; x_wconf 85' lang='lat' dir='ltr'>viribus</span> <span class='ocrx_word' id='word_1_197' title='bbox 2371 3417 2681 3510; x_wconf 91' lang='lat' dir='ltr'>undique</span> <span class='ocrx_word' id='word_1_198' title='bbox 2714 3417 3222 3510; x_wconf 87' lang='lat' dir='ltr'>circumseptis,</span> <span class='ocrx_word' id='word_1_199' title='bbox 3258 3427 3352 3488; x_wconf 79' lang='lat' dir='ltr'>ut</span> 
     </span>
     <span class='ocr_line' id='line_1_22' title="bbox 513 3535 3333 3635; baseline 0 -25"><span class='ocrx_word' id='word_1_200' title='bbox 513 3537 607 3610; x_wconf 89' lang='lat' dir='ltr'>ab</span> <span class='ocrx_word' id='word_1_201' title='bbox 637 3535 919 3609; x_wconf 91' lang='lat' dir='ltr'>ultionis</span> <span class='ocrx_word' id='word_1_202' title='bbox 958 3548 1196 3609; x_wconf 88' lang='lat' dir='ltr'>nostre</span> <span class='ocrx_word' id='word_1_203' title='bbox 1224 3535 1490 3629; x_wconf 88' lang='lat' dir='ltr'>judicio</span> <span class='ocrx_word' id='word_1_204' title='bbox 1526 3560 1602 3610; x_wconf 91' lang='lat' dir='ltr'>se</span> <span class='ocrx_word' id='word_1_205' title='bbox 1640 3540 1918 3611; x_wconf 85' lang='lat' dir='ltr'>valeant</span> <span class='ocrx_word' id='word_1_206' title='bbox 1959 3550 2344 3635; x_wconf 85' lang='lat' dir='ltr'>spontanea</span> <span class='ocrx_word' id='word_1_207' title='bbox 2387 3540 2602 3633; x_wconf 81' lang='lat' dir='ltr'>gladii</span> <span class='ocrx_word' id='word_1_208' title='bbox 2649 3548 2876 3610; x_wconf 89' lang='lat' dir='ltr'>morte</span> <span class='ocrx_word' id='word_1_209' title='bbox 2908 3538 3333 3629; x_wconf 83' lang='lat' dir='ltr'>subducere,</span> 
     </span>
     <span class='ocr_line' id='line_1_23' title="bbox 517 3659 3352 3758; baseline 0 -26"><span class='ocrx_word' id='word_1_210' title='bbox 517 3659 632 3733; x_wconf 85' lang='lat' dir='ltr'>vel</span> <span class='ocrx_word' id='word_1_211' title='bbox 670 3662 950 3734; x_wconf 85' lang='lat' dir='ltr'>excelse</span> <span class='ocrx_word' id='word_1_212' title='bbox 982 3660 1175 3755; x_wconf 90' lang='lat' dir='ltr'>rupis</span> <span class='ocrx_word' id='word_1_213' title='bbox 1201 3671 1521 3755; x_wconf 78' lang='lat' dir='ltr'>exparte</span> <span class='ocrx_word' id='word_1_214' title='bbox 1555 3662 1902 3734; x_wconf 86' lang='lat' dir='ltr'>maritime</span> <span class='ocrx_word' id='word_1_215' title='bbox 1942 3662 2308 3758; x_wconf 88' lang='lat' dir='ltr'>precipitio</span> <span class='ocrx_word' id='word_1_216' title='bbox 2339 3663 2669 3752; x_wconf 86' lang='lat' dir='ltr'>liberare,</span> <span class='ocrx_word' id='word_1_217' title='bbox 2709 3661 2905 3753; x_wconf 90' lang='lat' dir='ltr'>regni</span> <span class='ocrx_word' id='word_1_218' title='bbox 2947 3661 3168 3732; x_wconf 88' lang='lat' dir='ltr'>nostri</span> <span class='ocrx_word' id='word_1_219' title='bbox 3209 3679 3352 3733; x_wconf 73' lang='lat' dir='ltr'>ne-</span> 
     </span>
     <span class='ocr_line' id='line_1_24' title="bbox 517 3783 3340 3880; baseline 0.001 -24"><span class='ocrx_word' id='word_1_220' title='bbox 517 3783 705 3875; x_wconf 88' lang='lat' dir='ltr'>gotia</span> <span class='ocrx_word' id='word_1_221' title='bbox 755 3784 855 3855; x_wconf 93' lang='lat' dir='ltr'>sic</span> <span class='ocrx_word' id='word_1_222' title='bbox 898 3795 1135 3856; x_wconf 90' lang='lat' dir='ltr'>nostra</span> <span class='ocrx_word' id='word_1_223' title='bbox 1174 3784 1511 3857; x_wconf 81' lang='lat' dir='ltr'>serenitas</span> <span class='ocrx_word' id='word_1_224' title='bbox 1559 3785 1930 3858; x_wconf 86' lang='lat' dir='ltr'>salubriter</span> <span class='ocrx_word' id='word_1_225' title='bbox 1971 3787 2322 3860; x_wconf 80' lang='lat' dir='ltr'>ordinavit</span> <span class='ocrx_word' id='word_1_226' title='bbox 2355 3786 2547 3880; x_wconf 89' lang='lat' dir='ltr'>quod</span> <span class='ocrx_word' id='word_1_227' title='bbox 2593 3786 2795 3859; x_wconf 88' lang='lat' dir='ltr'>nobis</span> <span class='ocrx_word' id='word_1_228' title='bbox 2841 3785 2914 3856; x_wconf 86' lang='lat' dir='ltr'>in</span> <span class='ocrx_word' id='word_1_229' title='bbox 2963 3804 3184 3877; x_wconf 80' lang='lat' dir='ltr'>regno</span> <span class='ocrx_word' id='word_1_230' title='bbox 3223 3786 3340 3859; x_wconf 74' lang='lat' dir='ltr'>vel</span> 
     </span>
     <span class='ocr_line' id='line_1_25' title="bbox 522 3908 3344 4009; baseline 0 -30"><span class='ocrx_word' id='word_1_231' title='bbox 522 3919 722 3979; x_wconf 84' lang='lat' dir='ltr'>extra</span> <span class='ocrx_word' id='word_1_232' title='bbox 747 3928 1044 4001; x_wconf 90' lang='lat' dir='ltr'>regnum</span> <span class='ocrx_word' id='word_1_233' title='bbox 1076 3909 1447 4001; x_wconf 81' lang='lat' dir='ltr'>agentibus</span> <span class='ocrx_word' id='word_1_234' title='bbox 1469 3911 1662 3982; x_wconf 86' lang='lat' dir='ltr'>nulla</span> <span class='ocrx_word' id='word_1_235' title='bbox 1694 3930 1979 4005; x_wconf 83' lang='lat' dir='ltr'>prorsus</span> <span class='ocrx_word' id='word_1_236' title='bbox 2005 3909 2110 4009; x_wconf 88' lang='lat' dir='ltr'>(a)</span> <span class='ocrx_word' id='word_1_237' title='bbox 2148 3910 2221 3983; x_wconf 90' lang='lat' dir='ltr'>in</span> <span class='ocrx_word' id='word_1_238' title='bbox 2245 3921 2602 4006; x_wconf 89' lang='lat' dir='ltr'>posterum</span> <span class='ocrx_word' id='word_1_239' title='bbox 2639 3930 2848 3981; x_wconf 90' lang='lat' dir='ltr'>causa</span> <span class='ocrx_word' id='word_1_240' title='bbox 2891 3908 3344 3980; x_wconf 82' lang='lat' dir='ltr'>dubitationis</span> 
     </span>
     <span class='ocr_line' id='line_1_26' title="bbox 524 4030 3346 4132; baseline 0.001 -31"><span class='ocrx_word' id='word_1_241' title='bbox 524 4041 856 4123; x_wconf 87' lang='lat' dir='ltr'>emergat,</span> <span class='ocrx_word' id='word_1_242' title='bbox 885 4030 979 4104; x_wconf 90' lang='lat' dir='ltr'>ad</span> <span class='ocrx_word' id='word_1_243' title='bbox 1011 4030 1376 4103; x_wconf 83' lang='lat' dir='ltr'>rebellium</span> <span class='ocrx_word' id='word_1_244' title='bbox 1401 4043 1796 4106; x_wconf 82' lang='lat' dir='ltr'>nostrorum</span> <span class='ocrx_word' id='word_1_245' title='bbox 1831 4045 1903 4107; x_wconf 89' lang='lat' dir='ltr'>et</span> <span class='ocrx_word' id='word_1_246' title='bbox 1938 4035 2210 4132; x_wconf 90' lang='lat' dir='ltr'>imperii</span> <span class='ocrx_word' id='word_1_247' title='bbox 2244 4045 2315 4106; x_wconf 89' lang='lat' dir='ltr'>et</span> <span class='ocrx_word' id='word_1_248' title='bbox 2338 4033 2728 4129; x_wconf 83' lang='lat' dir='ltr'>specialiter</span> <span class='ocrx_word' id='word_1_249' title='bbox 2753 4031 3346 4104; x_wconf 80' lang='lat' dir='ltr'>Anconitanorum</span> 
     </span>
     <span class='ocr_line' id='line_1_27' title="bbox 522 4153 3338 4251; baseline 0.002 -28"><span class='ocrx_word' id='word_1_250' title='bbox 522 4153 1045 4247; x_wconf 85' lang='lat' dir='ltr'>deprimendam</span> <span class='ocrx_word' id='word_1_251' title='bbox 1080 4155 1501 4250; x_wconf 83' lang='lat' dir='ltr'>proterviam</span> <span class='ocrx_word' id='word_1_252' title='bbox 1517 4210 1537 4245; x_wconf 89' lang='lat'>,</span> <span class='ocrx_word' id='word_1_253' title='bbox 1575 4156 1669 4228; x_wconf 89' lang='lat' dir='ltr'>ad</span> <span class='ocrx_word' id='word_1_254' title='bbox 1694 4157 1885 4251; x_wconf 83' lang='lat' dir='ltr'>quod</span> <span class='ocrx_word' id='word_1_255' title='bbox 1916 4168 2154 4231; x_wconf 84' lang='lat' dir='ltr'>nostre</span> <span class='ocrx_word' id='word_1_256' title='bbox 2181 4155 2561 4229; x_wconf 83' lang='lat' dir='ltr'>voluntatis</span> <span class='ocrx_word' id='word_1_257' title='bbox 2583 4154 2881 4226; x_wconf 81' lang='lat' dir='ltr'>aviditas</span> <span class='ocrx_word' id='word_1_258' title='bbox 2905 4174 3039 4226; x_wconf 87' lang='lat' dir='ltr'>nos</span> <span class='ocrx_word' id='word_1_259' title='bbox 3067 4155 3338 4247; x_wconf 83' lang='lat' dir='ltr'>invitat,</span> 
     </span>
     <span class='ocr_line' id='line_1_28' title="bbox 522 4275 3347 4374; baseline 0.003 -28"><span class='ocrx_word' id='word_1_260' title='bbox 522 4285 592 4346; x_wconf 92' lang='lat' dir='ltr'>et</span> <span class='ocrx_word' id='word_1_261' title='bbox 635 4275 726 4347; x_wconf 89' lang='lat' dir='ltr'>de</span> <span class='ocrx_word' id='word_1_262' title='bbox 756 4277 1102 4349; x_wconf 90' lang='lat' dir='ltr'>Perusinis</span> <span class='ocrx_word' id='word_1_263' title='bbox 1142 4288 1214 4350; x_wconf 92' lang='lat' dir='ltr'>et</span> <span class='ocrx_word' id='word_1_264' title='bbox 1243 4279 1737 4352; x_wconf 86' lang='lat' dir='ltr'>Assisinatibus</span> <span class='ocrx_word' id='word_1_265' title='bbox 1768 4281 2147 4353; x_wconf 90' lang='lat' dir='ltr'>rebellibus</span> <span class='ocrx_word' id='word_1_266' title='bbox 2179 4281 2434 4353; x_wconf 90' lang='lat' dir='ltr'>nostris</span> <span class='ocrx_word' id='word_1_267' title='bbox 2477 4301 2706 4374; x_wconf 84' lang='lat' dir='ltr'>nuper</span> <span class='ocrx_word' id='word_1_268' title='bbox 2740 4279 3033 4353; x_wconf 81' lang='lat' dir='ltr'>obtenta.</span> <span class='ocrx_word' id='word_1_269' title='bbox 3058 4279 3347 4357; x_wconf 76' lang='lat' dir='ltr'>victoria</span> 
     </span>
     <span class='ocr_line' id='line_1_29' title="bbox 525 4397 3341 4498; baseline 0.003 -30"><span class='ocrx_word' id='word_1_270' title='bbox 525 4397 755 4469; x_wconf 91' lang='lat' dir='ltr'>reddit</span> <span class='ocrx_word' id='word_1_271' title='bbox 781 4399 1063 4481; x_wconf 87' lang='lat' dir='ltr'>liberius</span> <span class='ocrx_word' id='word_1_272' title='bbox 1095 4402 1488 4497; x_wconf 82' lang='lat' dir='ltr'>expeditos,</span> <span class='ocrx_word' id='word_1_273' title='bbox 1524 4403 1708 4475; x_wconf 90' lang='lat' dir='ltr'>vires</span> <span class='ocrx_word' id='word_1_274' title='bbox 1737 4413 1975 4475; x_wconf 90' lang='lat' dir='ltr'>nostre</span> <span class='ocrx_word' id='word_1_275' title='bbox 2004 4404 2315 4498; x_wconf 90' lang='lat' dir='ltr'>potentie</span> <span class='ocrx_word' id='word_1_276' title='bbox 2333 4402 2777 4497; x_wconf 76' lang='lat' dir='ltr'>providimus</span> <span class='ocrx_word' id='word_1_277' title='bbox 2809 4404 3341 4483; x_wconf 63' lang='lat' dir='ltr'>convertendas</span> 
     </span>
     <span class='ocr_line' id='line_1_30' title="bbox 528 4515 3352 4619; baseline 0.003 -27"><span class='ocrx_word' id='word_1_278' title='bbox 528 4519 641 4592; x_wconf 87' lang='lat' dir='ltr'>Ad</span> <span class='ocrx_word' id='word_1_279' title='bbox 676 4522 866 4614; x_wconf 88' lang='lat' dir='ltr'>quod</span> <span class='ocrx_word' id='word_1_280' title='bbox 911 4535 1267 4619; x_wconf 89' lang='lat' dir='ltr'>promptas</span> <span class='ocrx_word' id='word_1_281' title='bbox 1306 4527 1700 4598; x_wconf 89' lang='lat' dir='ltr'>voluntates</span> <span class='ocrx_word' id='word_1_282' title='bbox 1735 4534 2135 4600; x_wconf 90' lang='lat' dir='ltr'>nostrorum</span> <span class='ocrx_word' id='word_1_283' title='bbox 2170 4523 2480 4598; x_wconf 89' lang='lat' dir='ltr'>fidelium</span> <span class='ocrx_word' id='word_1_284' title='bbox 2521 4515 2991 4619; x_wconf 79' lang='lat' dir='ltr'>requirentes,</span> <span class='ocrx_word' id='word_1_285' title='bbox 3036 4526 3352 4603; x_wconf 78' lang='lat' dir='ltr'>fidelitati</span> 
     </span>
    </p>
   </div>
   <div class='ocr_carea' id='block_1_4' title="bbox 615 4693 3072 4870">
    <p class='ocr_par' dir='ltr' id='par_1_4' title="bbox 615 4693 3072 4870">
     <span class='ocr_line' id='line_1_31' title="bbox 615 4693 1291 4778; baseline 0.006 -22"><span class='ocrx_word' id='word_1_286' title='bbox 615 4693 700 4775; x_wconf 78' lang='lat' dir='ltr'>(a)</span> <span class='ocrx_word' id='word_1_287' title='bbox 744 4695 818 4756; x_wconf 71' lang='grc' dir='ltr'>ιιι</span> <span class='ocrx_word' id='word_1_288' title='bbox 849 4697 983 4759; x_wconf 70' lang='lat' dir='ltr'>eod.</span> <span class='ocrx_word' id='word_1_289' title='bbox 1012 4698 1291 4778; x_wconf 54' lang='lat' dir='ltr'>sporum.</span> 
     </span>
     <span class='ocr_line' id='line_1_32' title="bbox 679 4803 3072 4870; baseline 0.003 -6"><span class='ocrx_word' id='word_1_290' title='bbox 679 4803 782 4864; x_wconf 75' lang='lat' dir='ltr'>vr.</span> <span class='ocrx_word' id='word_1_291' title='bbox 2999 4818 3072 4870; x_wconf 68' lang='grc' dir='ltr'>ω</span> 
     </span>
    </p>
   </div>
  </div>
 </body>
</html>
