4364 5738
577 598 778 657 lnmcr.
810 597 903 675 5.]
1471 593 1869 656 HISTORIA
1919 592 2530 656 DIPLOMATICA.
3292 598 3409 660 511

577 731 721 821 vit,
752 732 880 803 sed
920 731 1012 802 ad
1051 730 1273 802 Deum
1325 730 1549 802 solum
1594 729 2059 801 intencionem
2099 728 2381 818 habuit,
2421 728 2748 821 huncque
2782 728 2911 799 sibi
2953 731 3309 803 constituit
3338 733 3413 805 in

582 854 984 946 hujusmodi
1010 854 1288 945 negotio
1316 854 1735 947 adjutorem.
1768 853 1958 926 Licet
1985 853 2195 945 igitur
2221 852 2437 945 aliqui
2470 852 2818 947 principes
2849 875 3145 946 quorum
3174 857 3415 928 suffra·
3440 844 3461 852 ”

586 978 775 1070 gium
809 977 938 1072 ipsi
968 979 1330 1072 prodesset
1344 977 1675 1068 Ecclesie,
1705 986 1928 1049 morte
1957 977 2309 1066 tollantur,
2342 997 2484 1046 non
2510 985 2742 1047 tamen
2770 977 2921 1068 ejus
2947 977 3225 1049 vacillat
3252 1001 3415 1051 con-

585 1101 839 1172 stantia
869 1123 1001 1172 nec
1028 1122 1155 1171 sua
1190 1111 1474 1195 propter
1501 1101 1634 1172 hoc
1666 1100 2000 1172 fortitudo
2032 1099 2390 1193 torpescit.
2419 1100 2790 1191 Nunquam
2825 1100 3009 1170 enim
3042 1100 3226 1173 illius
3258 1102 3413 1173 des-

584 1223 872 1295 tituetur
911 1224 1271 1316 juvamine
1315 1224 1433 1316 qui
1468 1225 1655 1294 salus
1688 1224 1997 1294 omnium
2031 1233 2137 1293 est
2176 1233 2248 1293 et
2287 1222 2468 1310 vita,
2518 1223 2770 1313 cuique
2803 1223 3098 1294 subsunt
3139 1225 3410 1317 singule

580 1355 982 1441 potestates.
1018 1347 1232 1418 Porro
1264 1347 1443 1418 sicut
1474 1347 1768 1418 Domino
1801 1347 2086 1440 placuit,
2128 1344 2303 1417 obiit
2342 1345 2525 1416 clare
2557 1347 2889 1417 memorie
2916 1348 3253 1418 Henricus
3280 1369 3412 1420 rex

575 1472 1045 1543 Romanorum
1087 1469 1369 1540 illustris
1391 1467 1450 1564 (l
1467 1469 1521 1566 ).
1556 1470 1742 1542 Obiit
1787 1469 2068 1561 quidem
2115 1468 2413 1559 mundo,
2449 1469 2574 1540 sed
2613 1478 2694 1539 ut
2732 1491 3089 1564 speramus
3119 1469 3410 1543 firmiter

576 1591 754 1664 vivit
783 1592 953 1681 De0,
987 1613 1115 1686 pro
1142 1592 1342 1683 cujus
1366 1613 1602 1664 amore
1634 1592 1851 1685 ipsius
1878 1591 2182 1662 Ecclesie
2216 1592 2518 1685 suscepit
2548 1592 2903 1682 negotium
2938 1603 3009 1662 et
3042 1593 3410 1666 laudabili-

579 1725 687 1787 ter
719 1736 806 1786 eo
841 1714 1218 1806 adjuvante
1248 1716 1618 1809 promovit.
1656 1703 1882 1787 Grave
1915 1714 2176 1810 quippe
2216 1714 2445 1786 eidem
2479 1715 2921 1809 dispendium
2959 1717 3191 1788 intulit
3224 1740 3411 1791 mors

579 1836 792 1908 illius,
832 1838 1228 1931 Multiplicis
1275 1838 1587 1932 profecto
1634 1837 1894 1909 doloris
1937 1848 2045 1909 est
2087 1859 2297 1909 causa
2338 1837 2584 1909 Christi
2625 1836 2949 1909 fidelibus
2991 1841 3140 1930 ejus
3176 1862 3402 1914 casus.

583 1961 723 2033 sed
752 1982 895 2033 non
923 1961 1014 2033 ob
1046 1960 1176 2032 hoc
1208 1983 1449 2032 eorum
1482 1962 1741 2032 debent
1775 1961 1988 2033 corda
2020 1961 2392 2056 prosterni,
2430 1962 2741 2053 quinimo
2771 1961 2967 2033 firma
2999 1964 3404 2057 consistere,

585 2105 729 2155 non
757 2084 942 2156 vires
968 2086 1351 2156 lentescere
1380 2085 1503 2156 sed
1532 2085 1796 2177 vigere,
1835 2086 2136 2156 maxime
2173 2106 2333 2155 cum
2371 2106 2613 2156 omnes
2645 2085 2733 2156 de
2769 2085 3180 2159 Alamannia
3212 2089 3406 2183 prin·

585 2205 774 2301 cipes
801 2208 922 2299 qui
950 2207 1097 2300 regi
1130 2206 1355 2278 eidem
1375 2187 1791 2279 adheserant
1821 2218 1893 2279 et
1911 2208 2040 2279 sibi
2072 2207 2240 2279 dum
2268 2208 2540 2279 viveret
2565 2209 3044 2300 intendebant,
3079 2211 3149 2280 in
3178 2213 3411 2284 Eccle-

575 2329 683 2402 sie
720 2329 1091 2401 devotione
1130 2330 1468 2402 stabiliter
1501 2342 1982 2424 perseverent,
2020 2331 2258 2422 ibique
2293 2331 2636 2425 prefatum
2683 2334 3038 2423 negotium
3073 2335 3408 2406 successi-

582 2453 715 2524 bus
748 2452 1060 2547 proficiat
1089 2453 1439 2548 prosperis
1482 2464 1552 2524 et
1591 2454 1996 2524 continuum
2040 2453 2328 2547 recipiat
2363 2453 2892 2528 incrementum.
2937 2458 3025 2528 Et
3070 2479 3232 2528 ecce
3279 2480 3409 2531 nos

585 2576 916 2648 dilectum
950 2573 1288 2674 [fratrem]
1319 2586 1632 2649 nostrum
1663 2578 1944 2648 Petrum
1980 2577 2201 2649 sancti
2233 2578 2507 2670 Georgii
2538 2578 2630 2649 ad
2654 2579 2900 2650 Velum
2932 2580 3241 2651 Aureum
3262 2582 3411 2653 dia·

586 2721 840 2773 conum
871 2699 1297 2772 cardinalem
1317 2755 1337 2791 ,
1392 2703 1620 2772 virum
1664 2700 1903 2794 utique
1966 2701 2256 2772 scientia
2304 2701 2662 2790 meritum,
2723 2723 2995 2773 morum
3046 2702 3408 2776 honestate

590 2822 920 2895 decorum
953 2822 1125 2895 etin
1158 2823 1461 2896 consiliis
1492 2824 2068 2918 circumspectum
2091 2877 2111 2913 ,
2152 2823 2318 2895 illuc
2363 2833 2648 2918 propter
2687 2823 2818 2895 hoc
2866 2823 3231 2896 commisso
3278 2825 3410 2897 sibi

588 2948 794 3043 plene
831 2948 1205 3039 legacionis
1237 2948 1465 3020 officio
1492 2947 1918 3020 destinamus
1949 2946 2086 3042 (2),
2118 2945 2549 3019 confidentes
2577 2947 2646 3017 in
2681 2968 2764 3018 eo
2797 2947 2917 3041 qui
2949 2959 3309 3042 sperantes
3334 2949 3408 3020 in

588 3091 662 3140 se
702 3091 846 3140 non
883 3070 1175 3159 deserit,
1218 3071 1344 3142 sed
1376 3094 1585 3164 super
1615 3072 1716 3143 eis
1747 3070 1944 3143 adest
1978 3070 2343 3165 propitiuS,
2377 3071 2568 3163 quod
2600 3070 2786 3142 dicto
2820 3072 3098 3162 negotio
3127 3073 3215 3143 de
3245 3094 3407 3167 per-

583 3212 754 3262 sona
784 3191 1058 3285 ydonea
1090 3213 1228 3282 que
1260 3180 1452 3263 tanto
1482 3204 1818 3285 congruat
1848 3195 2044 3265 oneri
2078 3194 2395 3265 celeriter
2426 3193 2845 3288 providebit.
2879 3194 3410 3268 Universitatem

582 3316 820 3407 itaque
866 3323 1168 3385 vestram
1222 3335 1626 3403 monemus,
1682 3336 2007 3406 rogamus
2053 3326 2126 3386 et
2154 3316 2515 3386 hortamur
2546 3325 2811 3388 attente
2861 3340 2987 3412 per
3030 3320 3411 3413 apostolica

582 3439 784 3510 vobis
830 3437 1084 3531 scripta
1125 3437 1537 3507 mandantes
1580 3448 1922 3528 quatenus
1967 3435 2132 3507 fidei
2178 3447 2250 3508 et
2285 3436 2593 3507 Ecclesie
2640 3439 2987 3532 totiusque
3033 3442 3408 3514 christiane

586 3559 936 3653 religionis
966 3582 1277 3650 causam,
1312 3560 1505 3631 nulla
1536 3581 1626 3630 ex
1656 3559 1950 3655 predicti
1979 3559 2162 3651 regis
2193 3567 2415 3630 morte
2436 3558 2882 3651 depressione
2912 3561 3203 3654 remissi,
3236 3565 3405 3636 viri·

586 3684 768 3755 libus
795 3683 1042 3755 animis
1069 3692 1597 3778 prosequenteS,
1633 3692 1876 3754 contra
1910 3689 2368 3753 memoratum
2397 3680 2839 3752 Fredericum
2872 3683 3159 3776 ejusque
3187 3686 3410 3758 fauto-

590 3828 702 3879 res
749 3808 838 3879 de
884 3807 1123 3879 celesti
1169 3815 1240 3878 et
1281 3806 1676 3901 Apostolice
1711 3805 1911 3878 Sedis
1950 3803 2191 3877 confisi
2235 3804 2582 3897 adjutorio
2637 3807 3024 3898 exsurgatis
3079 3809 3409 3882 continuo

571 3930 932 4007 fortiores.
973 3930 1186 4002 Vobis
1221 3930 1405 4002 enim
1439 3939 1510 4000 et
1548 3929 1700 4001 aliis
1742 3929 1832 4000 de
1873 3927 2286 4001 Lombardia
2330 3927 2602 4000 devotis
2642 3929 2947 4000 Ecclesie
2979 3930 3304 4002 festinum
3338 3941 3411 4003 et

591 4053 843 4126 efficax
872 4053 1257 4126 subsidium
1287 4075 1428 4125 non
1462 4052 1709 4144 deerit,
1744 4074 1902 4124 cum
1939 4074 2152 4148 super
2182 4073 2268 4124 eo
2301 4051 2627 4143 vigiletur
2653 4053 2944 4125 sollicite
2985 4075 3068 4125 ac
3100 4063 3181 4124 ut
3221 4055 3406 4125 cele·

659 4385 733 4456 (⁴)
767 4384 964 4444 Vivere
987 4385 1142 4441 desiit
1168 4385 1398 4458 septimo
1421 4390 1475 4441 et
1497 4383 1705 4441 decimo
1731 4382 1820 4440 die
1857 4381 2114 4440 februarii
2143 4367 2303 4454 hujus
2331 4381 2457 4437 anni
2485 4382 2647 4453 ⁴247,
2673 4383 2729 4438 in
2757 4389 2934 4440 castro
2970 4384 3405 4460 wurtburgensi,

585 4482 777 4540 morbo
805 4482 1054 4539 sublatus
1079 4482 1166 4538 cui
1191 4482 1522 4555 dyssenteria
1549 4496 1743 4537 nomen
1773 4486 1875 4537 est.

662 4580 737 4652 (2)
773 4580 1005 4636 Litterae
1041 4579 1325 4652 legationis
1351 4578 1634 4635 cardinalis
1660 4578 1730 4635 de
1753 4577 1948 4634 Sancto
1977 4575 2211 4648 Georgio
2234 4575 2393 4633 datae
2431 4575 2643 4632 fuerant
2682 4577 2955 4652 Lugduni,
2992 4579 3173 4637 idibus
3200 4580 3404 4652 martii,

591 4693 731 4735 anno
754 4678 825 4736 1v
853 4676 941 4749 (⁴5
969 4676 1149 4733 martii
1172 4677 1354 4748 ⁴247),
1379 4681 1440 4732 ut
1460 4691 1560 4732 nos
1583 4681 1765 4731 monet
1787 4673 1949 4732 index
1972 4672 2318 4746 epistolarum
2347 4672 2637 4729 Innocentii
2664 4676 2855 4746 quarti.
