4364 5738
624 579 826 641 rm.
858 578 956 657 2.]
1514 579 1912 642 rus-roma
1960 578 2554 643 υιΡιοΜΑτιεΑ.
3335 582 3451 645 195

621 714 1084 787 servationem
1121 713 1289 786 boni
1321 722 1542 786 status
1572 716 1786 788 vestri
1821 727 1892 788 et
1930 716 2225 787 aliorum
2263 725 2652 787 nostrornm
2688 713 2999 788 fidelium
3043 736 3317 787 necnon
3355 717 3447 788 ad

619 835 1302 933 dampnificationem
1318 837 1685 909 rebellium
1713 838 2029 932 invigilet
2056 838 2451 930 diligenter.
2474 840 2617 911 Nos
2641 840 2699 911 si
2715 839 3000 932 quidem
3023 839 3261 912 habito
3285 859 3444 914 cum

618 958 1016 1055 Apostolice
1049 959 1248 1031 Sedis
1283 957 1592 1033 antistite
1622 971 1822 1056 patre
1856 971 2098 1034 nostro
2123 961 2472 1055 colloquio
2503 983 2588 1033 ac
2624 961 2865 1057 ipsius,
2901 971 2982 1032 ut
3013 961 3276 1033 dictum
3308 971 3439 1054 est,

617 1083 1103 1157 benedictione
1135 1094 1495 1178 suscepta,
1527 1084 1620 1157 ad
1647 1093 1882 1180 partes
1911 1084 2098 1180 ipsas
2135 1084 2593 1180 personaliter
2632 1095 2703 1157 et
2740 1085 3210 1180 potentialiter
3241 1104 3441 1158 acce-

616 1206 898 1297 demus,
939 1216 1379 1302 expectatam
1418 1207 1621 1280 vobis
1666 1217 1737 1280 et
1775 1208 2046 1281 cunctis
2088 1206 2409 1280 fidelibus
2449 1229 2580 1303 pro
2615 1209 2972 1281 laboribus
3021 1207 3442 1282 meritoriam

520 1408 538 1418 ,
616 1331 954 1404 reddituri
1007 1331 1315 1423 quietem
1359 1340 1430 1403 et
1482 1333 1850 1404 rebellium
1895 1331 2401 1405 contumaciam
2452 1353 2776 1427 suprema
2820 1333 3245 1406 confusionis
3282 1355 3441 1428 per-

615 1454 800 1526 nicie
843 1454 1334 1548 compressuri.
1373 1456 1512 1527 Vos
1546 1455 1759 1548 igitur
1793 1457 1866 1527 in
1911 1477 2214 1549 quorum
2254 1454 2697 1527 conscientiis
2736 1456 3245 1550 prerogativam
3277 1453 3443 1527 fidei

614 1577 891 1671 imperil
929 1577 1247 1650 fundavit
1279 1578 1653 1671 antiquitas
1688 1589 1760 1650 et
1790 1576 2226 1651 consuetudo
2265 1576 2604 1669 firmavit,
2646 1579 2747 1650 sic
2787 1579 3061 1651 interim
3107 1580 3291 1651 inter
3317 1600 3441 1654 cu-

607 1700 832 1792 jusvis
883 1701 1316 1772 necessitatis
1367 1702 1696 1773 articulos
1740 1701 2124 1774 claritatem
2173 1712 2404 1774 vestre
2447 1700 2611 1774 fidei
2657 1702 3091 1797 protendatis
3136 1713 3218 1778 ut
3263 1701 3443 1775 sicut

613 1824 786 1897 alios
817 1823 1001 1896 bone
1033 1825 1412 1898 voluntatis
1439 1834 1849 1917 argumento
1881 1825 2282 1920 preceditis‚
2311 1826 2409 1896 sic
2439 1846 2635 1896 more
2668 1825 2872 1898 solito
2898 1826 2970 1896 in
2992 1822 3440 1920 pensionibus

611 1967 906 2041 operum
939 1947 1356 2041 prs-curratis
1386 1956 1459 2018 et
1483 1946 1909 2018 affluentiam
1938 1956 2175 2019 nostre
2206 1967 2456 2018 manns
2481 1958 2552 2019 et
2577 1948 2798 2038 gratie
2835 1947 3201 2042 specialius
3238 1947 3439 2020 vobis

611 2069 685 2141 in
714 2076 1106 2142 ceterorum
1135 2069 1471 2141 invidiam
1505 2069 1915 2143 vendicetis.
1953 2070 2177 2164 Super
2210 2080 2548 2142 excontro
2579 2091 2749 2141 sane
2780 2071 3244 2162 quorumdam
3273 2092 3434 2144 ves·

612 2201 878 2264 trorum
933 2192 1189 2264 civium
1234 2202 1316 2263 ut
1367 2192 1674 2287 petistis,
1734 2191 1856 2286 qui
1910 2192 2102 2288 apud
2148 2192 2619 2264 Mediolanum
2672 2214 2717 2266 a
2753 2193 3011 2264 nostris
3062 2193 3436 2267 rebellibus

607 2315 1036 2405 detinentur,
1077 2316 1377 2388 Henrico
1409 2315 1658 2386 illustri
1694 2316 1842 2409 regi
1876 2316 2189 2410 predicto
2221 2315 2583 2409 dirigimus
2621 2316 2875 2411 scripta
2916 2326 3183 2408 nostra,
3219 2338 3262 2390 a
3293 2338 3433 2412 quo

606 2459 767 2510 cum
800 2459 1210 2534 responsum
1243 2438 1743 2534 acceperimus,
1775 2438 2142 2533 petitiones
2169 2449 2438 2512 vestras
2467 2460 2643 2533 quas
2677 2440 2958 2535 speciali
2994 2441 3431 2536 prerogativa

607 2561 977 2658 complecti
1028 2564 1389 2653 volumus,
1449 2562 1549 2634 sic
1603 2561 2035 2657 disponimus
2091 2549 2431 2636 exaudire
2480 2564 2673 2659 quod
2728 2563 3068 2642 honorem
3114 2576 3429 2640 nostrum

608 2685 855 2760 deceat
885 2696 957 2758 et
988 2687 1186 2759 vobis
1217 2687 1464 2762 merito
1487 2687 1721 2759 valeat
1751 2707 1904 2759 esse
1937 2696 2240 2780 gratum.

1018 2995 1530 3011 *ψὴ-

713 3250 1176 3359 Fridericus,
1218 3254 1735 3339 Romanorum
1780 3255 2224 3366 imperator,
2263 3257 2590 3343 Lucanis
2625 3258 2705 3342 in
2741 3271 3192 3368 perpetuum
3227 3285 3424 3347 con-
3477 3296 3722 3376 ···,,;,;,,,·ο
3747 3299 3760 3313 ·
3789 3300 3847 3327 ··

604 3383 808 3470 cedit
879 3400 1130 3469 castra
1208 3386 1572 3471 Motronis
1644 3386 2307 3498 Montefegatensis
2377 3402 2454 3472 et
2524 3390 2821 3473 Luliani
2895 3418 3076 3475 cum
3153 3419 3421 3481 eorum

603 3516 1027 3603 rationibus
1045 3579 1074 3625 ‚
1110 3518 1398 3627 datque
1437 3519 1822 3604 licentiam
1855 3522 2262 3631 recipiendi
2298 3523 2381 3608 in
2413 3522 2760 3607 concives
2790 3523 3141 3611 homines
3175 3554 3421 3636 quos-

604 3646 788 3731 libet
833 3649 1404 3760 Garfagnanae,
1454 3652 1650 3735 sicut
1707 3663 1783 3739 et
1829 3652 2368 3738 communibus
2426 3653 2958 3764 Garfagnanae
3009 3659 3416 3766 recipiendi

603 3791 1009 3887 potestates
1042 3795 1118 3865 et
1153 3795 1480 3868 rectores
1514 3785 1831 3868 civitatis
1866 3786 2240 3870 Lucanae.

762 3994 1008 4074 (Inedlt.
1041 4015 1116 4061 ex
1141 3995 1316 4062 Arca.
1352 3997 1604 4063 discaco
1630 3996 1695 4063 di
1712 3998 1926 4072 lma,
1954 4000 2057 4063 lib.
2087 4000 2200 4075 IV.
2226 4011 2295 4065 ιιο
2328 4009 2429 4077 26,
2449 4018 2599 4066 arm.
2626 4002 2731 4074 vl,
2756 4006 3116 4084 transumpt.
3144 4020 3408 4087 pergam.

839 4105 1143 4163 recentiori
1170 4121 1356 4168 mauu
1383 4112 1442 4165 et
1467 4109 1660 4166 minus
1684 4114 1941 4171 correcte
1973 4106 2249 4187 scripto.)

696 4284 772 4355 In
804 4286 1085 4359 nomine
1125 4299 1365 4361 sancte
1404 4299 1475 4360 et
1517 4289 1874 4362 individue
1905 4289 2279 4361 Trinitatis.
2327 4289 2715 4363 Fridericus
2751 4293 3135 4384 secundus,
3175 4295 3411 4373 divina

599 4408 874 4480 favente
904 4411 1271 4483 clementia
1309 4412 1773 4485 Romanorum
1809 4413 2187 4507 imperator
2222 4422 2295 4484 et
2324 4434 2602 4508 semper
2636 4426 3005 4510 augustus,
3039 4420 3411 4498 ierusalem

599 4540 670 4601 et
696 4531 930 4604 Sicilie
958 4555 1112 4605 rex.
1145 4535 1547 4607 Liberalitas
1577 4535 1952 4630 imperialis
1980 4545 2459 4631 recompensat
2491 4537 2564 4607 in
2590 4540 2871 4633 premiis
2898 4541 3208 4637 impensa
3237 4541 3410 4616 fide·

599 4652 765 4725 lium
817 4658 1096 4729 servitia
1140 4680 1278 4751 que
1332 4668 1712 4730 merentur.
1766 4659 2151 4754 Eapropter
2212 4681 2339 4754 per
2394 4663 2738 4755 presentis
2797 4665 3139 4760 privilegii
3193 4668 3410 4740 nostri
