4364 5738
637 4704 835 4761 Unio-1

1025 587 1147 649 538
2020 591 2446 654 FRIDERICI
2496 590 2844 654 SECUNDI
3453 591 3828 669 [Annslffi'l.

1187 775 1900 874 (ndider.mmc1,soeie
1917 776 1987 839 de
2003 780 2179 841 vicar.
2211 780 2399 858 Taso„
2424 787 2472 842 t.
2499 781 2607 859 vl,
2630 798 2689 859 p.
2715 788 2813 840 ⁴⁸.
2831 812 2913 825 -
2931 776 3122 858 Lm,
3141 776 3399 839 mmmm.
3427 741 3613 840 mtesss
3646 776 3829 858 mon,

1262 890 1408 944 tom.
1442 883 1495 962 1,
1524 901 1584 962 p.
1620 888 1786 961 489.)

1119 1069 1521 1143 Fredericus
1576 1071 1664 1144 de
1714 1071 2116 1164 Antiochia,
2173 1073 2436 1146 domini
2474 1072 2906 1169 imperatoris
2956 1068 3173 1160 filius,
3225 1070 3402 1142 sacri
3448 1070 3716 1166 imperii
3763 1072 3831 1142 in

1019 1194 1260 1266 Tuscia
1301 1205 1373 1267 et
1414 1196 1505 1267 ab
1544 1195 1811 1268 Amelia
1857 1220 2077 1291 usque
2122 1199 2490 1271 Cornetum
2533 1208 2606 1270 et
2644 1218 2769 1293 per
2815 1205 3029 1269 totam
3077 1195 3489 1269 Maritimam
3535 1194 3833 1268 vicarius

1017 1321 1386 1412 generalis,
1419 1322 1633 1393 nobili
1664 1322 1816 1395 viro
1848 1323 2131 1396 domino
2160 1324 2395 1395 comiti
2421 1322 2720 1395 Guidoni
2747 1320 3071 1416 potestati
3097 1320 3314 1392 Aretii
3345 1318 3527 1393 fideli
3562 1319 3830 1415 imperii

1018 1445 1242 1518 amico
1268 1452 1422 1518 'suo
1469 1447 1762 1519 salutem
1809 1457 1879 1518 et
1923 1469 2231 1520 amorem
2272 1448 2643 1519 sincerum.
2683 1447 3050 1531 Querelam
3105 1445 3519 1516 venerabilis
3563 1443 3832 1516 abbatis

1017 1572 1268 1643 Sancte
1294 1571 1492 1643 Flore
1520 1569 1802 1643 Aretine
1839 1594 2062 1666 nuper
2093 1572 2481 1667 recepimus
2507 1571 2978 1645 continentem
3006 1569 3197 1662 quod
3229 1569 3574 1664 dompnus
3606 1570 3828 1640 Bene-

1017 1694 1243 1766 dictus
1289 1694 1522 1766 Sancti
1576 1695 1950 1767 Salvatoris
1998 1705 2069 1768 et
2116 1696 2463 1790 dompnus
2506 1695 2797 1768 Dianese
2846 1694 2934 1766 de
2975 1692 3260 1765 Anteria
3310 1692 3710 1787 capellanus
3761 1701 3833 1764 et

1015 1820 1356 1914 presbiter
1379 1821 1612 1890 Bonus
1635 1820 2007 1891 canonicus
2027 1821 2383 1912 AretinuS,
2416 1820 2822 1891 auctoritate
2856 1816 3307 1909 delegationis
3332 1817 3433 1888 eis
3462 1816 3829 1888 commisse

1011 1965 1055 2014 a
1088 1945 1488 2017 Marcellino
1517 1945 1682 2017 olim
1714 1945 2039 2040 episcopo
2076 1944 2364 2018 Aretino
2394 1966 2580 2016 nunc
2617 1943 2971 2039 proditore
3008 1951 3079 2014 et
3106 1940 3485 2014 exbannito
3519 1941 3825 2036 imperii,

1012 2068 1239 2164 ipsum
1274 2069 1601 2146 abbatem
1639 2078 1708 2140 et
1739 2069 2091 2140 abbatiam
2122 2068 2429 2142 indebite
2478 2069 2926 2141 molestantes
2961 2088 3103 2139 non
3149 2066 3558 2161 permittunt
3601 2065 3827 2160 ipsum

1010 2215 1139 2288 pro
1176 2192 1429 2265 debitis
1470 2193 1686 2288 ipsius
1727 2192 2015 2265 ecclesie
2059 2192 2502 2265 exsolvendis
2534 2193 2624 2264 de
2667 2191 2869 2264 bonis
2916 2190 3129 2286 ipsius
3175 2190 3451 2262 abbatie
3491 2190 3825 2283 alienare,

1010 2329 1357 2413 emptores
1397 2328 1469 2389 et
1509 2339 1739 2389 emere
1780 2319 2096 2390 volentes
2131 2303 2539 2390 auctoritate
2575 2316 2885 2412 predicta
2920 2315 3051 2388 sub
3096 2314 3832 2402 excommunicationis

1007 2464 1190 2538 pena
1234 2442 1720 2516 nichilominus
1763 2444 2236 2539 prohibentes,
2284 2445 2452 2516 Cum
2511 2443 2721 2536 igitur
2764 2442 2853 2514 de
2903 2441 3242 2537 imperiali
3287 2442 3616 2516 mandato
3660 2465 3826 2538 pro·

1006 2568 1212 2641 cedat
1241 2576 1320 2640 ut
1345 2589 1551 2640 nemo
1579 2569 1987 2641 auctoritate
2016 2569 2310 2661 alicujus
2345 2567 2577 2641 clerici
2603 2569 2717 2640 vel
2747 2567 2994 2662 prelati
3021 2575 3091 2638 et
3122 2566 3425 2638 maxime
3460 2567 3826 2640 rebellium

1003 2692 1274 2788 imperii
1311 2714 1386 2765 se
1429 2692 1502 2763 in
1545 2693 1779 2787 aliquo
1826 2693 2281 2766 intromittere
2323 2700 2653 2782 attentet,
2707 2692 3119 2764 mandamus
3166 2691 3367 2763 vobis
3416 2692 3826 2764 auctoritate

1001 2817 1343 2915 imperiali
1391 2838 1529 2912 qua
1574 2816 1926 2911 fungimur
1978 2816 2270 2892 firmiter
2327 2817 2767 2912 injungentes
2814 2824 3157 2910 quatenus
3205 2814 3510 2911 prefatos
3548 2816 3825 2909 judices

1001 2941 1359 3034 delegatos
1392 2942 1620 3012 taliter
1659 2942 2089 3038 compellatis
2127 2952 2209 3014 ut
2243 2942 2633 3037 predictum
2673 2942 2996 3013 abbatem
3043 2962 3168 3013 seu
3217 2940 3570 3012 abbatiam
3616 2963 3821 3015 occa·

1000 3064 1194 3137 sione
1228 3066 1411 3138 dicte
1440 3065 1894 3156 delegationis
1930 3088 2071 3138 non
2106 3068 2512 3157 molestent,
2546 3077 2618 3139 et
2645 3066 2839 3160 quod
2874 3066 3279 3162 permittant
3305 3064 3570 3137 dictum
3602 3068 3822 3140 abba-

1003 3200 1141 3260 tem
1187 3210 1315 3283 pro
1369 3187 1674 3261 evidenti
1734 3198 1804 3260 et
1848 3189 2235 3261 necessaria
2285 3190 2580 3261 utilitate
2636 3190 2819 3262 dicte
2868 3190 3146 3262 abbatie
3196 3189 3285 3262 de
3348 3190 3550 3261 bonis
3602 3190 3825 3285 ipsius

997 3312 1275 3384 abbatie
1308 3311 1610 3384 vendere
1639 3321 1709 3383 et
1734 3313 2065 3404 alienare,
2102 3314 2298 3387 salvo
2330 3315 2522 3408 quod
2549 3325 2775 3387 castra
2806 3316 2919 3387 vel
2956 3314 3147 3387 aliud
3179 3313 3370 3408 quod
3401 3315 3493 3386 ab
3528 3315 3823 3411 imperio

998 3446 1268 3509 teneret
1307 3457 1449 3508 non
1488 3436 1738 3508 debeat
1782 3437 2112 3509 alienare.
2157 3439 2620 3511 Nihilominus
2661 3439 2868 3510 etiam
2907 3439 3135 3511 taliter
3177 3439 3607 3535 compellatis
3650 3462 3818 3535 pre-

995 3561 1217 3635 dictos
1259 3561 1533 3654 judices
1589 3562 1945 3654 delegatos
2002 3563 2195 3655 quod
2244 3564 2631 3659 predictum
2684 3564 3009 3636 abbatem
3066 3564 3181 3637 vel
3238 3563 3543 3657 aliquem
3600 3564 3821 3637 alium

993 3686 1355 3760 occasione
1409 3686 1592 3758 dicte
1650 3686 2103 3779 delegationis
2164 3688 2395 3782 palam
2454 3690 2568 3761 vel
2617 3687 2941 3784 privatim
3005 3687 3610 3760 excommunicare
3667 3710 3817 3761 non

993 3820 1433 3906 presumant,
1481 3811 1926 3905 procedendo
1975 3821 2218 3884 contra
2265 3835 2386 3886 eos
2435 3813 2525 3885 de
2582 3814 2979 3910 receptione
3029 3813 3483 3907 delegationis
3542 3814 3813 3909 prefate

990 3936 1169 4009 sicut
1202 3935 1295 4008 ad
1329 3934 1663 4007 honorem
1692 3935 1962 4031 imperii
1997 3937 2306 4010 videritis
2335 3938 2690 4033 expedire.

1085 4062 1338 4133 Datum
1364 4058 1438 4132 in
1473 4059 1717 4132 castris
1743 4059 1814 4131 in
1848 4060 2385 4159 depopulatione
2422 4062 2712 4155 Perusii,
2751 4063 2841 4135 111
2868 4062 3076 4156 junii,
3112 4063 3172 4136 V
3204 4061 3604 4137 indictione.

1090 4696 1553 4809 FridericuS,
1614 4698 2130 4786 Romanorum
2200 4701 2639 4811 Mperator,
2691 4695 2983 4783 Pisanis
3040 4697 3325 4810 gratias
3377 4696 3537 4806 agit
3587 4692 3805 4804 quod
