4364 5738
512 613 527 616 ὁ
588 542 791 601 lamet.
824 537 916 616 3.]
1485 533 1891 597 ffls'ronm
1932 533 2526 596 DIPLOMATmA.
3290 530 3414 594 289

540 704 549 712 ·
589 684 673 745 ut
705 672 1026 768 impleret
1076 689 1473 741 mensuram
1518 679 1794 764 patrum
1833 691 2152 758 suorum,
2203 671 2400 742 velut
2444 668 2719 757 Medea,
2753 667 3035 763 proprio
3078 664 3222 739 filio
3265 687 3410 739 non

590 794 928 891 pepercit,
960 794 1084 866 sed
1117 793 1517 864 Hainricum
1543 791 1764 865 filium
1803 816 2007 865 suum
2043 793 2581 889 primogenitum
2610 792 2916 863 illectum
2952 790 3310 864 blanditiis
3339 799 3412 862 et

588 939 773 999 vana
827 918 1282 1013 promissione
1333 918 1696 990 seductum
1750 918 2063 1011 falsaque
2110 917 2479 989 securitate
2531 916 2938 1010 deceptum,
2988 915 3287 1008 conjecit
3312 919 3409 1001 ‚in

588 1042 905 1130 vincula,
938 1041 1235 1114 deduxit
1271 1063 1395 1136 per
1429 1062 1745 1113 carceres
1774 1041 1896 1112 ubi
1931 1062 2092 1112 eum
2136 1040 2245 1112 sui
2274 1039 2606 1132 genitoris
2641 1061 3011 1134 erumpens
3041 1041 3261 1129 furor,
3300 1039 3410 1111 in-

590 1165 899 1258 dignatio
937 1165 1297 1260 pertinax,
1335 1164 1438 1236 ira
1478 1165 2000 1257 immisericors,
2052 1164 2304 1237 duritia
2349 1163 2746 1236 inflexibilis
2794 1163 2893 1236 sic
2936 1164 3183 1236 afflixit
3218 1162 3412 1259 quod

592 1290 760 1362 dum
792 1289 937 1361 vita
973 1288 1103 1360 sibi
1129 1309 1332 1361 versa
1360 1289 1538 1360 foret
1569 1289 1641 1359 in
1681 1287 1973 1378 tedium,
2004 1288 2505 1384 desperationis
2541 1286 2975 1383 precipitium
3012 1287 3405 1378 advocavit,

592 1422 877 1506 propter
917 1412 1108 1503 quod
1140 1412 1213 1482 in
1242 1412 1393 1483 dira
1423 1420 1646 1483 morte
1674 1413 1954 1505 juvenis
1989 1413 2283 1484 extorsit
2313 1412 2616 1483 animam
2657 1433 2699 1483 a
2731 1432 3021 1507 corpore
3058 1413 3409 1508 propriam

594 1544 666 1608 et
718 1536 951 1607 efflare
1006 1558 1208 1606 suum
1257 1536 1484 1628 coegit
1534 1536 1847 1632 spiritum
1901 1537 2341 1609 renitentem.
2388 1537 2555 1607 Tres
2598 1535 2880 1629 quidem
2923 1558 3184 1608 uxores
3237 1558 3411 1630 quas

590 1658 836 1730 habuit
901 1677 1062 1730 cum
1113 1659 1391 1754 Orpheo
1456 1660 1530 1731 in
1593 1660 1990 1756 labyrintho
2045 1662 2408 1733 conclusas
2425 1713 2444 1749 ,
2475 1658 2853 1732 invisibiles
2908 1660 3052 1732 fere
3114 1660 3278 1733 fecit
3341 1671 3413 1733 et

471 1883 475 1888 ῃ
596 1804 641 1855 a
669 1789 991 1855 natorum
1035 1785 1428 1879 aspectibus
1470 1784 1771 1876 alienaS,
1817 1806 1993 1878 quas
2031 1785 2351 1877 angustia
2396 1774 2753 1856 carcerum
2809 1783 2908 1856 sic
2954 1784 3295 1878 depressit
3331 1795 3414 1859 ut

597 1905 699 1979 eis
742 1904 945 1978 fieret
982 1908 1159 1979 mori
1194 1909 1465 1979 lucrum
1503 1917 1575 1979 et
1618 1908 1859 1981 vivere
1903 1906 2284 1997 cruciatus;
2330 1907 2516 2002 ipsas
2554 1928 2726 1979 vero
2759 1928 2902 1979 non
2948 1908 3202 2004 eripuit
3230 1930 3276 1981 a
3304 1909 3414 1982 vi-

594 2030 810 2102 vendi
840 2031 1135 2102 termino
1163 2051 1350 2102 mors
1377 2031 1736 2121 naturaliS,
1774 2031 1898 2103 sed
1925 2052 2113 2133 mors
2140 2053 2270 2125 per
2304 2051 2605 2121 coquum
2638 2041 3030 2124 procurata,
3063 2041 3144 2103 ut
3177 2032 3413 2126 opinio

594 2154 879 2246 vulgata
930 2154 1264 2226 declarat.
1319 2156 1581 2240 Quarta
1628 2176 1785 2225 cum
1844 2154 2149 2226 noluerit
2192 2151 2292 2249 (a)
2347 2153 2598 2224 talibus
2648 2152 2926 2224 detrudi
2976 2154 3408 2245 carceribuS‚

599 2275 843 2348 delusa
875 2286 981 2348 est
1011 2277 1103 2348 ob
1136 2277 1473 2348 insaniam
1521 2276 1689 2348 celsi
1724 2275 2024 2350 nominis
2065 2287 2136 2348 et
2165 2298 2334 2348 aure
2365 2276 2652 2368 gloriam
2692 2276 3081 2371 popularis,
3118 2289 3415 2369 quanto·

600 2399 750 2472 cius
785 2400 1243 2496 perfundetur
1283 2401 1582 2473 mestitia
1622 2414 1692 2473 et
1732 2399 2018 2474 horrore
2051 2421 2263 2495 quam
2301 2420 2439 2471 non
2483 2400 2883 2472 absorbebit
2915 2402 3198 2495 superni
3243 2403 3419 2476 roris

602 2522 862 2596 alluvio
888 2542 1022 2596 nec
1050 2525 1193 2596 vite
1226 2524 1548 2596 solatium
1578 2524 1692 2596 vel
1724 2524 2142 2619 policonium
2169 2522 2266 2621 (b)
2302 2524 2692 2619 pompatice
2726 2523 3024 2619 pietatis,
3064 2525 3241 2596 Nam
3276 2524 3417 2620 spi-

605 2647 778 2719 ritus
817 2647 1157 2743 zelotypie
1207 2657 1573 2742 postquam
1616 2647 1842 2719 virum
1882 2646 2077 2718 illum
2113 2645 2356 2741 arripit
2401 2647 2521 2739 qui
2575 2647 2821 2718 metuit
2858 2646 2988 2719 sibi
3027 2645 3176 2719 fieri
3229 2648 3422 2740 quod

603 2771 758 2842 aliis
782 2772 930 2866 ipse
959 2771 1154 2861 fecit,
1194 2770 1294 2843 sic
1325 2771 1551 2866 ipsum
1585 2771 1777 2842 varia
1808 2770 2199 2865 suspicione
2233 2779 2474 2841 contra
2508 2790 2802 2841 uxorem
2834 2790 3031 2841 suam
3066 2770 3415 2860 sollicitat,

605 2896 700 2967 ita
736 2898 1064 2967 continua
1094 2897 1471 2968 vexatione
1505 2877 1920 2988 contorquet
1943 2903 2024 2965 ut
2051 2915 2182 2966 nec
2209 2894 2415 2966 uxori
2462 2894 2623 2965 licet
2662 2894 3012 2966 innocenti
3052 2895 3283 2967 valeat
3314 2896 3419 2967 lo-

601 3019 723 3112 qui
753 3018 1125 3112 quicquam
1168 3017 1531 3112 pacificum
1576 3027 1699 3090 aut
1738 3037 1814 3090 se
1858 3026 2300 3089 mansuetum
2340 3016 2708 3089 ostendere
2740 3018 2853 3088 vel
2892 3037 3252 3108 serenum,
3295 3016 3424 3090 sed

605 3157 761 3212 eam
788 3141 1050 3211 cruciat
1072 3161 1377 3230 carcere,
1400 3142 1641 3232 affligit
1664 3140 2098 3232 verberibuS,
2121 3140 2354 3212 verbis
2373 3140 2672 3212 dissecat
2695 3159 2779 3212 ac
2805 3150 3066 3212 terrore
3075 3192 3416 3213 .....

603 3264 922 3335 Ceterum
963 3283 1105 3335 non
1148 3271 1253 3334 est
1292 3264 1541 3334 mirum
1588 3263 1645 3336 si
1684 3264 1942 3358 passim
1985 3264 2251 3357 absque
2296 3263 2573 3335 delectu
2613 3264 2866 3355 injuste
2911 3264 3256 3336 interfecit
3295 3264 3420 3337 ho·

604 3385 856 3476 mines,
889 3404 1048 3456 cum
1083 3385 1532 3479 temporalem
1562 3404 1813 3479 penam
1843 3403 1984 3456 non
2015 3393 2280 3456 metuat
2308 3395 2380 3456 et
2415 3385 2646 3456 minus
2681 3393 3028 3475 eternam,
3069 3404 3155 3457 eo
3190 3385 3418 3479 quod,

603 3509 786 3582 sicut
830 3509 940 3581 sui
988 3508 1350 3581 domestici
1399 3518 1744 3598 asserunt,
1794 3508 2027 3580 anima
2082 3508 2384 3581 hominis
2433 3507 2612 3603 perit
2657 3527 2816 3577 cum
2860 3526 3177 3600 corpore,
3215 3508 3425 3598 juxta

604 3633 1129 3706 sadduceorum
1171 3629 1472 3703 heresim
1513 3633 1634 3724 qui
1670 3630 2248 3704 resurrectionem
2291 3632 2437 3703 fore
2480 3632 2784 3701 futuram
2828 3640 2899 3700 et
2936 3630 3265 3720 angelum
3306 3629 3422 3701 vel

542 3803 549 3808 -
607 3756 921 3849 spiritum
952 3755 1252 3826 existere
1280 3763 1422 3826 non
1453 3755 1870 3845 credebant3
1900 3774 2147 3828 verum
2180 3753 2374 3849 apud
2409 3755 2594 3864 tales!
2610 3751 2835 3825 omnis
2861 3751 3138 3823 divinus
3161 3751 3416 3841 cultus,

609 3879 799 3969 leges
830 3878 1075 3950 Christi
1105 3888 1175 3951 et
1203 3878 1584 3971 Evangelia
1618 3896 1840 3950 vacua
1868 3887 2033 3950 sunt
2063 3887 2136 3949 et
2164 3897 2386 3950 cassa.
2425 3877 2564 3949 Sed
2600 3895 2904 3948 errorem
2940 3873 3180 3946 talium
3217 3875 3423 3967 longe

610 4001 815 4073 faciat
838 4002 1173 4074 Dominus
1206 4024 1250 4073 a
1290 4000 1479 4074 fideli
1525 4003 1785 4096 populo
1826 3999 2236 4091 christiam,
2274 4001 2474 4091 cujus
2506 4021 2667 4094 pars
2709 4018 2851 4069 non
2897 3995 3182 4067 minima
3228 3996 3422 4069 inco·

610 4122 759 4196 lens
794 4126 1074 4197 Terram
1115 4127 1466 4216 Sanctam,
1514 4135 1928 4220 procurante
1972 4134 2053 4195 ut
2101 4122 2434 4194 asseritur
2469 4121 2603 4192 isto
2650 4128 3091 4215 persecutore
3131 4118 3419 4211 callid0,

694 4312 781 4392 (a)
824 4314 952 4394 Sic;
982 4316 1293 4395 legendnm
1318 4322 1518 4377 tamen
1545 4315 1843 4376 credimus
1873 4330 1995 4374 non
2023 4311 2305 4374 timuerit.

696 4412 780 4496 (b)
821 4415 1091 4480 Forsitan
1126 4420 1439 4500 legendnm
1468 4417 1876 4499 potinam-ium
1889 4462 1906 4489 ,
1945 4417 2009 4477 ld
2036 4423 2128 4477 est
2167 4421 2485 4494 apparatus
2510 4416 2612 4493 qui
2639 4415 2705 4474 in
2731 4413 3024 4494 ungendis
3056 4422 3428 4478 mortuorum

611 4520 953 4602 corporibus
976 4524 1408 4588 asservabatur.
1438 4526 1533 4588 cf.
1572 4525 1902 4602 Daemon,
1941 4518 2195 4586 monor.
2224 4523 2304 4583 ad
2330 4521 2491 4583 verb.
2521 4520 2711 4583 Totus
2731 4537 2872 4583 vero
2903 4519 3004 4581 ssle
3028 4519 3194 4584 locus
3219 4522 3429 4584 obsen-

612 4631 736 4691 rlor
757 4631 972 4709 cuique
995 4631 1314 4693 videbitur.

768 4729 878 4793 VI.
1611 4743 1629 4759 ·
3033 4736 3106 4790 87
