4364 5738
993 566 1116 631 540
1992 571 2425 633 rmnnmcl
2475 570 2821 633 suenum
3424 570 3585 657 [An.
3620 572 3802 634 1247.

995 712 1080 785 ut
1113 701 1274 786 fieri
1311 702 1537 788 faciat
1567 704 2135 815 inquisitionem
2161 707 2260 789 de
2296 705 2632 816 quodam
2688 703 2999 787 Aretino
3042 703 3176 814 qui
3212 704 3488 788 dicitur
3521 705 3800 811 fidelis,

993 847 1213 944 capto
1249 837 1519 921 inermi
1555 839 1751 923 inter
1783 840 2125 924 infideles
2157 839 2591 924 Perusinos.

1156 1051 1344 1132 (nuit.
1372 1071 1471 1133 ap.
1501 1055 1668 1117 Pam·
1690 1053 1761 1116 ιιι
1796 1056 1928 1117 vin.
1961 1057 2154 1138 epist„
2186 1056 2288 1118 nb.
2317 1055 2396 1135 v,
2424 1071 2551 1133 cap.
2591 1052 2777 1134 xm.)

1086 1241 1506 1333 Fridericus,
1545 1255 1676 1316 etc.
1719 1244 1850 1315 Pro
1878 1255 2076 1339 parte
2115 1243 2585 1316 universitatis
2617 1241 2911 1314 civitatis
2939 1239 3256 1334 Aretine,
3298 1240 3607 1314 fidelium
3636 1264 3801 1315 nos·

990 1374 1289 1456 trorum,
1331 1389 1558 1462 nuper
1603 1377 1838 1440 nostre
1878 1369 2006 1439 fuit
2051 1369 2462 1440 excellentie
2511 1367 2970 1462 supplicatum
3017 1367 3206 1459 quod
3256 1387 3415 1438 cum
3461 1370 3541 1440 R.
3585 1369 3802 1463 ipsius

988 1490 1285 1562 civitatis
1311 1491 1479 1562 civis
1509 1491 1579 1562 in
1610 1492 1922 1564 exercitu
1952 1493 2440 1565 Perusinorum
2470 1503 2864 1563 nostrorum
2895 1491 3256 1562 rebellium
3294 1502 3533 1563 contra
3560 1490 3803 1564 fideles

986 1624 1259 1687 nostros
1289 1615 1679 1706 Fulginates
1708 1616 2068 1687 temerarie
2107 1625 2563 1709 congregato,
2605 1616 2887 1686 inermis
2919 1625 3162 1709 captus
3193 1616 3534 1706 extiterit,
3576 1626 3647 1687 et
3676 1639 3805 1711 per

988 1748 1056 1809 te
1087 1737 1523 1832 postmodum
1562 1740 1856 1810 carceris
1897 1739 2190 1812 vinculis
2226 1741 2632 1835 deputatus;
2672 1739 2973 1811 eundem
3001 1740 3082 1810 R.
3129 1740 3355 1810 taliter
3388 1749 3665 1835 captum
3708 1739 3801 1812 ad

984 1860 1289 1956 ipsorum
1332 1862 1773 1935 Aretinorum
1825 1863 2306 1955 devotionem,
2351 1886 2561 1958 quam
2609 1885 2772 1956 erga
2818 1872 3051 1935 nostre
3102 1863 3528 1935 celsitudinis
3573 1864 3800 1936 incre-

982 1997 1294 2059 mentum
1351 1999 1715 2081 gesserunt
1755 1989 2090 2062 hactenus
2139 2001 2211 2062 et
2256 1990 2681 2062 incessanter
2732 2003 2984 2082 gerunt
3037 1988 3337 2062 fideliter
3380 2000 3450 2061 et
3502 1989 3793 2082 devote,

982 2112 1277 2185 liberare
1305 2114 1396 2184 ab
1428 2114 1578 2210 ipso
1607 2136 1882 2187 carcere
1911 2114 2000 2188 de
2028 2124 2262 2187 nostra
2297 2116 2518 2207 gratia
2545 2115 3013 2206 dignaremur.
3046 2115 3333 2210 Propter
3362 2115 3549 2208 quod
3581 2114 3799 2211 ipsius

982 2238 1368 2309 communis
1431 2215 2047 2333 supplicationibus
2104 2239 2474 2332 benignius
2536 2238 2845 2311 inclinati
2909 2248 2980 2310 et
3041 2238 3347 2333 ipsorum
3405 2249 3797 2311 nostrorum

981 2359 1291 2434 fidelium
1327 2363 1767 2435 attendentes
1805 2364 2246 2436 devotionem
2283 2386 2646 2460 synceram
2696 2374 2766 2435 et
2798 2363 3075 2436 servitia
3108 2363 3437 2455 gratiosa,
3481 2361 3798 2436 fidelitati

985 2496 1100 2558 tue
1137 2487 1550 2559 mandamus
1582 2491 1925 2581 quatenus
1967 2488 2056 2560 de
2101 2489 2422 2585 captione
2464 2488 2679 2584 ipsius
2718 2490 2835 2578 R„
2874 2487 3199 2560 videlicet
3239 2488 3534 2581 qualiter
3570 2498 3641 2559 et
3674 2488 3796 2559 ubi

981 2620 1226 2706 captus
1254 2611 1510 2703 extitit,
1548 2622 1619 2683 et
1645 2612 1702 2683 si
1743 2622 1907 2683 tunc
1944 2621 2092 2683 erat
2123 2611 2440 2703 inermiS,
2471 2620 2552 2682 ut
2585 2611 2846 2684 dictum
2880 2620 3018 2703 est,
3059 2612 3428 2705 diligenter
3455 2612 3790 2706 inquiraS,

979 2734 1313 2830 quicquid
1353 2735 1534 2836 inde¹
1562 2735 1910 2808 inveneris
1948 2745 2181 2808 nostre
2224 2735 2414 2807 curie
2459 2736 2950 2831 rescripturus3
2998 2745 3077 2807 ut
3120 2759 3249 2832 per
3289 2745 3356 2809 te
3395 2735 3785 2830 certificati,

978 2859 1162 2935 circa
1191 2858 1326 2935 hoc
1352 2860 1691 2934 celsitudo
1716 2871 1954 2935 nostra
1981 2861 2343 2958 procedat,
2374 2860 2551 2934 sicut
2577 2860 2785 2933 fuerit
2812 2860 3356 2958 procedendum.

1084 3413 1506 3498 Fridericus
1527 3477 1551 3524 ‚
1591 3416 2108 3500 Romanorum
2145 3418 2585 3527 imperator,
2616 3415 3076 3499 monasteria
3113 3413 3348 3498 Vallis
3382 3413 3575 3498 Pesii
3611 3437 3787 3497 cum

976 3545 1458 3657 hominibuS‚
1515 3550 1891 3658 grangiis,
1951 3550 2556 3659 possessionibus
2618 3561 2693 3633 et
2736 3549 3094 3633 omnibus
3145 3548 3369 3632 bonis
3418 3548 3583 3659 ejus
3641 3546 3787 3630 sub

975 3683 1436 3789 protectione
1473 3709 1610 3767 sua
1648 3684 1939 3792 recipit,
1980 3694 2053 3767 et
2091 3684 2454 3768 Jacobum
2493 3683 3011 3767 marchionem
3045 3684 3143 3768 de
3188 3683 3493 3768 Carreto
3535 3707 3783 3793 gene-

973 3841 1148 3899 rum
1188 3843 1414 3902 suum
1451 3818 1791 3901 mandati
1828 3819 1947 3902 sui
1983 3828 2457 3903 executorem
2495 3819 2782 3902 statuit.

1135 4034 1324 4110 (Edit.
1355 4051 1451 4112 ap.
1481 4035 1701 4096 Hister.
1725 4041 1891 4115 patr.
1921 4052 2173 4097 monum.
2181 4079 2201 4111 ,
2241 4033 2456 4109 chart„
2485 4041 2532 4096 t.
2565 4035 2620 4115 Ι,
2649 4052 2711 4114 p.
2747 4044 2933 4111 13933
2968 4042 3213 4097 curante
3240 4034 3465 4097 Ludov.
3497 4032 3780 4108 Gibrario‚

1214 4159 1289 4205 ex
1315 4142 1479 4203 arch.
1510 4139 1654 4202 delle
1680 4159 1803 4225 req.
1817 4141 2096 4222 finanze,
2125 4160 2259 4221 cop.
2289 4143 2628 4204 authentica
2655 4145 2797 4203 anni
2829 4151 3009 4224 1248,
3039 4149 3106 4204 ut
3128 4141 3441 4221 sequitur.)

1066 4328 1272 4402 Anno
1305 4330 1579 4402 Domini
1619 4330 1986 4404 millesimo
2019 4332 2495 4407 ducentesimo
2526 4331 3055 4427 quadragesimo
3092 4340 3374 4423 octavo,
3407 4328 3783 4402 indictione

967 4464 1168 4527 sexta
1188 4507 1208 4545 ,
1246 4454 1359 4526 die
1405 4457 1646 4527 martis
1694 4466 1943 4551 quarto
1987 4459 2247 4530 mensis
2289 4458 2560 4551 augusti
2582 4512 2603 4551 ,
2654 4458 2727 4530 in
2777 4458 3008 4530 Cuneo
3049 4457 3179 4529 sub
3216 4455 3484 4551 porticu
3534 4454 3784 4528 domus

965 4578 1265 4653 filiorum
1310 4580 1663 4672 quondam
1702 4581 1985 4655 Jordani
2026 4585 2268 4674 Palee,
2315 4583 2384 4654 in
2426 4583 2774 4680 presentia
2809 4580 3072 4656 domini
3108 4580 3411 4653 Ianuarii
3443 4578 3781 4652 Astexani

963 4698 1339 4777 Acimberti
1388 4711 1461 4776 et
1508 4704 1743 4779 Jacobi
1796 4705 2096 4780 Richerii
2150 4706 2428 4781 testium
2480 4715 2878 4800 rogatorum
2899 4759 2920 4798 ‚
2975 4703 3299 4779 dominus
3349 4702 3781 4796 Bergondius
