4364 5738
565 623 768 690 Inm-
799 623 892 709 5.)
1468 621 1861 689 HISTORIA
1908 620 2497 689 mantuanus.
2840 635 2841 638 ’
3038 605 3049 608 j
3256 619 3375 683 531¹

676 1282 1154 1365 Innocentius
1226 1307 1424 1391 papa
1499 1281 1877 1392 [Aymoni]
1943 1281 2255 1364 domino
2318 1283 2412 1363 de
2470 1279 2897 1363 Fulciniaco
2952 1278 3376 1390 [Faucigni]

573 1427 825 1523 grates
882 1418 1039 1524 agit
1102 1416 1310 1523 quod
1370 1416 1679 1498 viriliter
1733 1413 2106 1497 Ecclesiae
2168 1425 2433 1497 contra
2500 1414 2963 1497 Fridericum
3031 1415 3376 1523 impera-

573 1561 815 1633 torem
890 1549 1234 1657 assistat,
1302 1575 1630 1662 eumque
1700 1560 1774 1634 et
1834 1558 2115 1634 terram
2182 1549 2347 1659 ejus
2420 1548 2565 1634 sub
2634 1548 3092 1662 protectione
3166 1546 3383 1634 Sedis

574 1681 1049 1793 Apostolicae
1089 1682 1398 1793 recipit,
1434 1683 1881 1792 promittens
1941 1684 2149 1794 quod
2205 1709 2378 1768 eum
2416 1682 2854 1768 nullatenus
2912 1681 3202 1768 deseret
3247 1705 3385 1768 nec

573 1841 840 1927 pacem
907 1816 1350 1903 reformabit
1403 1816 1512 1902 ita
1574 1817 1788 1930 quod
1846 1816 2271 1905 Fridericus
2329 1816 2447 1905 vel
2501 1816 2777 1934 aliquis
2829 1815 3160 1905 filiorum
3220 1814 3385 1926 ejus

573 1975 703 2032 rex
742 1959 873 2035 aut
908 1951 1317 2060 imperator
1352 1950 1647 2046 existat,

737 2197 930 2276 (Edit.
963 2201 1022 2260 in
1060 2196 1277 2260 uictor.
1315 2202 1480 2275 μιν.
1517 2212 1798 2272 anonam„
1832 2193 2050 2272 chart„
2078 2202 2125 2258 t.
2159 2197 2221 2274 Ι,
2261 2214 2323 2279 p.
2368 2203 2554 2274 1388,
2596 2202 2836 2260 curante
2861 2197 3038 2262 Petro
3061 2194 3270 2271 Datta,
3309 2214 3381 2258 ex

813 2307 1023 2384 origin.
1056 2307 1118 2364 in
1147 2321 1269 2384 reg.
1301 2305 1463 2366 arch.
1491 2307 1710 2383 curiae,
1736 2305 1878 2367 boll.
1907 2311 1967 2365 et
1993 2305 2155 2370 brev.
2188 2306 2397 2370 Innoe.
2428 2305 2534 2383 lv,
2565 2321 2648 2368 m.
2684 2312 2743 2380 1.
2771 2314 2839 2368 η’
2863 2302 2987 2384 10.)

674 2520 1115 2592 Innocentius
1145 2518 1535 2614 episcopuS,
1562 2541 1804 2591 servus
1830 2540 2191 2592 servorum
2217 2518 2369 2607 Dei,
2388 2518 2641 2591 dilecto
2670 2517 2816 2594 filio
2830 2519 3052 2591 nobili
3077 2519 3233 2592 viro
3256 2517 3387 2591 do-

577 2644 764 2716 mino
806 2645 894 2716 de
936 2622 1327 2716 Fulciniaco
1369 2646 1661 2715 salutem
1706 2655 1774 2716 et
1815 2644 2259 2739 apostolicam
2308 2643 2887 2716 benedictionem.
2932 2644 3391 2738 Quamplures

574 2769 842 2840 nobiles
878 2778 949 2840 et
982 2778 1300 2865 potentes
1333 2769 1640 2840 Ecclesie
1685 2769 1966 2841 servitio
1998 2769 2324 2840 institisse
2368 2768 2735 2847 recolimus
2776 2767 3044 2859 sibique
3087 2768 3388 2838 necessi·

580 2894 736 2965 tatis
772 2908 1080 2989 tempore
1115 2894 1477 2988 magnifice
1507 2894 1808 2985 affuisse,
1827 2894 1952 2965 sed
1980 2894 2161 2965 inter
2188 2915 2431 2966 omnes
2453 2893 2551 2966 sic
2572 2914 2735 2985 erga
2764 2893 2985 2988 ipsam
3011 2893 3391 2965 Ecclesiam

577 3027 646 3088 et
679 3017 1067 3090 devotionis
1089 3019 1482 3093 sinceritate
1514 3040 1596 3090 ac
1629 3019 1948 3093 firmitate
1976 3017 2141 3091 fidei
2173 3020 2436 3093 clarere
2467 3018 3048 3108 dinosceriS,cum
3079 3018 3393 3111 ejusdem

573 3141 931 3237 negotium
994 3136 1237 3215 contra
1301 3144 1739 3217 Fredericum
1799 3144 2150 3237 quondam
2207 3146 2671 3217 Romanorum
2722 3143 3210 3238 imperatorem
3261 3165 3393 3215 nec

577 3287 870 3365 persone
917 3266 1300 3360 periculum
1350 3287 1479 3336 nec
1526 3268 1907 3362 dampnum
1954 3290 2186 3338 rerum
2234 3280 2550 3339 metuens
2599 3268 2908 3340 animose
2964 3289 3047 3339 ac
3105 3268 3396 3340 viriliter

580 3392 864 3463 duxeris
883 3390 1401 3478 assumendum,
1428 3390 1617 3481 quod
1641 3401 1711 3461 et
1736 3391 2064 3487 precipue
2084 3392 2465 3485 apostolico
2489 3392 2775 3462 mereris
2801 3391 3125 3464 honorari
3158 3394 3392 3465 favore

578 3536 661 3587 ac
697 3515 917 3587 attolli
952 3514 1174 3586 laudis
1212 3514 1537 3610 preconio
1567 3514 1958 3606 singularis.
2001 3514 2199 3586 Unde
2235 3535 2362 3585 nos
2392 3514 2520 3583 ista
2550 3513 2757 3606 digne
2784 3525 3158 3608 pensantes
3194 3527 3264 3587 et
3300 3539 3395 3590 ex
3449 3584 3452 3588 a

580 3640 678 3711 eis
730 3649 796 3710 te
848 3650 1431 3734 propugnatorem
1478 3640 1883 3734 precipuum
1935 3638 2244 3731 ejusdem
2288 3638 2592 3710 Ecclesie
2636 3648 3139 3730 cognoscentes
3182 3649 3252 3711 et
3301 3641 3395 3713 ob

578 3763 712 3835 hoc
753 3774 820 3835 te
850 3760 975 3862 [et]
1014 3772 1268 3839 terram
1314 3775 1503 3836 tuam
1557 3764 1968 3857 recipientes
2014 3764 2144 3834 sub
2196 3761 2622 3858 protectione
2666 3763 3060 3857 Apostolice
3091 3764 3289 3836 Sedis
3324 3774 3397 3839 et

580 3898 854 3978 nostra,
892 3889 1241 3960 devotioni
1281 3888 1405 3960 'tue
1450 3889 1539 3961 de
1588 3890 1875 3959 fratrum
1922 3900 2314 3961 nostrorum
2355 3887 2641 3959 consilio
2691 3888 3112 3981 presentium
3158 3899 3399 3961 tenore

580 4014 1043 4108 promittimus
1060 4015 1249 4107 qnod
1271 4023 1336 4086 te
1355 4014 1426 4085 in
1446 4014 1654 4106 hujus
1673 4014 2150 4107 modinegotio
2169 4014 2565 4083 nullatenus
2584 4012 3008 4104 deseremus»,
3033 4034 3163 4087 nec
3185 4012 3396 4087 etiam

499 4220 504 4225 ,
581 4159 824 4232 pacem
854 4139 1292 4232 aliquatenus
1319 4161 1474 4210 cum
1516 4140 1782 4235 prefato
1813 4139 2174 4211 Frederico
2205 4137 2728 4210 reformabimus
2759 4137 2853 4208 ita
2886 4137 3076 4229 quod
3106 4137 3253 4233 ipse
3282 4139 3393 4209 vel

583 4262 831 4355 aliquis
888 4262 1183 4335 filiorum
1238 4286 1519 4339 suorum
1572 4286 1701 4337 rex
1746 4275 1866 4337 aut
1916 4264 2288 4359 imperator
2335 4262 2611 4337 existat.
2658 4262 3100 4337 Nobilita'tem
3162 4261 3395 4358 itaque

585 4396 773 4457 tuam
805 4409 1206 4480 monemuS,
1256 4411 1578 4481 rogamus
1618 4398 1688 4459 et
1722 4387 2080 4459 hortamur
2118 4398 2382 4459 attente
2420 4410 2545 4482 per
2576 4387 2952 4482 apostolica
2989 4388 3108 4461 tibi
3142 4389 3394 4484 scripta

585 4511 994 4583 mandantes
1021 4514 1345 4604 quatinus
1380 4513 1580 4585 sicin
1608 4512 1980 4586 devotione
2013 4512 2199 4587 sedis
2234 4513 2547 4604 ejusdem
2575 4513 2913 4588 stabiliter
2945 4534 3389 4607 perseveres,

577 4638 726 4729 jam
777 4649 1211 4731 assumptum
1258 4639 1616 4730 negotium
1668 4636 2037 4711 efficaciter
2088 4638 2616 4733 prosequendo,
2647 4638 2839 4732 qnod
2884 4647 3003 4713 tuo
3044 4638 3278 4713 studio
3320 4647 3399 4715 et

587 4761 856 4836 auxilio
878 4762 1226 4839 mediante
1247 4764 1497 4839 sentiat
1514 4764 1698 4837 idem
1715 4762 2071 4857 negotium
2098 4763 2540 4843 laudabiliter
2566 4763 3015 4859 promotionis
3045 4763 3388 4857 effectum,

3492 1277 3723 1335 Laedunt,

3525 1336 3555 1377 4
3572 1334 3698 1377 maii.
