4364 5738
963 569 1045 631 62
1960 566 2387 628 rnmssmc!
2435 568 2786 629 SECUNDI
3401 567 3561 651 [Anu.
3600 569 3771 631 1242.

968 713 1280 777 tarentur
1324 701 1694 773 humanius
1741 711 1811 772 et
1856 702 2186 796 precipue
2235 702 2560 774 dominus
2601 703 3082 793 Penestrinus,
3133 712 3358 773 vestre
3409 712 3488 773 ut
3532 704 3780 777 dicitur

966 828 1276 902 custodie
1305 826 1703 920 deputatus.
1741 826 1941 897 Nunc
1972 836 2207 897 autem
2241 835 2319 896 ut
2345 826 2554 916 fatur,
2576 827 2732 920 plus
2759 837 3053 916 artatur,
3082 826 3384 898 strictius
3406 826 3774 916 clauditur,

973 961 1305 1024 tractatur
1335 949 1576 1023 durius
1626 957 1696 1019 et
1740 950 2052 1044 asperius
2092 971 2133 1020 a
2173 951 2419 1022 solatio
2451 951 2931 1022 collocutionis
2977 949 3281 1021 humane
3322 959 3652 1041 arctatur,
3690 951 3780 1022 ita

971 1074 1162 1170 quod
1193 1074 1367 1144 nulli
1394 1072 1483 1146 ad
1514 1074 1737 1168 ipsum
1769 1081 2003 1167 pateat
2035 1073 2409 1165 ingressus.
2443 1075 2618 1144 Nam
2657 1074 2952 1168 propriis
2985 1073 3258 1145 famulis
3290 1083 3361 1145 et
3396 1074 3599 1145 sociis
3630 1073 3783 1146 des-

971 1201 1212 1272 titutus
1242 1198 1566 1290 affligitur
1597 1196 2050 1269 vehementer
2082 1207 2152 1267 et
2188 1196 2534 1269 defectum
2573 1197 2975 1291 frequenter
3001 1197 3260 1293 patitur
3288 1198 3360 1269 in
3388 1198 3573 1269 victu
3603 1199 3782 1293 pari·

972 1338 1079 1399 ter
1107 1337 1177 1397 et
1198 1324 1479 1397 vestitu.
1512 1323 1727 1394 Porro
1755 1322 1912 1416 quis
1940 1323 2136 1394 favor
2162 1344 2257 1394 ex
2285 1321 2417 1394 hoc
2444 1322 2711 1394 accedit
2738 1322 3073 1417 principi?
3091 1322 3260 1410 Quis
3286 1321 3508 1395 honor
3528 1344 3785 1394 accres-

972 1451 1108 1524 cit?
1156 1449 1262 1521 An
1309 1457 1592 1543 propter
1637 1446 1771 1519 hoc
1818 1448 1997 1518 fama
2045 1447 2387 1519 celebrior
2431 1447 2521 1518 de
2566 1467 2692 1517 sua
2742 1448 3109 1518 clementia
3153 1446 3499 1542 spargitur
3538 1448 3788 1519 votivis

973 1573 1244 1671 gaudiis
1276 1570 1693 1644 celebranda
1721 1594 1846 1667 per
1875 1571 2165 1645 orbem?
2194 1573 2372 1643 Ecce
2398 1572 2520 1642 Dei
2566 1571 2805 1642 famuli
2840 1569 2968 1665 (a),
3004 1571 3136 1642 viri
3182 1571 3520 1663 religiosi,
3558 1572 3789 1642 minis-

977 1700 1062 1771 tri
1105 1696 1352 1769 Christi
1399 1705 1467 1766 et
1513 1696 1742 1767 clerici
1788 1697 2131 1767 seculares
2163 1696 2235 1766 in
2273 1695 2425 1786 ejus
2463 1703 2718 1765 sortem
2754 1696 3089 1791 assumpti
3126 1716 3394 1767 necnon
3439 1695 3684 1789 prelati
3710 1716 3790 1766 ac

975 1818 1336 1917 pontifices
1378 1839 1576 1889 sacro
1618 1818 1887 1889 dudum
1929 1819 2248 1889 crismate
2290 1817 2580 1889 delibuti
2624 1818 2805 1889 fame
2847 1818 3197 1890 cruciante
3239 1818 3787 1908 confunduntur,

975 1944 1348 2040 opprobrio
1382 1941 1717 2013 nuditatis
1750 1942 2077 2039 protracti
2112 1941 2412 2031 diutius;
2458 1963 2499 2013 a
2537 1940 2867 2014 carcerali
2908 1940 3094 2013 tedio
3131 1942 3457 2012 nimirum
3485 1941 3794 2034 affligun-

978 2079 1090 2141 tur
1121 2067 1682 2162 longioribusque
1724 2066 2029 2139 distracti
2069 2067 2407 2159 angustiis
2447 2088 2626 2161 pene
2690 2063 3061 2156 deficiunt;
3113 2076 3183 2137 et
3223 2086 3434 2162 super
3468 2065 3792 2137 virtutem

980 2192 1287 2290 depressi
1324 2202 1393 2264 et
1440 2192 1783 2264 continuis
1835 2191 2084 2287 pulsati
2142 2190 2528 2280 doloribus,
2590 2188 3244 2262 subfflnnationibus
3292 2199 3362 2261 et
3408 2189 3795 2285 opprobriis

977 2318 1273 2392 lacessiti
1300 2339 1521 2410 usque
1554 2316 1644 2388 ad
1671 2317 2061 2388 satietatem
2090 2316 2378 2389 visionis
2404 2325 2475 2386 et
2501 2315 2780 2387 auditus
2806 2314 2994 2387 omni
3023 2315 3212 2387 carni
3239 2313 3393 2411 (sic)
3423 2324 3492 2386 et
3523 2314 3794 2410 populis

892 2512 901 2519 .
978 2441 1356 2530 universis,
1384 2442 1530 2532 jam
1583 2460 1708 2533 pro
1757 2440 2067 2510 remedio
2125 2438 2556 2509 cruciatuum
2600 2438 2813 2509 vitam
2867 2438 3229 2511 fastidiunt
3278 2446 3350 2509 et
3395 2435 3794 2509 desiderare

978 2565 1221 2636 mortis
1266 2560 1678 2656 compendia
1724 2562 2261 2656 compelluntur.
2302 2559 2432 2633 Ubi
2483 2571 2589 2633 est
2641 2561 3033 2655 benignitas
3077 2571 3148 2633 et
3189 2560 3581 2632 humanitas
3630 2562 3795 2631 tanti

983 2686 1361 2783 principis?
1403 2684 1531 2755 Ubi
1576 2693 1683 2756 est
1712 2684 2078 2756 clementia
2113 2684 2375 2755 domini
2410 2693 2480 2755 et
2509 2684 2630 2755 ubi
2663 2685 2997 2780 sapientia
3041 2684 3443 2779 imperantis
3480 2684 3611 2755 sub
3646 2684 3796 2756 celo

985 2820 1126 2883 tam
1162 2808 1557 2881 hominibus
1583 2829 1792 2901 quam
1819 2807 2570 2903 jumentiSPNumquid
2603 2810 2895 2882 virtutes
2923 2808 3337 2906 multiplices
3362 2830 3535 2903 quas
3564 2807 3796 2882 divina

983 2934 1201 3028 gratia
1238 2933 1575 3005 concessit
1606 2933 1671 3003 in
1705 2933 1853 3028 ipso
1886 2943 1956 3004 et
1991 2933 2245 3026 quibus
2278 2934 2652 3026 fulgentius
2685 2933 3051 3005 illustravit
3081 2934 3465 3029 principem
3502 2932 3799 3025 singula-

984 3081 1130 3132 rem
1152 3112 1171 3147 ,
1204 3058 1333 3129 sub
1375 3055 1627 3128 duritie
1668 3057 1971 3127 claustro
2014 3056 2452 3145 claudentur,
2484 3058 2616 3128 sub
2655 3058 2851 3128 clave
2887 3055 3313 3127 crudelitatis
3345 3053 3563 3152 (quod
3596 3053 3799 3148 absit)

985 3182 1247 3254 foribus
1273 3178 1656 3251 obseratis?
1674 3179 1919 3251 Nonne
1947 3179 2232 3251 intrabit
2258 3181 2478 3275 pietas
2504 3202 2641 3273 que
2674 3182 2926 3251 clamat
2952 3179 3042 3251 ad
3063 3181 3351 3272 januam
3380 3188 3451 3251 et
3477 3188 3556 3249 ut
3583 3177 3801 3271 ingre-

989 3304 1220 3375 diatur
1272 3302 1547 3396 pulsare
1606 3323 1748 3373 non
1803 3314 2062 3393 cessat,
2122 3313 2195 3375 et
2239 3313 2319 3375 ut
2365 3304 2771 3375 misereatur
2821 3313 3051 3374 tantus
3101 3304 3423 3399 princeps
3472 3301 3801 3373 ululantis

990 3424 1263 3495 miserie
1300 3423 1706 3495 miserorum
1726 3477 1745 3512 ‚
1788 3446 1929 3496 non
1977 3425 2232 3497 desinit
2273 3426 2709 3523 supplicare?
2741 3426 3056 3498 Vestram
3095 3425 3327 3520 itaque
3365 3423 3801 3521 prudentiam

990 3547 1320 3620 attentius
1360 3569 1733 3619 exoramus
1782 3549 2107 3641 quatinus
2158 3550 2425 3620 instetis
2470 3549 2658 3644 apud
2705 3549 3087 3645 principem
3137 3547 3600 3622 sollicitudine
3646 3547 3803 3620 dili·

987 3673 1178 3768 genti
1202 3681 1282 3744 ut
1307 3670 1622 3743 restituat
1649 3672 1973 3743 fratribus
2000 3694 2161 3744 suos
2191 3673 2434 3744 fratres
2462 3681 2533 3743 et
2558 3673 2730 3744 alios
2757 3673 3077 3764 clericos,
3110 3683 3180 3745 et
3206 3672 3511 3768 prelatos
3529 3671 3804 3743 interim

991 3798 1269 3871 tractari
1301 3795 1690 3894 precipiens
1724 3796 2114 3867 humaniter
2147 3807 2218 3868 et
2248 3796 2572 3888 honeste,
2606 3797 2925 3870 dominos
2957 3798 3204 3870 fratres
3248 3806 3520 3870 nostros
3557 3795 3804 3888 digne·

993 3932 1105 3994 tur
1131 3921 1444 4017 protinus
1473 3920 1803 4010 liberare,
1834 3941 2010 4013 quos
2036 3919 2242 3992 saciat
2275 3920 2422 3992 sine
2452 3941 2643 3992 mora
2670 3942 2892 4015 usque
2922 3920 3018 3994 ad
3049 3942 3176 3994 nos
3203 3941 3447 3994 secure
3478 3918 3802 3993 conduci.

992 4046 1166 4116 Nam
1212 4046 1303 4116 ad
1353 4045 1813 4140 provisionem
1846 4044 2151 4116 Ecclesie
2195 4044 2580 4116 faciendam
2627 4045 3002 4136 maturiuS,
3032 4044 3127 4118 ad
3169 4043 3361 4140 quod
3405 4043 3678 4116 duobus
3719 4064 3810 4115 ex

996 4168 1197 4239 nobis
1242 4168 1698 4240 existentibus
1742 4178 1940 4240 extra
1973 4168 2227 4241 Urbem
2264 4168 2529 4239 dudum
2566 4167 2876 4261 dignatio
2914 4169 3175 4241 Cesaris
3215 4190 3343 4262 per
3378 4188 3540 4239 suos
3579 4167 3812 4260 apices

998 4290 1250 4361 obtulit
1278 4289 1432 4361 illos
1463 4291 1638 4363 duos
1668 4288 1801 4386 (l),
1840 4313 2113 4364 necnon
2143 4300 2215 4364 et
2239 4291 2331 4363 ad
2364 4290 2555 4386 pacis
2599 4301 2968 4364 tractatum
3000 4291 3206 4365 valde
3233 4291 3441 4363 utiles
3472 4310 3625 4363 esse
3657 4309 3814 4386 pos·

1080 4451 1162 4532 (a)
1205 4453 1278 4513 In
1304 4452 1552 4513 codicib.
1563 4449 1828 4532 famula.

1074 4688 1149 4762 (t)
1185 4685 1265 4744 Cf.
1293 4701 1458 4760 supra
1488 4684 1659 4760 ipsius
1686 4683 1941 4746 Friderici
1970 4689 2272 4762 epistolam,
2298 4706 2355 4763 p.
2388 4692 2477 4746 35.
