4364 5738
737 2736 958 2845 aaa]

1076 570 1201 633 440
2075 575 2503 641 nmmum
2552 575 2902 640 succum
3516 578 3677 661 [Au.
3716 580 3886 644 12⁴6.

1079 706 1290 780 moda
1327 718 1724 801 negaretur.
1760 709 1913 796 Quo
1945 710 2206 783 factum
2233 721 2340 784 est
2369 721 2452 784 ut
2479 711 2864 807 expugnati
2895 731 3023 806 per
3045 709 3360 786 fidetium
3395 715 3890 806 regnicolarum

1076 834 1441 907 victoriam
1489 834 1862 928 gloriosam
1876 888 1897 926 ‚
1955 836 2076 931 qui
2121 836 2218 909 ad
2261 836 2760 911 vindicandum
2820 859 3064 911 eorum
3121 838 3573 933 opprobrium
3624 843 3891 916 accensi

1079 978 1209 1052 per
1247 956 1493 1050 fldem,
1554 959 1627 1032 in
1670 961 2192 1054 expugnatione
2247 959 2634 1035 infidelium
2667 971 3062 1036 nostrorum
3102 961 3535 1057 proditorum
3574 973 3651 1037 et
3689 967 3890 1039 castri

1078 1092 1658 1176 compugnatores
1690 1093 2064 1156 extraneos
2093 1084 2462 1157 admittere
2494 1086 2898 1177 noluerunt,
2930 1086 3113 1159 XVII
3142 1083 3248 1181 (a)
3275 1087 3614 1180 presentis
3639 1088 3889 1161 mensis

1070 1204 1227 1297 julii
1267 1214 1407 1275 tam
1442 1204 1761 1277 factionis
1798 1207 2061 1279 nefarie
2091 1207 2439 1302 principes
2473 1229 2686 1300 quam
2712 1229 3046 1303 sequaces
3075 1229 3237 1280 cum
3263 1229 3519 1301 magna
3549 1212 3888 1306 pmciosa·

1078 1351 1235 1400 rum
1261 1350 1494 1400 rerum
1525 1340 1597 1400 et
1628 1331 1923 1424 pecunie
1958 1331 2347 1424 quantitate
2374 1353 2450 1404 se
2479 1353 2662 1426 pene
2701 1332 2936 1405 debite
2980 1331 3214 1426 potius
3250 1354 3460 1426 quam
3509 1334 3887 1408 misericor·

1079 1450 1197 1524 die
1243 1450 1700 1524 tradiderunt.
1741 1454 2010 1539 Quibus
2051 1453 2379 1526 omnihus
2421 1465 2656 1549 preter
2695 1475 2890 1550 spem
2932 1455 3293 1529 hominum
3336 1466 3412 1529 et
3454 1469 3695 1530 contra
3732 1469 3889 1533 vota

1079 1575 1458 1646 multorum
1493 1576 1840 1671 expeditis
1874 1577 2192 1651 celeriter
2222 1589 2293 1650 et
2339 1578 2433 1651 ad
2466 1587 2747 1669 votum,
2799 1598 2961 1651 cum
2995 1578 3233 1651 divina
3268 1580 3576 1674 provisio
3599 1580 3884 1676 impedi-

1082 1706 1315 1768 menta
1359 1693 1715 1771 sustulerit
1758 1700 1982 1793 longis
2020 1711 2093 1773 et
2129 1700 2397 1774 callidis
2441 1700 2688 1773 studiis
2725 1710 3118 1773 nostrorum
3164 1722 3615 1796 processuum
3660 1707 3887 1778 ‹ml-sui

1081 1830 1478 1916 preparata,
1505 1822 1653 1914 jam
1686 1822 1882 1894 liberi
1909 1823 2295 1915 reddimur,
2333 1834 2405 1896 et
2441 1844 2535 1896 ex
2569 1836 2920 1920 resumpta
2953 1824 3244 1897 victoria
3271 1826 3591 1899 fortiores
3612 1827 3708 1900 ad
3731 1849 3884 1901 uos·

1084 1955 1348 2016 trorum
1374 1944 1737 2017 rebellium
1764 1946 2102 2038 omnium,
2129 1958 2768 2043 quantumcumque
2798 1947 3265 2037 recalcitrent,
3287 1945 3428 2021 fine
3453 1948 3889 2024 desiderabili

1080 2068 1410 2161 reliquias
1434 2070 1918 2144 conterendas.

1178 2193 1429 2263 Datum
1458 2192 1649 2287 apud
1677 2195 2003 2265 Sanctam
2033 2194 2343 2285 Luciam,
2375 2194 2535 2267 XXI
2558 2194 2742 2286 julii,
2774 2194 2862 2267 lv
2894 2194 3289 2269 indictionis
3314 2191 3448 2291 (4).

1191 2727 1686 2811 proclamatio
1732 2728 1823 2808 ad
1875 2726 2222 2809 homines
2271 2726 2487 2834 regni
2541 2724 3011 2835 Neapolitani
3063 2726 3272 2835 quod
3325 2752 3418 2810 ex
3461 2750 3702 2836 poena
3750 2724 3883 2807 Ti-

1083 2857 1291 2943 baldi
1336 2857 1712 2941 Francisci
1728 2919 1752 2964 ,
1792 2858 2014 2969 quasi
2051 2858 2465 2969 prodigiosi
2503 2858 2823 2942 monstri
2841 2920 2866 2966 ‚
2906 2871 3373 2942 caeterorum
3416 2858 3879 2969 proditorum

1075 2991 1448 3101 judicium
1509 2991 1917 3101 colligant3
1969 3018 2301 3101 quorum
2353 2991 2708 3093 nomina,
2769 2989 3236 3073 conditiones
3285 3002 3359 3073 et
3419 3018 3705 3103 poenae
3752 3013 3881 3099 per

1080 3122 1429 3205 cedulam
1462 3122 1946 3204 interclusam
1986 3123 2460 3205 exhibentur.

1245 3308 1491 3388 (lnedlt.
1514 3327 1588 3370 ex
1615 3310 1747 3371 cod.
1778 3317 1903 3386 opt.
1939 3312 2051 3370 viri
2078 3310 2310 3371 Settimt
2335 3311 2615 3387 prlnclpls
2638 3308 2908 3383 Fitallae,
2936 3325 3035 3386 ap.
3065 3310 3458 3384 panormum,
3486 3308 3587 3370 fol.
3620 3317 3722 3383 81,
3748 3323 3881 3371 uun

1319 3416 1428 3476 hoc
1454 3416 1669 3475 titulo:
1700 3412 2937 3496 «Fi-idertctoeimperatordewuculationae
2969 3412 3883 3497 rahald-‘mmm

1320 3518 1683 3582 mamam
1706 3520 2051 3581 intuendum
2066 3539 2180 3602 per
2202 3538 2460 3602 requam.
2491 3524 2559 3595 n)

1161 3679 1244 3758 (a)
1289 3679 1361 3740 In
1386 3682 1670 3756 impresso
1694 3678 1938 3754 XV1115
1961 3682 2025 3739 ln
2046 3679 2251 3741 ωᾱιω
2278 3687 2429 3754 202,
2457 3677 2660 3755 xm,
2689 3687 2753 3742 et
2776 3682 2839 3739 ln
2868 3687 3024 3742 2954
3054 3681 3296 3759 :epea-0
3317 3677 3573 3754 aedm;
3602 3681 3668 3741 ιιι
3687 3677 3882 3741 come·

1076 3793 1274 3848 autem
1308 3793 1461 3846 8567
1493 3785 1613 3846 XV
1631 3782 1744 3845 die.

1147 3996 1223 4069 (t)
1262 3997 1323 4053 ln
1348 3995 1469 4053 cod.
1490 3997 1620 4053 uss.
1646 3995 1807 4064 2956,
1838 3993 2031 4065 legitur
2057 4010 2071 4048 z
2094 3994 2298 4049 Datum
2325 3992 2470 4066 apud
2507 3994 2730 4062 Lucam,
2754 3994 3080 4067 XXIjulii,
3113 3996 3207 4051 111
3230 3993 3550 4052 indictionis
3569 4035 3583 4061 ,
3617 3998 3676 4048 et
3704 3992 3761 4049 in
3789 4008 3878 4048 ex-

1074 4094 1275 4166 cerptis
1301 4093 1425 4150 Alb.
1461 4091 1677 4148 Bohemi
1705 4091 1952 4147 :Datum
1986 4090 2131 4163 apud
2167 4091 2431 4147 Sanctam
2462 4092 2716 4159 biaciam,
2755 4089 2898 4146 nulla
2938 4091 3120 4149 addita
3162 4092 3417 4165 temporis
3453 4095 3600 4147 nota.
3638 4089 3790 4146 Unde
3815 4102 3881 4144 ex

1074 4190 1350 4247 collatione
1375 4189 1602 4246 duorum
1625 4187 1764 4245 haec
1789 4188 1863 4244 ita
1888 4188 2224 4245 emendanda
2248 4187 2518 4257 duximus,
2548 4202 2673 4242 cum
2696 4187 2973 4245 evidenter
2996 4189 3051 4244 in
3074 4188 3346 4246 notatione
3376 4187 3477 4245 loci
3501 4192 3560 4244 et
3584 4186 3880 4243 indictionis

1073 4286 1243 4345 codex
1272 4285 1583 4344 Parisiensis
1619 4286 1896 4342 erraverit.
1943 4285 2083 4342 Sunt
2113 4290 2296 4342 autem
2331 4283 2486 4341 multi
2527 4282 2581 4339 in
2617 4299 2781 4356 regno
2805 4284 3161 4358 Neapolitano
3187 4285 3288 4343 loci
3315 4284 3422 4342 hoc
3448 4284 3663 4342 nomine
3703 4283 3880 4342 sme-

1077 4384 1250 4440 Lucia
1274 4381 1530 4454 insigniti.
1569 4382 1846 4439 Credimus
1877 4388 2057 4439 tamen
2091 4397 2157 4438 ex
2186 4396 2365 4438 rerum
2395 4379 2810 4437 circumstantiis
2842 4382 3113 4456 simulque
3148 4397 3216 4439 ex
3252 4380 3457 4439 itineris
3492 4379 3683 4437 ordine
3721 4379 3876 4436 istum

1074 4494 1200 4535 esse
1237 4480 1412 4535 casale
1448 4480 1702 4535 Sanctam
1738 4479 1953 4537 Luciam
1995 4484 2116 4553 pagi
2152 4477 2455 4535 Serinensis
2497 4482 2552 4533 in
2591 4477 2842 4535 Ulteriori
2886 4478 3193 4552 Principatu
3232 4485 3286 4535 et
3320 4478 3516 4534 diocesi
3547 4474 3876 4533 Salernitano

1072 4578 1261 4633 situm.
1290 4578 1453 4632 Adest
1485 4582 1663 4632 autem
1700 4576 1847 4633 aliud
1885 4577 2063 4634 casale
2099 4576 2301 4633 Sancta
2333 4575 2495 4632 Lucia
2524 4574 2581 4630 in
2621 4577 2809 4631 eodem
2846 4574 3145 4648 Principatu
3183 4576 3336 4647 juxta
3368 4572 3572 4632 Caram
3606 4578 3664 4629 et
3694 4585 3875 4629 verm

1072 4672 1395 4748 Capaccium
1419 4674 1663 4746 propius.
