4364 5738
1022 622 1147 686 292
2024 620 2456 684 ramnum
2503 621 2853 683 ssscmtm
3466 619 3627 704 [An.
3664 621 3838 683 12⁴5.

1026 769 1097 830 et
1128 757 1360 829 omnia
1392 776 1529 849 que
1573 756 2016 828 continentur
2048 756 2119 827 in
2149 774 2236 830 eo
2273 755 2685 830 confirmare
2712 755 2804 828 de
2834 763 3071 828 nostra
3105 755 3327 847 gratia
3355 754 3839 849 dignaremnr3

1028 881 1229 974 cujus
1258 890 1456 953 tenor
1485 901 1612 976 per
1635 881 1869 952 omnia
1899 880 2055 953 talis
2086 890 2227 953 est:

1123 1005 1204 1076 In
1254 1003 1536 1076 nomine
1587 1013 1825 1075 sancte
1867 1013 1937 1076 et
1983 1003 2341 1076 individue
2378 1002 2753 1075 Trinitatis.
2785 999 3174 1074 Fridericus
3204 1000 3443 1074 divina
3484 1000 3847 1076 clementia

1030 1128 1309 1200 favente
1353 1129 1819 1200 Romanorum
1858 1127 2238 1221 imperator
2267 1136 2623 1220 augustus.
2657 1126 3093 1218 Quamquam
3134 1145 3368 1197 rerum
3405 1125 3849 1200 commutatio

1034 1272 1129 1323 ex
1159 1252 1309 1346 ipsa
1339 1251 1681 1345 corporali
1712 1250 2145 1322 institutione
2185 1251 2400 1347 possit
2432 1248 2632 1322 firma
2666 1247 3041 1322 consistere
3079 1249 3192 1321 vel
3238 1269 3324 1320 ea
3362 1270 3500 1343 que
3536 1248 3851 1343 legaliter

1032 1384 1397 1467 geruntur,
1437 1375 1628 1444 nulla
1668 1374 1949 1446 valeant
1982 1374 2444 1466 refragatione
2481 1372 2822 1464 convelli,
2857 1392 2948 1444 ne
2988 1391 3128 1464 qua
3171 1381 3405 1443 tamen
3446 1371 3660 1466 possit
3695 1392 3849 1445 esse

1036 1507 1230 1590 geste
1269 1497 1366 1567 rei
1400 1497 1745 1587 dubietaS,
1783 1506 2018 1568 nostra
2050 1497 2260 1568 debet
2294 1496 2710 1568 intervenire
2744 1494 3114 1590 imperialis
3142 1495 3536 1566 auctoritas·
3571 1494 3851 1566 Noverit

1040 1619 1248 1711 igitur
1276 1620 1586 1690 omnium
1627 1619 1873 1691 Christi
1914 1619 2322 1715 imperiique
2363 1619 2581 1690 nostri
2622 1618 2929 1691 fidelium
2971 1639 3257 1713 presens
3299 1627 3445 1688 etas
3477 1627 3546 1688 et
3578 1638 3844 1688 succes—

1040 1763 1201 1814 sura
1230 1743 1593 1836 posteritas
1620 1742 1914 1836 qualiter
1941 1763 2094 1831 nos,
2116 1744 2267 1835 ejus
2293 1754 2709 1837 cooperante
2742 1742 2961 1834 gratia
2985 1763 3025 1812 a
3053 1762 3193 1835 quo
3225 1741 3467 1811 celitus
3501 1740 3571 1810 in
3603 1750 3848 1811 terram

1039 1886 1185 1961 pax
1216 1875 1321 1937 est
1351 1866 1557 1936 missa
1589 1865 2006 1955 hominibus,
2036 1866 2107 1935 in
2145 1866 2338 1939 curia
2369 1866 2674 1958 generali
2712 1864 3083 1959 Ratispone
3116 1864 3185 1934 in
3218 1863 3589 1936 Nativitate
3618 1874 3850 1935 sancte

1040 1988 1253 2061 nasio
1269 1988 1569 2080 Virginis
1600 1990 1946 2060 celebrata
1976 1989 2050 2059 in
2079 1990 2426 2084 presentia
2455 1990 2833 2060 multorum
2861 1987 3343 2079 religiosorum
3379 1996 3450 2057 et
3478 1985 3848 2058 catholico-

1041 2133 1196 2183 rum
1220 2112 1651 2207 principum,
1682 2113 1872 2184 litem
1901 2123 1971 2184 et
1998 2112 2540 2185 controversiam
2578 2133 2720 2204 qne
2755 2112 2940 2183 inter
2969 2110 3492 2183 dilectissimum
3531 2120 3852 2205 patruum

1041 2246 1354 2308 nostmm
1372 2236 1768 2308 Heinricum
1794 2237 2050 2308 ducem
2071 2237 2346 2308 Austrie
2373 2246 2444 2308 et
2470 2235 2899 2308 carissimum
2920 2244 3249 2330 nepotem
3271 2244 3583 2306 nostrum
3597 2233 3856 2308 Heinri-

1043 2380 1204 2431 cum
1231 2359 1482 2432 ducem
1501 2360 1801 2431 Saxonie
1831 2360 1952 2431 diu
1976 2360 2237 2452 agitata
2270 2360 2400 2432 fuit
2429 2360 2519 2432 de
2547 2359 2808 2431 ducatu
2826 2360 3304 2449 limatorum,
3327 2357 3460 2431 hoc
3487 2358 3694 2432 modo
3726 2368 3856 2431 ter·

1046 2482 1494 2571 minavimus,
1529 2482 1718 2573 quod
1761 2483 1909 2554 dux
1944 2483 2221 2554 Austrie
2265 2482 2467 2560 nobis
2511 2483 2887 2576 resignavit
2927 2481 3256 2556 ducatum
3302 2480 3614 2553 Bawarie
3647 2503 3854 2576 quem

1047 2603 1276 2675 statim
1313 2604 1383 2675 in
1424 2604 1839 2676 beneficium
1879 2606 2298 2677 contulimus
2330 2606 2489 2678 duci
2523 2606 2848 2678 Saxonie.
2887 2605 3052 2676 Dux
3085 2617 3316 2676 autem
3347 2605 3659 2678 Bawarie
3691 2604 3854 2675 resi-

1046 2728 1288 2822 gnavit
1314 2728 1515 2800 nobis
1546 2727 1925 2800 marchiam
1957 2728 2234 2801 Austrie
2261 2750 2427 2801 cum
2451 2728 2645 2801 omni
2668 2732 2828 2821 jure
2857 2749 2988 2800 sno
3011 2739 3085 2799 et
3114 2750 3273 2800 cnm
3297 2728 3623 2800 omnibus
3649 2728 3857 2799 bene-

1047 2847 1221 2922 ficiis
1240 2873 1377 2944 que
1395 2851 1748 2944 quondam
1772 2852 2077 2924 marchio
2097 2852 2470 2947 Liupoldus
2492 2851 2794 2925 habebat
2814 2874 2856 2924 a
2877 2851 3132 2923 ducatu
3146 2851 3484 2924 Bawarie.
3505 2851 3608 2922 Ne
3630 2861 3855 2923 autem

1048 2975 1120 3044 in
1164 2973 1298 3046 hoc
1347 2976 1529 3046 facto
1573 2976 2009 3068 aliquatenus
2054 2977 2366 3047 imminui
2415 2976 2738 3049 videatur
2779 2975 3003 3047 honor
3047 2985 3122 3046 et
3171 2975 3389 3066 gloria
3443 2974 3853 3046 dilectissimi

1050 3095 1279 3191 patrui
1328 3097 1581 3187 nostri,
1623 3098 1711 3170 de
1758 3099 2044 3170 consilio
2081 3111 2150 3170 et
2179 3099 2443 3192 judicio
2491 3098 2917 3195 principum,
2955 3097 3339 3169 Wladizlao
3389 3097 3636 3168 illustri
3685 3096 3853 3168 duce

1048 3216 1376 3289 Bohemie
1408 3221 1817 3290 sententiam
1851 3223 2331 3316 promulgante
2361 3232 2431 3294 et
2457 3222 2779 3294 omnibus
2819 3221 3244 3317 principibus
3281 3220 3850 3318 approbantibus,

1052 3341 1431 3415 marchiam
1460 3343 1739 3415 Austrie
1773 3345 1842 3414 in
1877 3344 2205 3416 ducatum
2243 3346 2820 3417 commutavimus
2865 3354 2936 3417 et
2975 3346 3298 3417 eumdem
3337 3345 3666 3416 ducatum
3707 3364 3854 3415 cum

1051 3465 1239 3538 omni
1284 3466 1441 3557 jure
1496 3468 1761 3561 prefato
1809 3477 2054 3562 patruo
2104 3478 2344 3540 nostro
2396 3468 2716 3541 Heinrico
2771 3479 2841 3540 et
2894 3468 3441 3563 prenobilissime
3485 3467 3688 3539 uxori
3739 3487 3855 3537 sue

1052 3587 1411 3662 Theodore
1438 3589 1509 3660 in
1538 3589 1950 3662 beneficium
1983 3591 2449 3663 concessimus
2475 3591 2860 3686 perpetuali
2879 3593 3065 3683 jure,
3083 3570 3506 3662 sanctientes
3532 3601 3614 3661 ut
3633 3589 3766 3685 ipsi
3792 3598 3859 3660 et

1048 3712 1248 3785 liberi
1277 3735 1518 3785 eorum
1551 3723 1710 3809 post
1740 3736 1859 3785 eos
1888 3714 2355 3785 indifferenter
2381 3713 2504 3785 filii
2536 3710 2704 3812 [vel]
2733 3714 2873 3785 filie
2899 3714 3222 3787 eumdem
3240 3713 3513 3787 Austrie
3533 3713 3860 3785 ducatum

1048 3834 1471 3909 hei-editario
1496 3837 1655 3928 jure
1686 3857 1731 3908 a
1764 3859 1981 3929 regno
2028 3847 2314 3908 teneant
2351 3848 2426 3909 et
2466 3837 2892 3931 possideant.
2921 3837 2998 3909 Si
3048 3849 3283 3910 autem
3325 3837 3679 3932 predictus
3713 3834 3860 3907 dm

1048 3958 1324 4033 Austris
1354 3970 1646 4057 patruus
1679 3971 1916 4033 noster
1938 3971 2011 4033 et
2038 3984 2220 4034 uxor
2247 3965 2396 4054 ejus
2421 3962 2686 4054 absque
2720 3962 2954 4034 liberis
2980 3962 3445 4051 decesserint,
3477 3961 3858 4033 libertatem

1045 4081 1353 4156 habeant
1405 4084 1732 4157 eumdem
1786 4084 2115 4156 ducatum
2170 4084 2542 4157 affectandi
2599 4086 3013 4179 cuicumque
3069 4085 3444 4158 voluerint.
3487 4084 3860 4156 Statuit-ns

1049 4226 1329 4299 qnoque
1368 4210 1678 4280 utnulla
1708 4230 1961 4301 magna
1988 4209 2103 4280 vel
2134 4229 2354 4303 parva
2388 4229 2684 4303 persona
2725 4210 2801 4280 in
2841 4209 3158 4301 ejusden
3203 4209 3497 4280 ducatus
3531 4206 3860 4300 regimine

1050 4325 1201 4398 aine
1222 4328 1426 4399 ducis
1448 4352 1797 4403 msensn
1820 4333 1930 4404 vel
1950 4332 2401 4427 permissione
2435 4332 2738 4425 aliquam
2747 4333 3096 4426 justitiam
3124 4340 3481 4427 presumat
3507 4351 3853 4401 exercere.

1052 4448 1213 4521 Dux
1255 4473 1424 4522 vero
1456 4453 1738 4526 Ansttise
1770 4456 1865 4527 de
1907 4456 2165 4528 dimtn
2193 4478 2326 4528 suo
2360 4455 2552 4527 aliud
2579 4457 2938 4528 servitium
2975 4478 3119 4528 non
3143 4457 3363 4528 debet
3387 4454 3710 4549 inperio,
3733 4453 3859 4525 nisi

1046 4573 1245 4666 qnod
1288 4572 1379 4645 ad
1410 4577 1644 4647 curias
1684 4601 1859 4671 quas
1904 4579 2280 4674 imperator
2314 4577 2683 4674 prefixa-it
2716 4580 2792 4649 in
2839 4580 3156 4652 Bawada
3196 4588 3536 4650 «evocatus
3577 4576 3855 4665 venian

1048 4697 1315 4769 mulam
1366 4719 1645 4792 quoqne
1679 4703 2203 4796 expeditionem
2229 4702 2489 4775 debeat
2523 4702 2658 4775 nisi
2691 4703 2873 4775 [orte
2903 4724 3115 4797 quan
3143 4703 3522 4797 inperator
3551 4701 3625 4772 in
3649 4719 3866 4792 ‘regna
