4364 5738
546 560 746 621 lamet.
784 560 912 635 15.]
1435 554 1831 615 HISTORIA
1878 552 2473 615 DIPLOMA'HCA.
3291 556 3369 615 37

546 697 635 769 de
684 716 898 765 manu
943 702 1180 764 nostra
1236 690 1692 784 suscipientes
1742 685 1844 785 (a)
1893 688 1964 759 in
2024 689 2238 761 feudo
2282 709 2561 759 nomme
2608 688 2818 760 totius
2870 689 3362 761 universitatis.

544 819 631 891 Ut
667 818 877 909 igitur
906 816 1040 887 hec
1071 800 1306 885 nostra
1338 811 1697 884 concessio
1732 811 1948 882 robur
1973 810 2286 882 obtineat
2316 820 2653 906 perpetuo
2681 811 3093 902 valiturum,
3128 832 3258 883 nos
3295 812 3367 882 in

540 942 690 1033 ejus
731 938 1200 1011 testimonium
1238 946 1308 1007 et
1353 934 1762 1007 memoriam
1814 942 2207 1029 presentem
2255 934 2579 1027 paginam
2627 934 2831 1027 sigilli
2870 935 3088 1007 nostri
3124 935 3367 1005 muni-

546 1065 727 1137 mine
764 1062 1099 1134 duximus
1133 1059 1703 1152 consignandam.

638 1189 812 1259 Acta
850 1195 1014 1256 sunt
1061 1184 1193 1255 hec
1237 1204 1423 1255 anno
1464 1183 1556 1253 ab
1600 1181 2074 1254 incarnatione
2114 1180 2390 1252 Domini
2438 1181 2531 1252 M.
2556 1181 2682 1253 CC.
2703 1181 2912 1270 XLII,
2960 1181 3032 1251 in
3074 1179 3364 1251 Annun-

545 1311 837 1383 ciationc
868 1309 1072 1380 beate
1101 1306 1314 1380 Marie
1348 1305 1649 1397 Virginis
1680 1305 2003 1398 gloriose.

646 1942 1074 2026 Fridericus
1090 2004 1114 2049 ,
1160 1943 1676 2026 Romanorum
1726 1941 2167 2050 imperator,
2209 1941 2613 2050 Reginensi
2658 1943 3011 2051 episcopo
3059 1945 3355 2052 scribit,

542 2075 1027 2184 congaudens
1063 2076 1273 2184 quod
1311 2085 1621 2182 nepotes
1657 2073 1898 2182 ipsius
1933 2073 2067 2181 qui
2102 2073 2533 2155 defecerant
2576 2074 2962 2158 reduxerit
2996 2077 3094 2157 ad
3130 2076 3356 2160 fidem

542 2206 979 2315 pristinam,
1013 2207 1384 2317 jubetque
1421 2215 1509 2290 ut
1557 2206 1739 2290 visis
1774 2205 1895 2287 his
1944 2205 2213 2288 litteris
2247 2206 2505 2289 venire
2541 2207 2639 2289 ad
2685 2206 2973 2289 curiam
3028 2206 3351 2291 festinet.

702 2446 964 2525 (maer.
997 2450 1302 2510 Munus
1326 2456 1388 2510 et
1411 2449 1714 2522 nuum»,
1754 2445 2111 2527 Amplissim.
2135 2412 2384 2521 'coucam
2414 2452 2457 2508 t.
2490 2447 2572 2525 11,
2603 2448 2714 2508 001.
2756 2456 2945 2520 1162,
2976 2458 3042 2507 no
3070 2448 3353 2510 xxxm.

774 2586 856 2600 —·
878 2555 1024 2616 Coll.
1062 2572 1200 2615 cum
1233 2556 1422 2616 codic.
1456 2555 1602 2615 bibl.
1640 2554 1835 2615 Cesar.
1868 2554 2083 2633 Paris„
2107 2552 2293 2634 fonds
2319 2550 3091 2634 saint-Gmin-Harlay‚
3119 2565 3187 2614 π’
3207 2564 3353 2630 455,

773 2677 835 2737 p.
866 2662 987 2739 111,
1018 2670 1086 2723 n⁰
1115 2669 1216 2739 44,
1245 2667 1306 2722 et
1333 2678 1467 2723 ane.
1481 2658 1666 2740 fonds
1696 2657 1880 2734 hein,
1919 2660 2129 2740 4042.)

635 2877 1040 2949 Fredericus
1060 2930 1080 2968 ,
1133 2887 1301 2968 etc.,
1364 2877 1748 2950 venerabili
1798 2876 2168 2968 Reginensi
2225 2877 2589 2972 episcop0,
2639 2887 2772 2948 etc.
2838 2876 3249 2950 Audivimus
3290 2891 3360 2952 et

540 3000 833 3072 letamur
871 3000 1063 3092 quod
1107 3000 1660 3093 consanguineos
1709 3009 1782 3071 et
1820 3010 2111 3095 nepotes
2167 3009 2323 3072 tuos
2372 3000 2627 3072 relictis
2672 3000 3157 3073 seductionum
3206 3002 3359 3074 ille-

537 3123 761 3195 cebris
790 3135 861 3195 et
890 3124 1206 3218 deposito
1239 3124 1552 3217 quolibet
1586 3123 2148 3214 transgressionis
2179 3145 2442 3214 errore,
2462 3123 2556 3196 ad
2586 3124 3030 3196 devotionem
3054 3135 3122 3196 et
3145 3123 3356 3197 fidem

541 3246 756 3318 nostri
799 3247 1120 3318 culminis
1164 3247 1547 3320 deduxisti.
1593 3246 1798 3331 Quod
1846 3256 2208 3342 tantopere
2262 3257 2495 3319 nostre
2550 3249 2966 3342 complacuit
3013 3250 3357 3341 maJestati

541 3381 799 3463 quanto
837 3371 928 3443 de
975 3371 1072 3443 tui
1112 3371 1481 3443 amissione
1532 3371 1762 3465 potius
1811 3379 2096 3465 propter
2144 3391 2266 3442 eos
2309 3392 2518 3463 quam
2570 3371 2660 3442 de
2705 3381 2941 3444 nostro
2989 3372 3356 3469 dispendio

539 3495 1024 3585 gravabamur.
1075 3495 1359 3566 Gratum
1409 3503 1516 3565 est
1564 3493 1775 3586 igitur
1823 3494 2236 3565 excellentie
2287 3504 2524 3565 nostre
2575 3495 2780 3566 nimis
2816 3496 3007 3589 quod
3050 3497 3216 3592 ipsis
3264 3497 3357 3569 ad

537 3617 843 3689 veritatis
873 3617 1058 3689 viam
1093 3627 1163 3689 et
1196 3618 1289 3689 ad
1328 3617 1754 3710 agnitionem
1805 3617 2039 3689 debite
2081 3614 2245 3689 fidei
2290 3618 2670 3709 revocatiS,
2714 3620 3005 3691 ulterius
3047 3621 3146 3690 tui
3191 3641 3352 3714 pre-

541 3742 759 3813 sentia
782 3750 1064 3837 propter
1084 3750 1239 3813 tuos
1258 3741 1569 3834 qualibet
1595 3740 1987 3836 suspicione
2018 3750 2334 3812 cessante
2360 3763 2598 3813 carere
2631 3764 2774 3815 non
2802 3743 3140 3834 cogimur,
3156 3741 3349 3834 quia,

540 3862 715 3935 sicut
746 3865 944 3936 novit
974 3865 1391 3955 Altissimus,
1434 3866 1846 3937 carebamus
1885 3864 2107 3936 inviti.
2145 3866 2234 3937 Et
2274 3886 2432 3937 cum
2486 3876 2772 3961 propter
2800 3865 3104 3960 quedam
3135 3865 3354 3937 ardua

539 3997 610 4059 ct
642 3988 835 4060 utilia
881 3987 1152 4084 imperii
1190 3988 1407 4060 nostri
1448 3988 1762 4080 negotia,
1808 4009 1946 4083 que
1996 3988 2118 4059 tibi
2160 4010 2320 4060 cum
2373 4010 2659 4083 presens
2707 3987 3058 4059 audiveris
3107 3985 3351 4060 admo·

540 4109 705 4181 dum
751 4112 1324 4207 complacebunt,
1365 4111 1713 4206 presentie
1766 4121 1883 4182 tue
1938 4112 2303 4183 consilium
2354 4121 2425 4183 et
2465 4110 2730 4182 consilii
2783 4108 2882 4180 tui
2935 4109 3354 4203 presentiam

540 4235 736 4306 nobis
780 4235 1243 4308 necessariam
1288 4245 1727 4329 reputamus,
1769 4234 2123 4307 devotioni
2165 4245 2282 4306 tue
2333 4233 2622 4336 firmiter
2658 4243 2729 4305 et
2777 4232 3081 4305 districte
3127 4234 3353 4329 preci-

539 4356 787 4450 piendo
837 4359 1251 4432 mandamus
1310 4367 1654 4450 quatenus
1714 4358 1882 4430 visis
1942 4356 2225 4448 litteris,
2262 4377 2460 4428 mora
2513 4356 2822 4449 qualibet
2871 4367 2945 4429 et
2993 4358 3355 4431 occasione

540 4482 846 4574 remotis,
878 4482 971 4554 ad
1023 4503 1154 4554 nos
1195 4481 1512 4576 protinus
1559 4478 1843 4553 studeas
1899 4491 1967 4551 te
2020 4480 2372 4569 conferre3
2415 4501 2544 4574 pro
2583 4490 2775 4554 certo
2823 4481 3120 4553 sciturus
3166 4480 3358 4573 quod

621 4666 702 4747 (a)
746 4669 845 4730 Sic
871 4672 934 4729 ln
957 4671 1258 4746 impresso.
1288 4670 1627 4748 Legeudum
1655 4685 1797 4729 vero
1824 4664 2270 4746 suscipientibus.

3513 1928 3664 1980 (Circa

3503 1984 3722 2037 aprilem]
