4364 5738
1004 588 1121 649 144
1995 583 2420 645 rmnssmci
2472 585 2818 645 saeuum
3434 585 3598 665 [Anu.
3636 588 3810 648 1243.

1000 722 1199 796 lestia
1246 721 1638 791 inferretur.
1691 719 1890 789 Nunc
1938 719 2174 791 audite
2220 719 2519 812 qualiter
2561 719 2794 790 omnia
2839 718 3235 813 supradicta
3280 729 3442 790 sunt
3489 720 3693 791 nobis
3728 742 3816 792 ex

998 845 1280 917 foedere
1320 843 1659 939 promisso
1693 838 1995 915 servata!
2037 843 2112 914 In
2145 842 2387 937 primis
2427 854 2566 914 tam
2602 864 2839 914 comes
2878 863 3089 934 quam
3130 842 3535 914 Theutonici
3572 864 3814 939 supra-

1004 968 1169 1041 dicti
1219 967 1471 1038 milites
1521 976 1590 1038 et
1634 967 1748 1038 alii
1801 966 1889 1038 de
1939 986 2152 1057 regno
2201 965 2468 1053 Sicilie,
2538 966 2747 1037 rebus
2797 967 3104 1060 ipsorum
3146 966 3468 1037 omnibus
3520 967 3818 1038 violenta

1003 1091 1390 1187 predonum
1454 1091 1921 1161 Romanorum
1983 1099 2054 1160 et
2110 1089 2645 1160 viterbiensium
2709 1111 2917 1162 manu
2977 1090 3047 1160 in
3104 1089 3434 1184 praedam
3498 1090 3813 1184 direptis,

1003 1216 1128 1286 vix
1183 1224 1558 1310 potuerunt
1615 1215 1756 1285 vivi
1814 1213 1904 1284 de
1944 1213 2149 1284 castri
2205 1213 2418 1308 septis
2459 1213 2918 1304 jaculantium
2968 1223 3038 1284 et
3094 1212 3548 1308 lapidantium
3601 1213 3817 1284 mani·

1004 1342 1137 1413 bus
1176 1340 1327 1434 ipso
1382 1338 1732 1409 cardinale
1771 1337 2043 1409 Othone
2079 1347 2399 1431 presente
2439 1360 2572 1409 nec
2622 1337 3097 1410 contradicere
3147 1339 3461 1425 valente,
3508 1337 3757 1409 deduci
3798 1365 3814 1408 ε

1005 1463 1385 1558 quinetiam
1458 1462 1604 1555 ipse
1664 1460 2035 1531 cardinalis
2100 1461 2406 1554 prefatus
2472 1462 2994 1532 vulneratorum
3063 1462 3371 1556 ipsorum
3434 1470 3823 1532 nostrorum

1007 1586 1343 1677 sanguine
1401 1586 1822 1670 maculatus,
1883 1583 2281 1678 proximum
2337 1584 2467 1654 sibi
2516 1584 2881 1656 imminere
2924 1585 3202 1679 proprie
3246 1585 3386 1656 vite
3443 1584 3817 1678 periculum

1009 1709 1448 1781 formidabat.
1496 1709 1959 1779 viterbienses
2010 1728 2180 1778 vero
2255 1707 2474 1778 nostri
2530 1706 2772 1779 fideles
2824 1708 3026 1780 bonis
3080 1709 3222 1779 suis
3275 1708 3600 1779 omnibus
3660 1727 3816 1802 spo-

1011 1832 1201 1919 liati,
1261 1831 1562 1902 turribus
1608 1831 1915 1924 ipsorum
1959 1842 2028 1900 et
2074 1829 2396 1901 domibus
2450 1830 2762 1902 funditus
2806 1831 3053 1902 dirutis
3102 1842 3172 1902 et
3224 1831 3384 1922 igne
3425 1829 3812 1919 succensis,

1010 1976 1153 2027 non
1200 1965 1362 2026 sunt
1400 1955 1491 2026 ad
1531 1975 1660 2025 nos
1690 1963 1931 2026 contra
1976 1952 2184 2025 fidem
2231 1954 2636 2048 promissam
2678 1955 2871 2026 exire
2907 1955 3256 2050 permissi;
3304 1955 3430 2026 sed
3469 1954 3821 2043 carcerali,

1012 2077 1185 2172 proh
1225 2079 1448 2167 dolor,
1491 2077 1802 2148 custodie
1843 2077 2242 2171 mancipati.
2285 2078 2574 2149 Romani
2615 2099 2788 2150 vero
2838 2088 3114 2172 postea,
3159 2078 3414 2171 quibus
3454 2078 3546 2149 ad
3592 2078 3827 2149 desen·

1012 2202 1275 2274 sionem
1321 2201 1608 2272 Viterbii
1663 2200 1864 2271 nobis
1924 2210 1993 2272 et
2044 2201 2335 2295 imperio
2382 2202 2645 2273 nefaria
2710 2202 3103 2297 proditione
3160 2202 3491 2273 subtracti
3544 2200 3828 2273 venien·

1015 2326 1231 2413 tibus,
1281 2336 1611 2417 tanquam
1644 2324 1736 2395 ad
1776 2324 2254 2396 liberationem
2292 2325 2639 2420 sepulchri
2671 2325 3015 2397 Dominici
3055 2325 3575 2418 navigantibus,
3611 2326 3833 2396 fuerat

1013 2451 1280 2522 indulta
1329 2448 1638 2518 remissio
1679 2457 2158 2541 peccatorum,
2199 2459 2563 2542 postquam
2605 2471 2734 2521 nos
2787 2449 2880 2521 ab
2931 2450 3291 2521 obsidione
3330 2448 3617 2519 Viterbii
3670 2470 3832 2542 sup·

1016 2573 1336 2669 plicantis
1401 2571 1706 2642 Ecclesie
1780 2571 2102 2663 precibus
2173 2572 2402 2665 potius
2455 2594 2666 2666 quam
2727 2575 3195 2645 Romanorum
3257 2584 3518 2645 terrore
3582 2571 3833 2644 devicti

1017 2696 1489 2785 discessimus,
1536 2695 1768 2787 aliqua
1823 2716 1915 2765 ex
1972 2696 2318 2767 debilibus
2359 2697 2601 2767 castris
2640 2708 3036 2768 nostrorum
3080 2695 3425 2787 fidelium,
3475 2718 3613 2789 que
3656 2697 3835 2768 circa

1016 2818 1401 2892 viterbium
1448 2818 1811 2907 tenebant,
1857 2818 1949 2892 ad
1989 2818 2380 2911 aliquorum
2429 2819 2861 2911 instantiam,
2913 2840 3209 2914 quorum
3258 2818 3489 2891 adhuc
3532 2830 3835 2891 tacemus

1018 2944 1340 3033 nomina,
1398 2944 1769 3014 simultano
1833 2942 2138 3034 quodam
2201 2943 2427 3034 rigore
2483 2943 2736 3014 virium
2764 2996 2784 3030 ,
2850 2952 3005 3036 post
3047 2943 3465 3014 'dissolutum
3525 2953 3836 3015 nostrum

1020 3069 1402 3139 exercitum
1429 3067 1630 3136 nobis
1656 3066 1746 3135 ab
1787 3086 1872 3136 eo
1905 3067 2109 3157 longe
2143 3067 2601 3156 morantibus,
2632 3068 3189 3138 combusserunt.
3223 3067 3359 3138 Sed
3394 3087 3524 3138 nec
3554 3088 3682 3162 per
3707 3066 3838 3138 hoc

1022 3199 1126 3261 est
1171 3199 1335 3260 nota
1390 3189 1855 3260 Romanorum
1907 3190 2487 3282 pusillanimitatis
2532 3191 2883 3281 abstersa,
2934 3212 3066 3262 nec
3113 3190 3441 3282 quiritum
3494 3190 3725 3284 pudor
3768 3190 3836 3260 in

1022 3312 1254 3404 aliquo
1295 3313 1675 3400 coloratuS,
1721 3313 1911 3403 quod
1955 3313 2105 3384 ausi
2155 3314 2437 3384 fuerunt
2475 3314 2822 3409 mappalia
2870 3314 3173 3406 quedam
3225 3324 3620 3386 nostrorum
3667 3311 3833 3384 fide-

1022 3435 1192 3504 lium
1237 3435 1395 3528 igne
1437 3436 1874 3523 comburere,
1916 3445 1985 3505 et
2028 3436 2318 3508 rusticos
2359 3436 2696 3529 quosdam
2744 3437 3057 3508 imbelles
3103 3458 3406 3531 paupere
3448 3437 3833 3530 suppellec-

1024 3558 1125 3629 tili
1175 3560 1497 3653 spoliare,
1536 3559 1736 3631 nobis
1790 3560 1881 3629 ab
1923 3559 2022 3629 eis
2055 3558 2313 3629 dietam
2361 3561 2505 3630 fere
2552 3560 3002 3648 distantibus3
3055 3580 3195 3631 non
3243 3560 3341 3630 sic
3375 3561 3659 3629 fuerunt
3705 3558 3836 3630 hoc

1021 3703 1206 3755 anno
1251 3682 1726 3775 magnanimes
1775 3704 1934 3753 cum
1979 3703 2108 3752 nos
2138 3682 2382 3772 maJori
2419 3682 2751 3772 militum,
2799 3682 2926 3753 sed
2972 3682 3219 3754 minori
3256 3681 3565 3776 peditum
3617 3702 3835 3774 qnan-

1023 3808 1216 3878 titate
1254 3807 1507 3878 Urbem
1543 3828 1709 3900 prae
1751 3806 2013 3878 foribus
2046 3805 2533 3897 cingebamus3
2584 3806 2716 3877 nisi
2762 3806 2937 3877 forte
2986 3828 3079 3876 ex
3125 3806 3395 3876 indulta
3439 3803 3836 3875 remissione

1023 3931 1532 4025 peccaminum,
1583 3940 1910 4021 tanquam
1947 3929 2035 4000 de
2084 3929 2427 4023 paradyso
2467 3929 2729 4016 securi,
2772 3950 2847 4000 se
2887 3929 3151 4000 vellent
3186 3928 3590 4000 audaciores
3623 3948 3835 4023 expo-

1023 4076 1188 4126 nere
1252 4064 1324 4125 et
1378 4054 1617 4126 mortis
1672 4053 2059 4124 indubitate
2122 4073 2198 4123 se
2252 4052 2497 4123 offerre
2556 4052 2881 4146 periculis
2937 4053 3420 4146 promptiores.
3490 4053 3633 4121 Hec
3680 4057 3840 4120 sunt

1024 4203 1160 4273 que
1222 4181 1423 4252 nobis
1488 4181 1762 4253 noviter
1821 4189 1892 4250 et
1951 4178 2328 4252 enormiter
2380 4178 2845 4269 contigerunt.
2924 4179 3183 4249 Horum
3239 4188 3465 4249 tamen
3532 4176 3836 4248 omnium

1025 4305 1255 4376 nullos
1295 4304 1482 4398 apud
1523 4327 1648 4376 vos
1693 4304 2128 4376 diffamamus
2171 4312 2529 4393 auctores,
2591 4303 3075 4375 enormitatem
3126 4302 3469 4374 commissi
3521 4300 3839 4372 facinoris

1026 4426 1223 4497 vobis
1264 4427 1358 4498 ad
1396 4448 1681 4520 presens
1716 4428 2023 4522 perferre
2056 4427 2375 4517 sufficiat,
2408 4447 2619 4520 quam
2649 4426 2858 4498 etiam
2890 4447 3016 4521 per
3056 4426 3461 4517 magistrum
3496 4423 3838 4496 Othonem

1025 4549 1447 4621 cardinalem
1512 4553 1852 4644 prefatum
1876 4605 1895 4640 ,
1963 4554 2163 4645 cujus
2221 4560 2328 4623 est
2379 4561 2612 4645 preter
2663 4570 2939 4622 omnem
2990 4550 3270 4643 culpam
3322 4569 3520 4620 suam
3582 4557 3838 4619 temere

1025 4671 1281 4744 violata
1312 4673 1701 4767 promissio,
1738 4684 1877 4746 tam
1910 4675 2194 4747 domino
2230 4695 2410 4769 pape
2453 4694 2665 4766 quam
2701 4673 3030 4744 fratribus
3059 4672 3202 4744 suis
3239 4671 3569 4743 duximus
3611 4669 3841 4743 humi·
