4364 5738
1460 401 1520 442 Ὁ

541 561 746 621 Imm.
779 557 873 636 2]
1042 596 1046 600 .
1435 557 1834 619 HISTORIA
1878 557 2476 621 umMATmA.
3258 562 3380 624 215

543 695 901 768 obtentam
927 692 1025 765 de
1056 694 1159 764 eis
1181 692 1573 783 victoriam,
1602 693 1880 785 jubebit
1907 714 2031 766 eos
2062 694 2266 766 nobis
2291 696 2524 767 facere
2554 703 2628 765 et
2657 715 2800 766 non
2833 694 3089 768 minus.
3129 697 3376 770 Forma

543 827 778 890 antem
814 816 1109 912 predicti
1176 825 1508 888 tractatus
1558 816 1846 888 inferius
1895 816 2367 890 declarabitur
2410 817 2748 890 seriatim.
2794 819 2920 890 Vel
2964 819 3026 890 si
3070 820 3165 892 ad
3201 821 3375 894 illud

543 963 688 1016 non
715 950 1048 1038 poterunt
1088 940 1370 1014 forsitan
1414 940 1654 1034 induci
1687 941 2093 1032 Lombardi,
2123 942 2401 1034 jubebit
2438 964 2560 1014 eos
2606 944 2834 1015 facere
2870 943 3061 1035 quod
3102 945 3377 1019 obt-nle-

542 1075 708 1138 runt
733 1074 899 1137 ante
933 1066 1294 1137 obtentam
1324 1064 1687 1137 victoriam
1719 1064 1814 1136 de
1853 1064 2151 1154 eisdem3
2196 1064 2331 1137 hoc
2362 1065 2641 1159 adjecto
2669 1065 2864 1159 qnod
2896 1066 2985 1138 de
3017 1068 3378 1141 obsidibus

544 1190 796 1263 dandis
832 1211 1014 1284 quos
1061 1189 1135 1260 in
1183 1189 1335 1285 ipso
1395 1198 1698 1261 tractatu
1754 1189 2128 1262 Lombardi
2187 1190 2358 1262 dare
2424 1191 2831 1281 voluerunt,
2890 1192 3379 1286 pronunciabit

544 1314 868 1387 dominus
909 1334 1089 1408 papa
1111 1365 1133 1403 ,
1175 1313 1505 1386 videlicet
1539 1313 1634 1385 de
1684 1322 1786 1386 tot
1829 1322 1903 1384 et
1943 1314 2198 1387 talibus
2235 1313 2594 1386 obsidibus
2626 1335 2755 1409 per
2794 1323 2968 1406 quot
3013 1325 3085 1387 et
3129 1317 3376 1409 quales

542 1438 867 1513 dominns
903 1458 1089 1533 papa
1119 1437 1327 1509 nobis
1361 1447 1436 1509 et
1467 1437 1758 1533 imperio
1794 1437 2053 1510 viderit
2092 1459 2246 1510 esse
2284 1446 2594 1510 cantum.
2644 1438 2732 1510 Et
2775 1437 2907 1510 hec
2951 1438 3374 1515 determina-

541 1555 803 1635 bnntur
842 1563 918 1632 in
968 1571 1239 1634 cenum
1289 1571 1567 1657 tempus
1615 1561 1826 1635 trium
1888 1562 2233 1633 mensium
2276 1561 2909 1658 computandorum
2964 1583 3005 1633 a
3058 1562 3174 1635 die
3230 1585 3375 1656 qno

539 1685 746 1758 ambe
779 1695 1012 1781 partes
1039 1706 1203 1757 cum
1246 1687 1462 1782 plena
1507 1686 1917 1758 anctoritate
1963 1706 2199 1759 coram
2242 1685 2532 1758 domino
2586 1705 2769 1781 papa
2814 1688 3368 1782 comparuerint,

540 1811 654 1882 vel
689 1830 937 1883 earum
962 1810 1184 1881 altera
1214 1809 1288 1881 in
1334 1809 1608 1905 profixo
1650 1809 1946 1881 termino
1987 1810 2180 1900 dat0‚
2220 1810 2340 1902 qni
2397 1819 2629 1881 tamen
2678 1809 2982 1882 duorum
3031 1813 3373 1888 mensium

539 1955 682 2006 non
723 1933 1060 2024 excedat,
1096 1934 1401 2005 voluerit
1429 1954 1863 2026 comparere.
1912 1933 2093 2004 lllnd
2137 1942 2374 2004 antem
2410 1933 2602 2026 qnod
2642 1934 2720 2003 in
2764 1934 3169 2006 tractatibus
3211 1958 3373 2031 pre-

538 2057 778 2146 dictis,
806 2056 1038 2152 primo
1078 2058 1193 2127 vel
1227 2055 1541 2128 secundo
1575 2054 1871 2145 scilicet,
1908 2055 1981 2124 in
2015 2055 2466 2127 contentione
2502 2065 2656 2127 erat
2692 2066 2768 2127 et
2802 2078 3013 2151 super
3040 2079 3183 2149 quo
3216 2081 3374 2130 cnm

536 2179 943 2253 Lombardis
969 2178 1258 2275 prefatis
1284 2178 1717 2251 concordare
1747 2199 1897 2250 non
1926 2179 2311 2273 potuimus,
2344 2189 2648 2273 excepto
2681 2179 2770 2249 de
2812 2179 3168 2251 obsidibus
3199 2181 3377 2252 sicut

539 2304 803 2378 dictum
832 2315 964 2395 est,
1003 2304 1136 2375 erit
1161 2304 1234 2374 in
1266 2302 1554 2375 arbitrio
1585 2302 1849 2375 domini
1880 2324 2087 2399 pape.
2116 2303 2364 2374 Forma
2390 2312 2625 2374 autem
2653 2302 3021 2376 oblationis
3048 2303 3119 2373 in
3148 2304 3374 2398 primo

539 2437 835 2500 metatu
877 2426 1037 2500 talis
1081 2426 1213 2499 fuit
1251 2453 1269 2498 ε
1305 2426 1647 2500 Videlicet
1680 2427 2087 2498 obtulerunt
2120 2427 2326 2498 nobis
2369 2448 2498 2522 pro
2546 2409 2811 2499 bonore
2854 2437 3092 2499 nostro
3131 2438 3201 2499 et
3234 2428 3370 2498 im-

539 2552 709 2647 perii
738 2551 1021 2647 publice
1052 2572 1315 2646 ponere
1350 2571 1428 2623 se
1467 2550 1541 2621 in
1577 2549 1904 2622 mercede
1946 2561 2184 2622 nostra
2223 2561 2294 2621 et
2329 2550 2672 2646 projicere
2704 2551 2969 2622 vexilla
3000 2572 3243 2622 eorum
3279 2552 3372 2623 ad

538 2675 755 2771 pedes
797 2684 1097 2748 nostros·
1135 2675 1562 2748 obtulerunt
1599 2674 1812 2747 etiam
1854 2674 2169 2746 civitates
2215 2674 2596 2746 dissolvere
2638 2685 2714 2745 et
2756 2664 3168 2746 renunciare
3214 2676 3370 2770 paci

536 2800 965 2873 constancie.
998 2800 1225 2896 Super
1249 2799 1533 2873 offensis
1561 2808 1796 2871 antem
1821 2819 2046 2892 nsque
2073 2797 2166 2871 ad
2209 2807 2483 2894 tempus
2514 2798 2689 2869 illud
2716 2798 3130 2893 perpetratis
3164 2798 3369 2871 obtu-

537 2924 770 2997 lerunt
821 2922 1196 2996 emendam
1248 2926 1456 3017 juxta
1515 2931 1885 2995 tractatum
1933 2943 2101 2994 cnm
2165 2921 2636 2994 cardinalibus
2693 2921 3007 2992 habitum
3030 2975 3050 3010 ‚
3106 2922 3371 2994 scilicet

535 3045 821 3118 domino
850 3046 1151 3119 Ostiensi
1187 3057 1261 3119 et
1287 3046 1624 3138 magistro
1657 3045 1920 3118 Thema
1951 3045 2045 3118 de
2077 3047 2351 3141 Capua,
2390 3045 2481 3119 de
2523 3045 3050 3140 quadringentis
3086 3047 3202 3117 vel
3249 3068 3366 3118 us·

535 3189 676 3260 qne
703 3169 799 3239 ad
829 3169 1251 3262 quingentos
1281 3169 1542 3241 milites
1565 3170 1740 3241 citra
1773 3191 1964 3241 mare
2002 3179 2074 3241 et
2097 3190 2247 3241 non
2273 3169 2455 3239 ultra
2485 3189 2678 3240 mare
2715 3168 3094 3240 mittendos
3139 3179 3208 3240 et
3242 3191 3369 3265 per

532 3290 898 3364 biennium
943 3301 1332 3364 moraturos
1367 3292 1485 3362 vel
1538 3291 1774 3365 danda
1817 3292 2115 3388 pecnnia
2155 3314 2290 3387 pro
2331 3292 2671 3365 militibus
2721 3293 2889 3387 ipsis
2910 3346 2929 3383 ,
2977 3304 3185 3387 prout
3234 3294 3364 3390 ipsi

532 3414 906 3487 hembardi
944 3415 1308 3507 eligerent.
1355 3415 1770 3511 specialiter
1801 3426 2035 3488 autem
2071 3416 2622 3488 Mediolanenses
2654 3415 3041 3488 offerebant
3076 3439 3364 3491 censum

533 3561 662 3633 pro
703 3560 783 3611 se
825 3539 1055 3635 primo
1096 3549 1169 3613 et
1207 3539 1675 3612 Marcbesanis
1713 3560 1863 3611 non
1914 3539 2221 3612 solutum
2266 3541 2545 3612 solvere
2566 3593 2585 3626 ‚
2638 3559 2682 3609 a
2726 3538 2844 3611 die
2894 3540 3365 3613 coronationis

531 3668 770 3732 ποια-ο
801 3681 1031 3754 mque
1067 3660 1161 3733 ad
1185 3660 1378 3733 diem
1416 3660 1636 3732 habiti
1669 3669 2037 3752 tractatum
2069 3662 2168 3733 ita
2202 3671 2435 3734 tamen
2471 3661 2662 3754 qnod
2693 3682 2825 3732 nos
2854 3659 3365 3737 remitteremus

534 3782 634 3855 eis
657 3803 874 3857 omne
898 3785 1016 3877 jus
1042 3785 1237 3880 qnod
1272 3785 1687 3879 acquisitum
1713 3796 1872 3859 erat
1901 3785 2103 3858 nobis
2129 3796 2209 3858 et
2237 3785 2529 3882 imperio
2561 3807 2657 3856 ex
2692 3784 3077 3855 cessatione
3112 3806 3362 3859 census

531 3927 660 4001 pro
687 3908 1024 4003 preterito
1064 3918 1377 4005 tempore
1419 3930 1566 3982 non
1597 3909 1849 4002 soluti,
1890 3918 1961 3981 et
2000 3930 2257 3982 novam
2303 3908 2823 3981 concessionem
2875 3908 3257 3978 faceremus
3293 3916 3364 3978 et

531 4029 1124 4106 confirmafionem
1152 4035 1359 4125 juxta
1399 4043 1712 4107 tenorem
1739 4033 2271 4129 privilefflorum
2304 4053 2598 4105 snorum
2637 4029 2989 4102 communi
3029 4029 3360 4102 Mediola-

530 4155 732 4228 nensi
753 4156 852 4228 de
877 4157 1325 4230 comitatibus
1357 4158 1530 4231 suis.
1566 4158 1888 4231 Gremam
1921 4167 2160 4231 antem
2184 4155 2577 4229 offerebant
2608 4174 2691 4225 se
2730 4152 3125 4225 reddituros
3156 4153 3360 4226 nobis

529 4297 743 4371 quam
787 4279 864 4350 in
905 4281 1594 4354 recommendatione
1633 4291 1713 4355 et
1749 4281 2164 4354 defensione
2210 4280 2303 4350 ab
2350 4278 2772 4373 imperatore
2820 4278 3118 4350 Henrico
3160 4287 3361 4372 patre

529 4410 770 4475 nostro
799 4404 1142 4498 recepisse
1169 4404 1529 4496 dicebant,
1558 4416 1648 4477 nt
1680 4415 1911 4477 tamen
1937 4405 2044 4476 ei's
2080 4413 2153 4475 et
2177 4401 2667 4476 cremensibus
2701 4411 2982 4475 cantum
3016 4412 3199 4475 esset
3228 4423 3359 4498 per

529 4525 797 4601 litteras
822 4536 1093 4600 nostras
1119 4550 1214 4600 ne
1244 4549 1375 4600 nos
1402 4529 1723 4602 Cremam
1741 4526 2329 4601 Cremonensibus
2356 4525 2631 4598 uadem
2661 4527 2776 4599 vel
2806 4527 3107 4600 reddere
3136 4526 3357 4599 debe-

529 4670 797 4743 remus,
829 4650 957 4724 sed
991 4652 1067 4722 in
1098 4662 1343 4726 nostro
1373 4661 1453 4724 et
1481 4652 1753 4748 impen'i
1785 4650 2093 4725 dominio
2125 4650 2457 4723 retinere.
2490 4652 2596 4722 De
2634 4652 2868 4732 insula
2917 4662 3151 4723 autem
3188 4651 3353 4723 Fal-
