<?xml version="1.0" encoding="UTF-8"?>
<!DOCTYPE html PUBLIC "-//W3C//DTD XHTML 1.0 Transitional//EN"
    "http://www.w3.org/TR/xhtml1/DTD/xhtml1-transitional.dtd">
<html xmlns="http://www.w3.org/1999/xhtml" xml:lang="en" lang="en">
 <head>
  <title>
</title>
<meta http-equiv="Content-Type" content="text/html;charset=utf-8" />
  <meta name='ocr-system' content='tesseract 3.04.00' />
  <meta name='ocr-capabilities' content='ocr_page ocr_carea ocr_par ocr_line ocrx_word'/>
</head>
<body>
  <div class='ocr_page' id='page_1' title='image "./historiadiploma00degoog_0384.png"; bbox 0 0 4364 5738; ppageno 0'>
   <div class='ocr_carea' id='block_1_1' title="bbox 1057 541 3864 627">
    <p class='ocr_par' dir='ltr' id='par_1_1' title="bbox 1057 541 3864 627">
     <span class='ocr_line' id='line_1_1' title="bbox 1057 541 3864 627; baseline 0.002 -25"><span class='ocrx_word' id='word_1_1' title='bbox 1057 541 1179 602; x_wconf 83' lang='lat'><strong>368</strong></span> <span class='ocrx_word' id='word_1_2' title='bbox 2056 541 2479 604; x_wconf 70' lang='lat' dir='ltr'><strong>rmnssmcl</strong></span> <span class='ocrx_word' id='word_1_3' title='bbox 2529 542 2870 604; x_wconf 63' lang='lat' dir='ltr'><strong>suenum</strong></span> <span class='ocrx_word' id='word_1_4' title='bbox 3495 545 3659 627; x_wconf 74' lang='lat' dir='ltr'><strong>[Ant.</strong></span> <span class='ocrx_word' id='word_1_5' title='bbox 3695 547 3864 609; x_wconf 66' lang='lat'><strong>1245.</strong></span> 
     </span>
    </p>
   </div>
   <div class='ocr_carea' id='block_1_2' title="bbox 1058 671 3867 1177">
    <p class='ocr_par' dir='ltr' id='par_1_2' title="bbox 1058 671 3867 1177">
     <span class='ocr_line' id='line_1_2' title="bbox 1059 671 3867 786; baseline 0.002 -32"><span class='ocrx_word' id='word_1_6' title='bbox 1059 672 1342 781; x_wconf 82' lang='lat' dir='ltr'>Spoleti</span> <span class='ocrx_word' id='word_1_7' title='bbox 1370 682 1446 754; x_wconf 91' lang='lat' dir='ltr'><strong>et</strong></span> <span class='ocrx_word' id='word_1_8' title='bbox 1473 671 1948 754; x_wconf 85' lang='lat' dir='ltr'><strong>Anconitana</strong></span> <span class='ocrx_word' id='word_1_9' title='bbox 1972 674 2317 756; x_wconf 88' lang='lat' dir='ltr'><strong>marchia</strong></span> <span class='ocrx_word' id='word_1_10' title='bbox 2339 673 2588 783; x_wconf 83' lang='lat' dir='ltr'>Papae</span> <span class='ocrx_word' id='word_1_11' title='bbox 2609 674 2808 757; x_wconf 89' lang='lat' dir='ltr'><strong>vices</strong></span> <span class='ocrx_word' id='word_1_12' title='bbox 2836 675 3126 784; x_wconf 85' lang='lat' dir='ltr'>gerenti</span> <span class='ocrx_word' id='word_1_13' title='bbox 3164 676 3588 786; x_wconf 82' lang='lat' dir='ltr'><strong>rhythmice</strong></span> <span class='ocrx_word' id='word_1_14' title='bbox 3615 689 3867 761; x_wconf 85' lang='lat' dir='ltr'><strong>narrat</strong></span> 
     </span>
     <span class='ocr_line' id='line_1_3' title="bbox 1058 803 3865 916; baseline 0.003 -30"><span class='ocrx_word' id='word_1_15' title='bbox 1058 804 1386 912; x_wconf 82' lang='lat' dir='ltr'><strong>qualiter</strong></span> <span class='ocrx_word' id='word_1_16' title='bbox 1418 803 1686 885; x_wconf 88' lang='lat' dir='ltr'><strong>Vitalis</strong></span> <span class='ocrx_word' id='word_1_17' title='bbox 1711 804 1808 885; x_wconf 94' lang='lat' dir='ltr'><strong>de</strong></span> <span class='ocrx_word' id='word_1_18' title='bbox 1838 807 2123 887; x_wconf 89' lang='lat' dir='ltr'><strong>Aversa</strong></span> <span class='ocrx_word' id='word_1_19' title='bbox 2161 806 2598 914; x_wconf 86' lang='lat' dir='ltr'><strong>[imperialis</strong></span> <span class='ocrx_word' id='word_1_20' title='bbox 2634 807 2713 887; x_wconf 90' lang='lat' dir='ltr'><strong>in</strong></span> <span class='ocrx_word' id='word_1_21' title='bbox 2743 806 3199 914; x_wconf 85' lang='lat' dir='ltr'><strong>patrimonio</strong></span> <span class='ocrx_word' id='word_1_22' title='bbox 3234 808 3694 916; x_wconf 86' lang='lat' dir='ltr'><strong>capitaneus]</strong></span> <span class='ocrx_word' id='word_1_23' title='bbox 3716 813 3865 895; x_wconf 90' lang='lat' dir='ltr'><strong>duo</strong></span> 
     </span>
     <span class='ocr_line' id='line_1_4' title="bbox 1058 935 3865 1046; baseline 0.003 -28"><span class='ocrx_word' id='word_1_24' title='bbox 1058 952 1134 1018; x_wconf 86' lang='lat' dir='ltr'><strong>et</strong></span> <span class='ocrx_word' id='word_1_25' title='bbox 1168 936 1478 1046; x_wconf 86' lang='lat' dir='ltr'><strong>triginta</strong></span> <span class='ocrx_word' id='word_1_26' title='bbox 1512 936 1708 1017; x_wconf 86' lang='lat' dir='ltr'><strong>cives</strong></span> <span class='ocrx_word' id='word_1_27' title='bbox 1748 935 2210 1020; x_wconf 86' lang='lat' dir='ltr'><strong>Cornetanos</strong></span> <span class='ocrx_word' id='word_1_28' title='bbox 2260 938 2338 1019; x_wconf 91' lang='lat' dir='ltr'><strong>in</strong></span> <span class='ocrx_word' id='word_1_29' title='bbox 2376 938 2660 1045; x_wconf 90' lang='lat' dir='ltr'><strong>praelio</strong></span> <span class='ocrx_word' id='word_1_30' title='bbox 2707 948 2970 1046; x_wconf 87' lang='lat' dir='ltr'><strong>captos</strong></span> <span class='ocrx_word' id='word_1_31' title='bbox 3015 936 3237 1046; x_wconf 84' lang='lat' dir='ltr'><strong>jussu</strong></span> <span class='ocrx_word' id='word_1_32' title='bbox 3289 939 3644 1023; x_wconf 89' lang='lat' dir='ltr'><strong>Friderici</strong></span> <span class='ocrx_word' id='word_1_33' title='bbox 3698 954 3865 1028; x_wconf 90' lang='lat' dir='ltr'><strong>ante</strong></span> 
     </span>
     <span class='ocr_line' id='line_1_5' title="bbox 1061 1068 2195 1177; baseline -0.001 -25"><span class='ocrx_word' id='word_1_34' title='bbox 1061 1069 1467 1152; x_wconf 85' lang='lat' dir='ltr'><strong>Cornetum</strong></span> <span class='ocrx_word' id='word_1_35' title='bbox 1506 1068 1864 1177; x_wconf 86' lang='lat' dir='ltr'>suspendi</span> <span class='ocrx_word' id='word_1_36' title='bbox 1911 1069 2195 1152; x_wconf 85' lang='lat' dir='ltr'><strong>fecerit.</strong></span> 
     </span>
    </p>
   </div>
   <div class='ocr_carea' id='block_1_3' title="bbox 1220 1293 3864 1480">
    <p class='ocr_par' dir='ltr' id='par_1_3' title="bbox 1220 1293 3864 1480">
     <span class='ocr_line' id='line_1_6' title="bbox 1220 1293 3857 1378; baseline 0.002 -24"><span class='ocrx_word' id='word_1_37' title='bbox 1220 1293 1449 1373; x_wconf 79' lang='lat' dir='ltr'><strong>(Edidit</strong></span> <span class='ocrx_word' id='word_1_38' title='bbox 1476 1296 1754 1373; x_wconf 73' lang='lat' dir='ltr'><strong>Roma,</strong></span> <span class='ocrx_word' id='word_1_39' title='bbox 1783 1295 1994 1356; x_wconf 71' lang='lat' dir='ltr'><strong>Kaisar</strong></span> <span class='ocrx_word' id='word_1_40' title='bbox 2027 1294 2325 1357; x_wconf 69' lang='lat' dir='ltr'><strong>fficdn‘cla</strong></span> <span class='ocrx_word' id='word_1_41' title='bbox 2359 1297 2445 1368; x_wconf 91' lang='lat'><strong>11,</strong></span> <span class='ocrx_word' id='word_1_42' title='bbox 2487 1315 2550 1374; x_wconf 83' lang='lat' dir='ltr'><strong>p.</strong></span> <span class='ocrx_word' id='word_1_43' title='bbox 2589 1304 2739 1368; x_wconf 76' lang='lat'><strong>⁴29,</strong></span> <span class='ocrx_word' id='word_1_44' title='bbox 2768 1305 2835 1355; x_wconf 75' lang='lat' dir='ltr'><strong>n’</strong></span> <span class='ocrx_word' id='word_1_45' title='bbox 2863 1305 2932 1356; x_wconf 81' lang='lat'><strong>61</strong></span> <span class='ocrx_word' id='word_1_46' title='bbox 2955 1338 2975 1373; x_wconf 86' lang='lat'>,</span> <span class='ocrx_word' id='word_1_47' title='bbox 3018 1311 3096 1356; x_wconf 80' lang='lat' dir='ltr'><strong>cx</strong></span> <span class='ocrx_word' id='word_1_48' title='bbox 3134 1298 3469 1378; x_wconf 64' lang='lat' dir='ltr'><strong>Mau-quma</strong></span> <span class='ocrx_word' id='word_1_49' title='bbox 3508 1297 3857 1370; x_wconf 64' lang='lat' dir='ltr'><strong>Comum,</strong></span> 
     </span>
     <span class='ocr_line' id='line_1_7' title="bbox 1294 1401 3864 1480; baseline 0.002 -19"><span class='ocrx_word' id='word_1_50' title='bbox 1294 1401 1429 1461; x_wconf 85' lang='lat' dir='ltr'><strong>cod.</strong></span> <span class='ocrx_word' id='word_1_51' title='bbox 1457 1418 1719 1478; x_wconf 83' lang='lat' dir='ltr'><strong>pergam.</strong></span> <span class='ocrx_word' id='word_1_52' title='bbox 1755 1401 2110 1462; x_wconf 81' lang='lat' dir='ltr'><strong>documenta</strong></span> <span class='ocrx_word' id='word_1_53' title='bbox 2149 1403 2384 1480; x_wconf 82' lang='lat' dir='ltr'><strong>publica</strong></span> <span class='ocrx_word' id='word_1_54' title='bbox 2426 1404 2797 1480; x_wconf 78' lang='lat' dir='ltr'><strong>continente3</strong></span> <span class='ocrx_word' id='word_1_55' title='bbox 2838 1401 2940 1461; x_wconf 76' lang='lat' dir='ltr'><strong>ubi</strong></span> <span class='ocrx_word' id='word_1_56' title='bbox 2972 1418 3112 1463; x_wconf 86' lang='lat' dir='ltr'><strong>vero</strong></span> <span class='ocrx_word' id='word_1_57' title='bbox 3138 1410 3511 1464; x_wconf 76' lang='lat' dir='ltr'><strong>conservetur</strong></span> <span class='ocrx_word' id='word_1_58' title='bbox 3539 1407 3651 1465; x_wconf 79' lang='lat' dir='ltr'><strong>iste</strong></span> <span class='ocrx_word' id='word_1_59' title='bbox 3683 1405 3864 1465; x_wconf 80' lang='lat' dir='ltr'><strong>codex</strong></span> 
     </span>
    </p>
   </div>
   <div class='ocr_carea' id='block_1_4' title="bbox 1295 1507 3863 1690">
    <p class='ocr_par' dir='ltr' id='par_1_4' title="bbox 1295 1507 3863 1690">
     <span class='ocr_line' id='line_1_8' title="bbox 1300 1507 3863 1586; baseline 0.003 -22"><span class='ocrx_word' id='word_1_60' title='bbox 1300 1523 1421 1565; x_wconf 91' lang='lat' dir='ltr'><strong>non</strong></span> <span class='ocrx_word' id='word_1_61' title='bbox 1459 1507 1775 1568; x_wconf 80' lang='lat' dir='ltr'><strong>indicatur.</strong></span> <span class='ocrx_word' id='word_1_62' title='bbox 1804 1507 1961 1568; x_wconf 83' lang='lat' dir='ltr'><strong>Loca</strong></span> <span class='ocrx_word' id='word_1_63' title='bbox 1987 1507 2286 1569; x_wconf 76' lang='lat' dir='ltr'><strong>intellectu</strong></span> <span class='ocrx_word' id='word_1_64' title='bbox 2311 1507 2575 1568; x_wconf 74' lang='lat' dir='ltr'><strong>difficilia</strong></span> <span class='ocrx_word' id='word_1_65' title='bbox 2600 1514 2670 1568; x_wconf 88' lang='lat' dir='ltr'><strong>ut</strong></span> <span class='ocrx_word' id='word_1_66' title='bbox 2702 1510 3004 1585; x_wconf 74' lang='lat' dir='ltr'><strong>potuimus</strong></span> <span class='ocrx_word' id='word_1_67' title='bbox 3036 1511 3209 1585; x_wconf 73' lang='lat' dir='ltr'><strong>juxta</strong></span> <span class='ocrx_word' id='word_1_68' title='bbox 3242 1509 3604 1586; x_wconf 84' lang='lat' dir='ltr'><strong>probabilem</strong></span> <span class='ocrx_word' id='word_1_69' title='bbox 3630 1526 3863 1572; x_wconf 77' lang='lat' dir='ltr'><strong>sensnm</strong></span> 
     </span>
     <span class='ocr_line' id='line_1_9' title="bbox 1295 1610 1711 1690; baseline 0.002 -19"><span class='ocrx_word' id='word_1_70' title='bbox 1295 1610 1711 1690; x_wconf 49' lang='lat' dir='ltr'><strong>correximus)</strong></span> 
     </span>
    </p>
   </div>
   <div class='ocr_carea' id='block_1_5' title="bbox 1052 1808 3863 3262">
    <p class='ocr_par' dir='ltr' id='par_1_5' title="bbox 1058 1808 3863 2023">
     <span class='ocr_line' id='line_1_10' title="bbox 1155 1808 3863 1906; baseline 0.003 -28"><span class='ocrx_word' id='word_1_71' title='bbox 1155 1810 1231 1878; x_wconf 82' lang='lat' dir='ltr'><strong>ln</strong></span> <span class='ocrx_word' id='word_1_72' title='bbox 1266 1808 1544 1880; x_wconf 91' lang='lat' dir='ltr'><strong>nomine</strong></span> <span class='ocrx_word' id='word_1_73' title='bbox 1584 1808 1881 1879; x_wconf 89' lang='lat' dir='ltr'><strong>Domini.</strong></span> <span class='ocrx_word' id='word_1_74' title='bbox 1920 1808 2168 1884; x_wconf 88' lang='lat' dir='ltr'><strong>Amen.</strong></span> <span class='ocrx_word' id='word_1_75' title='bbox 2207 1809 2354 1882; x_wconf 87' lang='lat' dir='ltr'><strong>Hoc</strong></span> <span class='ocrx_word' id='word_1_76' title='bbox 2401 1820 2505 1882; x_wconf 87' lang='lat' dir='ltr'><strong>est</strong></span> <span class='ocrx_word' id='word_1_77' title='bbox 2547 1813 2947 1905; x_wconf 86' lang='lat' dir='ltr'><strong>exemplum</strong></span> <span class='ocrx_word' id='word_1_78' title='bbox 2994 1810 3284 1906; x_wconf 78' lang='lat' dir='ltr'><strong>epistole</strong></span> <span class='ocrx_word' id='word_1_79' title='bbox 3327 1813 3534 1885; x_wconf 88' lang='lat' dir='ltr'><strong>misse</strong></span> <span class='ocrx_word' id='word_1_80' title='bbox 3585 1814 3863 1886; x_wconf 91' lang='lat' dir='ltr'><strong>domino</strong></span> 
     </span>
     <span class='ocr_line' id='line_1_11' title="bbox 1058 1931 2226 2023; baseline 0.001 -20"><span class='ocrx_word' id='word_1_81' title='bbox 1058 1931 1392 2003; x_wconf 85' lang='lat' dir='ltr'><strong>cardinali</strong></span> <span class='ocrx_word' id='word_1_82' title='bbox 1432 1933 1628 2023; x_wconf 87' lang='lat' dir='ltr'><strong>cujus</strong></span> <span class='ocrx_word' id='word_1_83' title='bbox 1664 1941 1861 2003; x_wconf 89' lang='lat' dir='ltr'><strong>tenor</strong></span> <span class='ocrx_word' id='word_1_84' title='bbox 1893 1933 2046 2004; x_wconf 88' lang='lat' dir='ltr'><strong>talis</strong></span> <span class='ocrx_word' id='word_1_85' title='bbox 2074 1940 2179 2004; x_wconf 92' lang='lat' dir='ltr'><strong>est</strong></span> <span class='ocrx_word' id='word_1_86' title='bbox 2209 1963 2226 2004; x_wconf 71' lang='grc' dir='ltr'><strong><em>ε</em></strong></span> 
     </span>
    </p>

    <p class='ocr_par' dir='ltr' id='par_1_6' title="bbox 1052 2055 3863 3262">
     <span class='ocr_line' id='line_1_12' title="bbox 1152 2055 3860 2153; baseline 0.002 -28"><span class='ocrx_word' id='word_1_87' title='bbox 1152 2056 1228 2126; x_wconf 94' lang='lat' dir='ltr'><strong>ln</strong></span> <span class='ocrx_word' id='word_1_88' title='bbox 1272 2055 1537 2127; x_wconf 86' lang='lat' dir='ltr'><strong>Christo</strong></span> <span class='ocrx_word' id='word_1_89' title='bbox 1584 2056 1765 2126; x_wconf 83' lang='lat' dir='ltr'><strong>Patri</strong></span> <span class='ocrx_word' id='word_1_90' title='bbox 1822 2064 1893 2126; x_wconf 92' lang='lat' dir='ltr'><strong>et</strong></span> <span class='ocrx_word' id='word_1_91' title='bbox 1939 2066 2097 2151; x_wconf 89' lang='lat' dir='ltr'><strong>post</strong></span> <span class='ocrx_word' id='word_1_92' title='bbox 2142 2058 2364 2128; x_wconf 92' lang='lat' dir='ltr'><strong>Deum</strong></span> <span class='ocrx_word' id='word_1_93' title='bbox 2409 2055 2642 2128; x_wconf 87' lang='lat' dir='ltr'><strong>vivide</strong></span> <span class='ocrx_word' id='word_1_94' title='bbox 2692 2056 2838 2152; x_wconf 90' lang='lat' dir='ltr'><strong>spei</strong></span> <span class='ocrx_word' id='word_1_95' title='bbox 2894 2056 3175 2129; x_wconf 90' lang='lat' dir='ltr'><strong>domino</strong></span> <span class='ocrx_word' id='word_1_96' title='bbox 3220 2059 3563 2153; x_wconf 78' lang='lat' dir='ltr'><strong>Raynerio</strong></span> <span class='ocrx_word' id='word_1_97' title='bbox 3616 2062 3860 2131; x_wconf 82' lang='lat' dir='ltr'><strong>Sancte</strong></span> 
     </span>
     <span class='ocr_line' id='line_1_13' title="bbox 1053 2178 3853 2276; baseline 0.002 -25"><span class='ocrx_word' id='word_1_98' title='bbox 1053 2178 1266 2251; x_wconf 86' lang='lat' dir='ltr'><strong>Marie</strong></span> <span class='ocrx_word' id='word_1_99' title='bbox 1308 2179 1381 2248; x_wconf 93' lang='lat' dir='ltr'><strong>in</strong></span> <span class='ocrx_word' id='word_1_100' title='bbox 1419 2179 1828 2251; x_wconf 89' lang='lat' dir='ltr'><strong>Cosmedino</strong></span> <span class='ocrx_word' id='word_1_101' title='bbox 1870 2179 2165 2253; x_wconf 89' lang='lat' dir='ltr'><strong>diacono</strong></span> <span class='ocrx_word' id='word_1_102' title='bbox 2212 2179 2543 2252; x_wconf 82' lang='lat' dir='ltr'><strong>cardinali</strong></span> <span class='ocrx_word' id='word_1_103' title='bbox 2590 2190 2661 2251; x_wconf 89' lang='lat' dir='ltr'><strong>et</strong></span> <span class='ocrx_word' id='word_1_104' title='bbox 2709 2178 2781 2249; x_wconf 93' lang='lat' dir='ltr'><strong>in</strong></span> <span class='ocrx_word' id='word_1_105' title='bbox 2824 2180 3067 2252; x_wconf 86' lang='lat' dir='ltr'><strong>Tuscia</strong></span> <span class='ocrx_word' id='word_1_106' title='bbox 3087 2233 3106 2270; x_wconf 90' lang='lat'>‚</span> <span class='ocrx_word' id='word_1_107' title='bbox 3162 2202 3289 2276; x_wconf 90' lang='lat' dir='ltr'><strong>per</strong></span> <span class='ocrx_word' id='word_1_108' title='bbox 3323 2182 3853 2274; x_wconf 82' lang='lat' dir='ltr'><strong>Patrimonium,</strong></span> 
     </span>
     <span class='ocr_line' id='line_1_14' title="bbox 1053 2301 3862 2401; baseline 0.001 -29"><span class='ocrx_word' id='word_1_109' title='bbox 1053 2301 1382 2374; x_wconf 89' lang='lat' dir='ltr'><strong>ducatum</strong></span> <span class='ocrx_word' id='word_1_110' title='bbox 1417 2301 1519 2398; x_wconf 89' lang='lat' dir='ltr'><strong>(a)</strong></span> <span class='ocrx_word' id='word_1_111' title='bbox 1562 2303 1819 2398; x_wconf 82' lang='lat' dir='ltr'><strong>Spoleti</strong></span> <span class='ocrx_word' id='word_1_112' title='bbox 1863 2313 1933 2374; x_wconf 90' lang='lat' dir='ltr'><strong>et</strong></span> <span class='ocrx_word' id='word_1_113' title='bbox 1967 2302 2432 2375; x_wconf 80' lang='lat' dir='ltr'><strong>Auximanam</strong></span> <span class='ocrx_word' id='word_1_114' title='bbox 2470 2301 2564 2399; x_wconf 86' lang='lat' dir='ltr'><strong>(b)</strong></span> <span class='ocrx_word' id='word_1_115' title='bbox 2597 2301 2975 2373; x_wconf 87' lang='lat' dir='ltr'><strong>marchiam</strong></span> <span class='ocrx_word' id='word_1_116' title='bbox 3022 2302 3210 2375; x_wconf 87' lang='lat' dir='ltr'><strong>vices</strong></span> <span class='ocrx_word' id='word_1_117' title='bbox 3251 2302 3339 2399; x_wconf 90' lang='lat' dir='ltr'><strong>(c)</strong></span> <span class='ocrx_word' id='word_1_118' title='bbox 3384 2304 3641 2376; x_wconf 92' lang='lat' dir='ltr'><strong>domini</strong></span> <span class='ocrx_word' id='word_1_119' title='bbox 3686 2327 3862 2401; x_wconf 88' lang='lat' dir='ltr'><strong>pape</strong></span> 
     </span>
     <span class='ocr_line' id='line_1_15' title="bbox 1052 2426 3862 2520; baseline 0.001 -23"><span class='ocrx_word' id='word_1_120' title='bbox 1052 2428 1353 2520; x_wconf 79' lang='lat' dir='ltr'><strong>gerenti,</strong></span> <span class='ocrx_word' id='word_1_121' title='bbox 1389 2426 1768 2499; x_wconf 88' lang='lat' dir='ltr'><strong>Rollandus</strong></span> <span class='ocrx_word' id='word_1_122' title='bbox 1815 2427 2039 2519; x_wconf 89' lang='lat' dir='ltr'><strong>qualis</strong></span> <span class='ocrx_word' id='word_1_123' title='bbox 2080 2427 2305 2518; x_wconf 88' lang='lat' dir='ltr'><strong>qualis</strong></span> <span class='ocrx_word' id='word_1_124' title='bbox 2348 2427 2658 2498; x_wconf 89' lang='lat' dir='ltr'><strong>notarius</strong></span> <span class='ocrx_word' id='word_1_125' title='bbox 2701 2426 3122 2498; x_wconf 90' lang='lat' dir='ltr'><strong>Cornetanus</strong></span> <span class='ocrx_word' id='word_1_126' title='bbox 3163 2427 3314 2519; x_wconf 86' lang='lat' dir='ltr'><strong>ejus</strong></span> <span class='ocrx_word' id='word_1_127' title='bbox 3359 2428 3862 2501; x_wconf 81' lang='lat' dir='ltr'><strong>subditissimus</strong></span> 
     </span>
     <span class='ocr_line' id='line_1_16' title="bbox 1053 2548 3863 2644; baseline 0 -22"><span class='ocrx_word' id='word_1_128' title='bbox 1053 2550 1278 2624; x_wconf 86' lang='lat' dir='ltr'><strong>fidelis</strong></span> <span class='ocrx_word' id='word_1_129' title='bbox 1318 2551 1622 2644; x_wconf 88' lang='lat' dir='ltr'><strong>seipsum</strong></span> <span class='ocrx_word' id='word_1_130' title='bbox 1655 2550 1747 2621; x_wconf 88' lang='lat' dir='ltr'><strong>ad</strong></span> <span class='ocrx_word' id='word_1_131' title='bbox 1786 2548 2004 2644; x_wconf 84' lang='lat' dir='ltr'><strong>pedes</strong></span> <span class='ocrx_word' id='word_1_132' title='bbox 2037 2559 2458 2643; x_wconf 87' lang='lat' dir='ltr'><strong>prostratum</strong></span> <span class='ocrx_word' id='word_1_133' title='bbox 2500 2571 2658 2620; x_wconf 90' lang='lat' dir='ltr'><strong>cum</strong></span> <span class='ocrx_word' id='word_1_134' title='bbox 2704 2549 2895 2620; x_wconf 92' lang='lat' dir='ltr'><strong>omni</strong></span> <span class='ocrx_word' id='word_1_135' title='bbox 2938 2550 3316 2640; x_wconf 84' lang='lat' dir='ltr'><strong>gratiarum</strong></span> <span class='ocrx_word' id='word_1_136' title='bbox 3355 2551 3715 2623; x_wconf 85' lang='lat' dir='ltr'><strong>famulatu.</strong></span> <span class='ocrx_word' id='word_1_137' title='bbox 3766 2554 3863 2624; x_wconf 87' lang='lat' dir='ltr'><strong>Ea</strong></span> 
     </span>
     <span class='ocr_line' id='line_1_17' title="bbox 1053 2671 3858 2771; baseline 0 -26"><span class='ocrx_word' id='word_1_138' title='bbox 1053 2695 1189 2766; x_wconf 89' lang='lat' dir='ltr'><strong>que</strong></span> <span class='ocrx_word' id='word_1_139' title='bbox 1225 2674 1625 2768; x_wconf 79' lang='lat' dir='ltr'><strong>lacrymosis</strong></span> <span class='ocrx_word' id='word_1_140' title='bbox 1651 2673 1868 2745; x_wconf 90' lang='lat' dir='ltr'><strong>oculis</strong></span> <span class='ocrx_word' id='word_1_141' title='bbox 1901 2683 1971 2743; x_wconf 93' lang='lat' dir='ltr'><strong>et</strong></span> <span class='ocrx_word' id='word_1_142' title='bbox 2008 2671 2318 2766; x_wconf 88' lang='lat' dir='ltr'><strong>suspiriis</strong></span> <span class='ocrx_word' id='word_1_143' title='bbox 2351 2673 2648 2766; x_wconf 86' lang='lat' dir='ltr'><strong>pectoris</strong></span> <span class='ocrx_word' id='word_1_144' title='bbox 2674 2672 2894 2744; x_wconf 86' lang='lat' dir='ltr'><strong>edidit</strong></span> <span class='ocrx_word' id='word_1_145' title='bbox 2918 2671 3256 2768; x_wconf 84' lang='lat' dir='ltr'><strong>rythmice</strong></span> <span class='ocrx_word' id='word_1_146' title='bbox 3284 2675 3590 2768; x_wconf 82' lang='lat' dir='ltr'><strong>parvitas</strong></span> <span class='ocrx_word' id='word_1_147' title='bbox 3623 2675 3724 2771; x_wconf 86' lang='lat' dir='ltr'><strong>(d)</strong></span> <span class='ocrx_word' id='word_1_148' title='bbox 3752 2676 3858 2746; x_wconf 91' lang='lat' dir='ltr'><strong>in-</strong></span> 
     </span>
     <span class='ocr_line' id='line_1_18' title="bbox 1053 2793 3858 2893; baseline 0 -24"><span class='ocrx_word' id='word_1_149' title='bbox 1053 2799 1307 2892; x_wconf 89' lang='lat' dir='ltr'><strong>genioli</strong></span> <span class='ocrx_word' id='word_1_150' title='bbox 1344 2799 1480 2869; x_wconf 91' lang='lat' dir='ltr'><strong>mei</strong></span> <span class='ocrx_word' id='word_1_151' title='bbox 1509 2797 1597 2871; x_wconf 91' lang='lat' dir='ltr'><strong>de</strong></span> <span class='ocrx_word' id='word_1_152' title='bbox 1628 2797 2005 2893; x_wconf 86' lang='lat' dir='ltr'><strong>peremptis</strong></span> <span class='ocrx_word' id='word_1_153' title='bbox 2033 2795 2354 2867; x_wconf 86' lang='lat' dir='ltr'><strong>fidelibus</strong></span> <span class='ocrx_word' id='word_1_154' title='bbox 2383 2796 2687 2868; x_wconf 90' lang='lat' dir='ltr'><strong>Ecclesie</strong></span> <span class='ocrx_word' id='word_1_155' title='bbox 2729 2793 2886 2865; x_wconf 87' lang='lat' dir='ltr'><strong>filiis</strong></span> <span class='ocrx_word' id='word_1_156' title='bbox 2917 2796 3350 2887; x_wconf 74' lang='lat' dir='ltr'><strong>CometaniS,</strong></span> <span class='ocrx_word' id='word_1_157' title='bbox 3384 2796 3607 2890; x_wconf 91' lang='lat' dir='ltr'><strong>primo</strong></span> <span class='ocrx_word' id='word_1_158' title='bbox 3633 2806 3858 2871; x_wconf 88' lang='lat' dir='ltr'><strong>vestre</strong></span> 
     </span>
     <span class='ocr_line' id='line_1_19' title="bbox 1054 2919 3858 3016; baseline -0 -23"><span class='ocrx_word' id='word_1_159' title='bbox 1054 2923 1400 2994; x_wconf 88' lang='lat' dir='ltr'><strong>sanctitati</strong></span> <span class='ocrx_word' id='word_1_160' title='bbox 1427 2943 1635 3014; x_wconf 88' lang='lat' dir='ltr'><strong>quam</strong></span> <span class='ocrx_word' id='word_1_161' title='bbox 1664 2921 1861 2991; x_wconf 88' lang='lat' dir='ltr'><strong>alteri</strong></span> <span class='ocrx_word' id='word_1_162' title='bbox 1888 2921 2120 2991; x_wconf 91' lang='lat' dir='ltr'><strong>studui</strong></span> <span class='ocrx_word' id='word_1_163' title='bbox 2149 2919 2351 2991; x_wconf 81' lang='lat' dir='ltr'><strong>flexis</strong></span> <span class='ocrx_word' id='word_1_164' title='bbox 2382 2920 2674 3011; x_wconf 79' lang='lat' dir='ltr'><strong>genibus</strong></span> <span class='ocrx_word' id='word_1_165' title='bbox 2705 2919 3085 3011; x_wconf 88' lang='lat' dir='ltr'><strong>declarare,</strong></span> <span class='ocrx_word' id='word_1_166' title='bbox 3117 2930 3196 2991; x_wconf 91' lang='lat' dir='ltr'><strong>ut</strong></span> <span class='ocrx_word' id='word_1_167' title='bbox 3230 2941 3464 2992; x_wconf 90' lang='lat' dir='ltr'><strong>coram</strong></span> <span class='ocrx_word' id='word_1_168' title='bbox 3505 2920 3705 2993; x_wconf 88' lang='lat' dir='ltr'><strong>vobis</strong></span> <span class='ocrx_word' id='word_1_169' title='bbox 3743 2922 3858 3016; x_wconf 89' lang='lat' dir='ltr'><strong>qui</strong></span> 
     </span>
     <span class='ocr_line' id='line_1_20' title="bbox 1054 3042 3858 3138; baseline -0 -22"><span class='ocrx_word' id='word_1_170' title='bbox 1054 3046 1218 3116; x_wconf 89' lang='lat' dir='ltr'><strong>estis</strong></span> <span class='ocrx_word' id='word_1_171' title='bbox 1250 3047 1478 3117; x_wconf 80' lang='lat' dir='ltr'><strong>nitens</strong></span> <span class='ocrx_word' id='word_1_172' title='bbox 1508 3044 1845 3115; x_wconf 89' lang='lat' dir='ltr'><strong>matutina</strong></span> <span class='ocrx_word' id='word_1_173' title='bbox 1879 3043 2234 3136; x_wconf 75' lang='lat' dir='ltr'><strong>perlectiS,</strong></span> <span class='ocrx_word' id='word_1_174' title='bbox 2272 3044 2588 3137; x_wconf 89' lang='lat' dir='ltr'><strong>impietas</strong></span> <span class='ocrx_word' id='word_1_175' title='bbox 2628 3052 2699 3114; x_wconf 88' lang='lat' dir='ltr'><strong>et</strong></span> <span class='ocrx_word' id='word_1_176' title='bbox 2745 3042 3032 3114; x_wconf 87' lang='lat' dir='ltr'><strong>durities</strong></span> <span class='ocrx_word' id='word_1_177' title='bbox 3064 3042 3357 3138; x_wconf 88' lang='lat' dir='ltr'><strong>depositi</strong></span> <span class='ocrx_word' id='word_1_178' title='bbox 3389 3044 3731 3116; x_wconf 89' lang='lat' dir='ltr'><strong>Frederici</strong></span> <span class='ocrx_word' id='word_1_179' title='bbox 3771 3045 3858 3116; x_wconf 88' lang='lat' dir='ltr'><strong>ab</strong></span> 
     </span>
     <span class='ocr_line' id='line_1_21' title="bbox 1055 3164 3851 3262; baseline -0 -23"><span class='ocrx_word' id='word_1_180' title='bbox 1055 3168 1376 3239; x_wconf 91' lang='lat' dir='ltr'><strong>omnibus</strong></span> <span class='ocrx_word' id='word_1_181' title='bbox 1406 3177 1861 3259; x_wconf 83' lang='lat' dir='ltr'><strong>cognoscatur</strong></span> <span class='ocrx_word' id='word_1_182' title='bbox 1897 3176 1967 3235; x_wconf 90' lang='lat' dir='ltr'><strong>et</strong></span> <span class='ocrx_word' id='word_1_183' title='bbox 1993 3186 2248 3237; x_wconf 91' lang='lat' dir='ltr'><strong>nomen</strong></span> <span class='ocrx_word' id='word_1_184' title='bbox 2277 3168 2428 3257; x_wconf 87' lang='lat' dir='ltr'><strong>ejus</strong></span> <span class='ocrx_word' id='word_1_185' title='bbox 2456 3166 2846 3238; x_wconf 84' lang='lat' dir='ltr'><strong>diffametur</strong></span> <span class='ocrx_word' id='word_1_186' title='bbox 2875 3164 2966 3261; x_wconf 87' lang='lat' dir='ltr'><strong>(e)</strong></span> <span class='ocrx_word' id='word_1_187' title='bbox 2992 3188 3119 3262; x_wconf 90' lang='lat' dir='ltr'><strong>per</strong></span> <span class='ocrx_word' id='word_1_188' title='bbox 3145 3167 3378 3239; x_wconf 87' lang='lat' dir='ltr'><strong>secula</strong></span> <span class='ocrx_word' id='word_1_189' title='bbox 3407 3167 3480 3238; x_wconf 92' lang='lat' dir='ltr'><strong>in</strong></span> <span class='ocrx_word' id='word_1_190' title='bbox 3514 3177 3851 3240; x_wconf 91' lang='lat' dir='ltr'><strong>eternum.</strong></span> 
     </span>
    </p>
   </div>
   <div class='ocr_carea' id='block_1_6' title="bbox 1480 3444 3430 3538">
    <p class='ocr_par' dir='ltr' id='par_1_7' title="bbox 1480 3444 3430 3538">
     <span class='ocr_line' id='line_1_22' title="bbox 1480 3444 3430 3538; baseline 0.001 -23"><span class='ocrx_word' id='word_1_191' title='bbox 1480 3447 1724 3538; x_wconf 79' lang='lat' dir='ltr'><strong>Incipit</strong></span> <span class='ocrx_word' id='word_1_192' title='bbox 1761 3455 2081 3517; x_wconf 81' lang='lat' dir='ltr'><strong>tractatus</strong></span> <span class='ocrx_word' id='word_1_193' title='bbox 2122 3447 2337 3517; x_wconf 80' lang='lat' dir='ltr'><strong>editus</strong></span> <span class='ocrx_word' id='word_1_194' title='bbox 2372 3445 2689 3537; x_wconf 76' lang='lat' dir='ltr'><strong>rythmice</strong></span> <span class='ocrx_word' id='word_1_195' title='bbox 2725 3444 2805 3515; x_wconf 85' lang='lat' dir='ltr'><strong>de</strong></span> <span class='ocrx_word' id='word_1_196' title='bbox 2834 3454 3041 3515; x_wconf 84' lang='lat' dir='ltr'><strong>morte</strong></span> <span class='ocrx_word' id='word_1_197' title='bbox 3068 3446 3430 3536; x_wconf 80' lang='lat' dir='ltr'><strong>justorum.</strong></span> 
     </span>
    </p>
   </div>
   <div class='ocr_carea' id='block_1_7' title="bbox 1386 3648 2874 4112">
    <p class='ocr_par' dir='ltr' id='par_1_8' title="bbox 1386 3648 2874 4112">
     <span class='ocr_line' id='line_1_23' title="bbox 1389 3648 2712 3740; baseline -0.003 -19"><span class='ocrx_word' id='word_1_198' title='bbox 1389 3650 1571 3721; x_wconf 86' lang='lat' dir='ltr'><strong>Anni</strong></span> <span class='ocrx_word' id='word_1_199' title='bbox 1604 3649 2055 3721; x_wconf 89' lang='lat' dir='ltr'><strong>ducentesimi</strong></span> <span class='ocrx_word' id='word_1_200' title='bbox 2088 3648 2313 3740; x_wconf 88' lang='lat' dir='ltr'><strong>quinti</strong></span> <span class='ocrx_word' id='word_1_201' title='bbox 2350 3658 2421 3718; x_wconf 93' lang='lat' dir='ltr'><strong>et</strong></span> <span class='ocrx_word' id='word_1_202' title='bbox 2452 3648 2712 3718; x_wconf 90' lang='lat' dir='ltr'><strong>milleni</strong></span> 
     </span>
     <span class='ocr_line' id='line_1_24' title="bbox 1390 3769 2874 3864; baseline -0.003 -21"><span class='ocrx_word' id='word_1_203' title='bbox 1390 3772 1828 3862; x_wconf 83' lang='lat' dir='ltr'><strong>Quadrageni</strong></span> <span class='ocrx_word' id='word_1_204' title='bbox 1862 3780 2170 3864; x_wconf 90' lang='lat' dir='ltr'><strong>tempore</strong></span> <span class='ocrx_word' id='word_1_205' title='bbox 2202 3780 2490 3841; x_wconf 90' lang='lat' dir='ltr'><strong>currunt</strong></span> <span class='ocrx_word' id='word_1_206' title='bbox 2521 3770 2653 3840; x_wconf 91' lang='lat' dir='ltr'><strong>isto</strong></span> <span class='ocrx_word' id='word_1_207' title='bbox 2687 3769 2874 3862; x_wconf 90' lang='lat' dir='ltr'><strong>pleni</strong></span> 
     </span>
     <span class='ocr_line' id='line_1_25' title="bbox 1386 3892 2866 3987; baseline -0.003 -20"><span class='ocrx_word' id='word_1_208' title='bbox 1386 3897 1539 3981; x_wconf 90' lang='lat' dir='ltr'><strong>Quo</strong></span> <span class='ocrx_word' id='word_1_209' title='bbox 1568 3896 1722 3967; x_wconf 86' lang='lat' dir='ltr'><strong>Rex</strong></span> <span class='ocrx_word' id='word_1_210' title='bbox 1752 3916 1992 3987; x_wconf 85' lang='lat' dir='ltr'><strong>regum</strong></span> <span class='ocrx_word' id='word_1_211' title='bbox 2026 3893 2256 3963; x_wconf 90' lang='lat' dir='ltr'><strong>intulit</strong></span> <span class='ocrx_word' id='word_1_212' title='bbox 2285 3894 2499 3963; x_wconf 90' lang='lat' dir='ltr'><strong>ictum</strong></span> <span class='ocrx_word' id='word_1_213' title='bbox 2534 3893 2606 3962; x_wconf 89' lang='lat' dir='ltr'><strong>in</strong></span> <span class='ocrx_word' id='word_1_214' title='bbox 2638 3892 2866 3963; x_wconf 90' lang='lat' dir='ltr'><strong>ameni</strong></span> 
     </span>
     <span class='ocr_line' id='line_1_26' title="bbox 1389 4015 2722 4112; baseline -0.005 -20"><span class='ocrx_word' id='word_1_215' title='bbox 1389 4019 1754 4092; x_wconf 88' lang='lat' dir='ltr'><strong>Cometani</strong></span> <span class='ocrx_word' id='word_1_216' title='bbox 1785 4016 2024 4112; x_wconf 90' lang='lat' dir='ltr'><strong>populi</strong></span> <span class='ocrx_word' id='word_1_217' title='bbox 2057 4025 2333 4088; x_wconf 88' lang='lat' dir='ltr'><strong>coetum</strong></span> <span class='ocrx_word' id='word_1_218' title='bbox 2367 4024 2437 4087; x_wconf 88' lang='lat' dir='ltr'><strong>et</strong></span> <span class='ocrx_word' id='word_1_219' title='bbox 2471 4015 2722 4086; x_wconf 89' lang='lat' dir='ltr'><strong>sereni.</strong></span> 
     </span>
    </p>
   </div>
   <div class='ocr_carea' id='block_1_8' title="bbox 1130 4221 2480 4721">
    <p class='ocr_par' dir='ltr' id='par_1_9' title="bbox 1134 4221 1720 4301">
     <span class='ocr_line' id='line_1_27' title="bbox 1134 4221 1720 4301; baseline -0.002 -20"><span class='ocrx_word' id='word_1_220' title='bbox 1134 4222 1219 4301; x_wconf 86' lang='lat' dir='ltr'><strong>(a)</strong></span> <span class='ocrx_word' id='word_1_221' title='bbox 1263 4224 1534 4292; x_wconf 77' lang='lat' dir='ltr'><strong>Ducatus,</strong></span> <span class='ocrx_word' id='word_1_222' title='bbox 1568 4221 1720 4281; x_wconf 85' lang='lat' dir='ltr'><strong>male</strong></span> 
     </span>
    </p>

    <p class='ocr_par' dir='ltr' id='par_1_10' title="bbox 1138 4322 2480 4510">
     <span class='ocr_line' id='line_1_28' title="bbox 1138 4322 2480 4404; baseline -0.002 -18"><span class='ocrx_word' id='word_1_223' title='bbox 1138 4325 1218 4404; x_wconf 79' lang='lat' dir='ltr'><strong>(b)</strong></span> <span class='ocrx_word' id='word_1_224' title='bbox 1256 4325 1681 4386; x_wconf 78' lang='lat' dir='ltr'><strong>Anconitanum</strong></span> <span class='ocrx_word' id='word_1_225' title='bbox 1712 4329 1925 4387; x_wconf 85' lang='lat' dir='ltr'><strong>rectius</strong></span> <span class='ocrx_word' id='word_1_226' title='bbox 1953 4343 2076 4388; x_wconf 81' lang='lat' dir='ltr'><strong>esse</strong></span> <span class='ocrx_word' id='word_1_227' title='bbox 2107 4343 2229 4387; x_wconf 92' lang='lat' dir='ltr'><strong>non</strong></span> <span class='ocrx_word' id='word_1_228' title='bbox 2254 4322 2480 4385; x_wconf 90' lang='lat' dir='ltr'><strong>dubito.</strong></span> 
     </span>
     <span class='ocr_line' id='line_1_29' title="bbox 1138 4431 1807 4510; baseline 0.004 -21"><span class='ocrx_word' id='word_1_229' title='bbox 1138 4431 1211 4510; x_wconf 87' lang='lat' dir='ltr'><strong>(c)</strong></span> <span class='ocrx_word' id='word_1_230' title='bbox 1266 4432 1340 4489; x_wconf 92' lang='lat' dir='ltr'><strong>ln</strong></span> <span class='ocrx_word' id='word_1_231' title='bbox 1366 4434 1644 4507; x_wconf 86' lang='lat' dir='ltr'><strong>impresso</strong></span> <span class='ocrx_word' id='word_1_232' title='bbox 1670 4433 1807 4492; x_wconf 78' lang='lat' dir='ltr'><strong>vice.</strong></span> 
     </span>
    </p>

    <p class='ocr_par' dir='ltr' id='par_1_11' title="bbox 1130 4534 1808 4615">
     <span class='ocr_line' id='line_1_30' title="bbox 1130 4534 1808 4615; baseline 0.003 -21"><span class='ocrx_word' id='word_1_233' title='bbox 1130 4534 1222 4615; x_wconf 82' lang='lat' dir='ltr'><strong>(d)</strong></span> <span class='ocrx_word' id='word_1_234' title='bbox 1266 4534 1607 4602; x_wconf 71' lang='lat' dir='ltr'><strong>parvitatis,</strong></span> <span class='ocrx_word' id='word_1_235' title='bbox 1638 4538 1808 4596; x_wconf 86' lang='lat' dir='ltr'><strong>male.</strong></span> 
     </span>
    </p>

    <p class='ocr_par' dir='ltr' id='par_1_12' title="bbox 1130 4636 1840 4721">
     <span class='ocr_line' id='line_1_31' title="bbox 1130 4636 1840 4721; baseline 0 -21"><span class='ocrx_word' id='word_1_236' title='bbox 1130 4639 1208 4720; x_wconf 79' lang='lat' dir='ltr'><strong>(c)</strong></span> <span class='ocrx_word' id='word_1_237' title='bbox 1256 4636 1634 4721; x_wconf 60' lang='grc' dir='ltr'><strong>ὒιζθαηιαειιν,</strong></span> <span class='ocrx_word' id='word_1_238' title='bbox 1668 4642 1840 4701; x_wconf 87' lang='lat' dir='ltr'><strong>male.</strong></span> 
     </span>
    </p>
   </div>
  </div>
 </body>
</html>
