4364 5738
687 4111 908 4221 ..si-Q]

1029 564 1155 629 442
2028 571 2455 637 ramatum
2506 573 2855 636 saeuum
3476 573 3642 651 [An.
3677 573 3852 636 ιω.

1033 700 1235 774 triam
1291 712 1479 774 tuam
1533 705 1909 800 plurimum
1975 709 2573 781 commendamus,
2627 710 2714 780 Et
2776 707 2942 800 quia
3002 717 3070 778 te
3128 706 3221 779 ad
3277 707 3558 779 servitia
3623 720 3858 781 nostra

1031 826 1368 922 promptis
1413 827 1773 901 affectibus
1821 830 2167 921 obtulisti,
2206 829 2418 904 fidem
2463 843 2653 904 tuam
2702 830 2912 923 digna
2959 830 3445 926 prosequimur
3481 831 3857 923 gratiarum

1031 951 1327 1024 actione.
1371 955 1687 1050 Insuper,
1725 953 1889 1047 quia
1929 954 2018 1026 de
2065 955 2392 1028 felicitate
2439 956 2819 1050 majestatis
2861 967 3097 1027 nostre
3137 977 3266 1051 per
3306 954 3587 1026 easdem
3628 955 3857 1026 literas

1031 1075 1327 1148 recreari
1358 1075 1679 1148 devotius
1704 1078 2092 1172 postulasti,
2116 1079 2279 1152 licet
2302 1101 2427 1174 per
2456 1082 2736 1173 longam
2766 1080 3018 1152 seriem
3039 1078 3571 1174 prosperitatem
3592 1088 3857 1151 nostro-

1031 1222 1188 1271 rum
1233 1219 1678 1272 successuum
1726 1201 1876 1290 tibi,
1915 1211 2245 1296 tanquam
2290 1204 2571 1299 speciali
2611 1202 2800 1276 fideli
2841 1211 3107 1294 nostro,
3139 1201 3550 1275 duxerimus
3596 1201 3852 1274 descri-

1032 1323 1373 1416 bendam,
1406 1335 1523 1396 tua
1561 1336 1791 1398 tamen
1824 1327 2094 1399 noverit
2122 1350 2414 1423 syncera
2442 1327 2742 1402 fidelitas
2768 1348 2896 1423 per
2923 1337 3283 1422 presentes
3317 1347 3445 1399 nos
3475 1336 3616 1396 tam
3643 1324 3853 1397 felici-

1035 1458 1174 1521 tate
1208 1449 1489 1544 propria
1522 1470 1732 1543 quam
1763 1462 2154 1524 nostrorum
2190 1453 2619 1548 proditorum
2647 1452 3097 1548 oppressione
3120 1460 3357 1547 optata
3385 1452 3593 1544 juxta
3616 1459 3849 1521 votnm

1034 1570 1191 1668 (per
1218 1572 1346 1643 Dei
1366 1572 1696 1669 gratiam)
1728 1575 2169 1666 congaudere
2208 1602 2226 1646 ε
2266 1598 2399 1648 nec
2427 1598 2567 1648 non
2606 1587 2676 1648 et
2705 1575 3181 1648 Theobaldum
3213 1574 3676 1662 Franciscum,
3713 1593 3850 1644 om-

1034 1716 1297 1791 nesque
1324 1695 1496 1768 alios
1522 1697 1910 1792 proditores
1940 1708 2242 1789 nostros,
2271 1700 2392 1793 qui
2420 1722 2494 1771 se
2528 1700 2597 1770 in
2631 1709 2857 1771 castro
2883 1698 3200 1794 Capuacii
3236 1697 3600 1770 temerarie
3631 1696 3848 1768 intru-

1036 1829 1300 1911 serunt,
1326 1821 1519 1891 velut
1544 1832 1819 1893 coactos
1842 1843 1916 1893 se
1940 1844 2119 1916 pene
2147 1833 2219 1894 et
2245 1845 2385 1896 non
2414 1823 2883 1896 misericordie
2911 1822 3322 1895 reddidisse.
3341 1823 3648 1908 Quorum
3672 1840 3848 1915 pena

1036 1944 1315 2017 docebit
1339 1944 1767 2016 atrocitatem
1800 1945 2132 2037 criminis,
2171 1947 2360 2040 quod
2389 1946 2820 2041 conjurando
2850 1947 2919 2018 in
2949 1968 3193 2019 necem
3223 1957 3531 2018 nostram
3558 1955 3846 2016 temera·

1035 2067 1160 2158 rie,
1196 2069 1336 2140 imo
1381 2068 1871 2140 nefandissime
1913 2071 2431 2142 commiserunt.
2475 2072 2764 2167 Propter
2813 2071 3004 2165 quod
3047 2080 3230 2143 statu
3275 2070 3473 2163 regni
3517 2067 3735 2141 nostri
3778 2067 3845 2138 in

1033 2191 1224 2264 omni
1254 2192 1488 2286 quiete
1530 2203 1601 2263 et
1646 2194 2138 2286 tranquillitate
2185 2194 2560 2290 disposit0‚
2601 2196 2810 2287 juxta
2855 2203 3100 2267 votum
3148 2194 3344 2266 liberi
3386 2193 3741 2265 reddimur
3780 2200 3849 2262 et

1032 2330 1385 2411 resumpta
1418 2316 1704 2388 victoria
1741 2317 2056 2389 fortiores
2099 2317 2191 2390 ad
2237 2319 2522 2411 negocia
2554 2319 2753 2411 regni
2789 2318 3006 2391 nostri
3038 2317 3137 2390 sic
3166 2315 3531 2410 magnifice
3564 2337 3846 2411 promo·
3973 2329 3982 2344 ‘

1032 2442 1262 2512 venda
1301 2439 1491 2534 quod
1521 2440 1831 2512 omnium
1858 2441 2223 2512 rebellium
2257 2441 2692 2514 contumacia
2729 2441 2820 2513 ad
2858 2441 2997 2512 ima
3028 2440 3330 2532 deflexa,
3365 2441 3571 2535 plena
3603 2460 3744 2534 pax
3776 2449 3846 2509 et

1035 2564 1406 2658 tranquilla
1443 2564 1642 2657 quies
1670 2563 1925 2636 nostris
1955 2561 2279 2636 fidelibus
2317 2565 2740 2636 ministretur
2779 2586 2798 2629 ε
2842 2574 2914 2636 et
2948 2565 3068 2658 qui
3112 2566 3351 2637 sedem
3390 2563 3481 2636 ab
3523 2562 3844 2656 aquilone

1032 2709 1293 2784 ponere
1322 2687 1589 2779 nititur,
1626 2708 1748 2782 spe
1778 2688 2143 2759 frustratus
2163 2741 2181 2778 ,
2226 2688 2297 2758 in
2331 2688 2597 2758 irritum
2629 2688 3039 2760 deducatur.
3061 2688 3150 2759 Et
3183 2689 3350 2759 dum
3378 2708 3654 2758 causam
3684 2706 3843 2758 nos-

1035 2820 1211 2884 tram
1237 2812 1388 2885 Rex
1421 2832 1659 2903 regum
1690 2820 1760 2883 et
1790 2812 2125 2883 Dominus
2158 2811 2489 2884 virtutum
2527 2821 2598 2883 et
2615 2812 2892 2905 justicia
2924 2811 3412 2902 defensabant,
3449 2832 3576 2906 per
3606 2810 3844 2901 maJ'es-

1035 2937 1190 3008 tatis
1216 2946 1450 3008 nostre
1484 2936 1860 3029 potentiam
1892 2948 2127 3008 noster
2160 2937 2519 3009 convictus
2548 2937 2988 3008 adversarius
3015 2937 3529 3030 comprimetur.
3569 2934 3839 3030 Suppli-

1031 3059 1287 3130 cationi
1318 3080 1486 3129 vero
1522 3069 1670 3147 tue,
1705 3080 1914 3151 quam
1942 3082 2067 3153 pro
2103 3061 2507 3132 liberatione
2538 3061 2621 3131 R.
2655 3060 2745 3132 de
2779 3060 3126 3132 Placentia
3169 3058 3581 3131 excellentie
3612 3069 3840 3129 nostre

1035 3181 1171 3252 tuis
1221 3181 1464 3252 litteris
1499 3181 1843 3271 obtulisti,
1898 3183 2121 3254 taliter
2164 3183 2666 3277 respondemus
2706 3183 2896 3276 quod
2938 3205 3096 3254 cum
3143 3193 3470 3255 tractatus
3510 3180 3841 3276 quosdam

1031 3325 1158 3399 pre
1196 3303 1512 3374 manibus
1539 3302 1952 3394 habeamuS,
1990 3304 2237 3376 honori
2274 3316 2345 3377 et
2378 3306 2715 3399 profectui
2749 3315 2985 3377 nostro
3012 3306 3383 3400 plurimum
3417 3304 3834 3394 fructuosos,

1030 3436 1317 3524 propter
1357 3426 1545 3520 quod
1580 3426 1892 3498 liberatio
1937 3428 2227 3523 predicti
2255 3430 2337 3501 R.
2373 3427 2474 3525 (a)
2508 3430 2698 3501 curie
2730 3440 2963 3502 nostre
3006 3430 3401 3501 nullatenus
3445 3428 3835 3524 expediret,

1028 3552 1122 3625 ad
1150 3573 1433 3648 presens
1465 3572 1605 3623 non
1640 3551 1815 3622 ferat
1842 3573 2005 3643 egre
2045 3562 2162 3622 tua
2197 3550 2475 3623 devotio
2496 3605 2514 3642 ‚
2558 3553 2616 3625 si
2649 3576 2838 3625 nunc
2866 3574 3107 3648 preces
3136 3562 3291 3624 tuas
3316 3574 3409 3625 ex
3438 3573 3644 3624 causa
3677 3572 3834 3645 pre-

1029 3677 1215 3751 dicta
1246 3677 1575 3749 duximus
1601 3675 2147 3770 suspendendas.

2261 3903 3397 3913 mom-...-

1136 4090 1599 4189 Fridericus.,
1641 4089 2157 4172 Romanorum
2194 4089 2630 4196 imperator,
2675 4088 3310 4172 Cremonensibus
3351 4087 3609 4170 scribit
3649 4111 3837 4167 nar-

1030 4248 1212 4304 rans
1249 4248 1426 4305 suos
1452 4221 1706 4304 felices
1742 4230 2093 4326 eventuS,
2134 4230 2210 4302 et
2239 4221 2448 4330 quod
2482 4221 2877 4330 prostratis
2913 4220 3425 4330 proditoribus
3463 4223 3622 4303 suis
3644 4218 3836 4301 circa

1030 4352 1288 4438 Italiae
1324 4355 1627 4462 negotia
1660 4352 1991 4436 habilius
2026 4354 2414 4437 intendere
2444 4353 2670 4438 valet.

1196 4522 1383 4602 (Edu.
1410 4507 1479 4582 ἰιι
1505 4522 1669 4582 mn·
1693 4520 1762 4583 «ιο
1797 4502 1927 4583 vra.
1961 4524 2152 4602 epm„
2178 4522 2283 4583 m).
2313 4498 2405 4599 11,v
2433 4539 2567 4601 cap.
2597 4521 2883 4601 xxvn.)

1110 4669 1198 4751 (a)
1233 4669 1304 4730 ln
1331 4671 1514 4730 altero
1542 4668 1740 4730 codiee
1768 4669 1865 4729 hic
1890 4677 1950 4730 et
1973 4686 2150 4748 supra
2176 4669 2253 4732 B.
