4364 5738
586 504 786 562 lxmcr.
826 503 912 579 1.]
1491 503 1883 563 HISTORIA
1936 504 2528 565 DIPLOMATICA.
3346 512 3416 568 71

587 639 981 710 emittentes
1025 637 1344 729 sagittas,
1383 638 1677 731 turpiter
1716 639 1784 709 in
1820 639 1933 711 die
1972 641 2136 711 belli
2185 640 2501 711 conversi
2546 649 2949 711 retrorsum.
2996 640 3106 711 Ad
3153 665 3280 714 vos
3322 655 3426 716 est

588 761 723 833 boc
753 759 1076 852 verbum,
1113 760 1233 831 filii
1260 762 1503 849 Belial,
1543 762 1993 858 dispersionis
2026 786 2221 836 oves.
2257 764 2368 836 Ad
2412 786 2536 835 vos
2573 774 2678 834 est
2716 763 2850 836 hoc
2892 765 3226 856 verbum,
3270 768 3423 838 ani·

589 885 794 955 malia
852 884 1079 978 capita
1137 906 1279 956 non
1331 885 1693 973 habentia,
1747 888 1980 979 magni
2026 887 2284 979 judicis
2331 887 2754 959 adsessores,
2808 886 2918 959 Ad
2971 910 3098 959 vos
3140 900 3246 962 est
3290 890 3424 961 hoc

591 1008 882 1081 verbum
926 1007 1314 1080 cardinales
1345 1009 1726 1101 obliquati,
1765 1012 2016 1105 quibus
2057 1013 2240 1082 male
2287 1012 2510 1084 voluit
2549 1012 2762 1083 orbis.
2809 1011 2921 1083 Ad
2959 1034 3089 1085 vos
3137 1024 3242 1086 est
3290 1014 3425 1087 hoc

589 1132 908 1222 verbum,
942 1155 1069 1226 pro
1096 1133 1351 1223 quibus
1381 1142 1564 1205 totus
1597 1135 1900 1205 mundus
1933 1157 2393 1230 prorumpens
2423 1136 2493 1205 in
2528 1134 2768 1224 verba,
2804 1137 3228 1228 obloquitur.
3268 1139 3424 1210 Non
3549 1178 3550 1181 ¹

589 1277 720 1348 ego
755 1277 1035 1350 possum
1071 1257 1287 1349 loqui,
1329 1257 1498 1348 quin
1530 1259 1896 1351 obloquar,
1939 1259 2100 1351 quia
2136 1260 2224 1330 de
2263 1260 2524 1329 mundo
2559 1282 2710 1329 sum
2733 1311 2751 1347 ,
2791 1260 2951 1330 licet
2994 1260 3419 1350 immundus,

588 1389 874 1475 propter
911 1380 1101 1472 quod
1130 1390 1404 1475 oportet
1431 1402 1544 1451 me
1572 1383 1830 1453 sentire
1864 1404 2023 1452 cum
2055 1382 2345 1473 mundo,
2387 1393 2716 1474 tanquam
2748 1404 2907 1477 pars
2942 1405 3068 1454 suo
3104 1386 3255 1473 toti,
3294 1406 3424 1455 nec

590 1505 904 1593 dissona,
961 1526 1089 1575 nec
1129 1504 1424 1575 adversa
1477 1506 1804 1576 scribenti
1847 1504 1973 1601 (a).
2022 1507 2265 1598 Itaque
2312 1506 2649 1577 attendite
2704 1508 2792 1576 de
2841 1508 3017 1578 dura
3065 1517 3135 1578 et
3188 1509 3424 1602 inepta

590 1628 912 1718 materia,
963 1629 1209 1699 rudem
1250 1629 1609 1721 epistolam
1655 1630 1927 1701 exordii
1977 1629 2313 1722 dignitate
2347 1631 2714 1724 privatam.
2770 1631 2945 1701 Nam
2992 1630 3229 1722 lingua
3271 1654 3423 1703 mea

591 1753 958 1824 velocitate
1001 1754 1395 1846 compulsa,
1445 1753 1635 1847 prius
1681 1754 1999 1848 prorupit
2044 1754 2112 1824 in
2163 1757 2416 1844 verba,
2467 1776 2677 1847 quam
2725 1753 3125 1849 concipiens
3172 1755 3235 1825 ei
3279 1757 3419 1849 spi-

592 1876 763 1947 ritus
787 1876 1202 1968 delegasset,
1238 1884 1308 1947 et
1337 1876 1436 1947 sic
1460 1878 1836 1971 superioris
1862 1901 2005 1950 non
2035 1889 2406 1972 expectato
2436 1878 2729 1971 imperio
2754 1877 2984 1948 minus
3017 1879 3219 1971 plene
3254 1900 3420 1949 con-

590 2009 793 2094 cepta
822 2001 1032 2071 edere
1065 2000 1438 2071 festinavit.
1480 2001 1705 2071 Habet
1740 2002 1927 2071 enim
1961 2002 2234 2072 animus
2268 2001 2712 2094 perturbatus
2734 2052 2752 2087 ,
2789 2000 2978 2093 quod
3014 2002 3422 2094 plerumque

593 2145 985 2196 sermonem
1006 2124 1487 2195 incontinuum
1516 2124 1723 2218 parit,
1742 2124 2117 2215 aliquando
2150 2133 2222 2194 et
2247 2124 2669 2195 abortivum.
2696 2122 3090 2194 Communis
3117 2145 3420 2216 namque

593 2249 977 2320 animorum
1012 2248 1249 2319 existit
1283 2248 1645 2342 conceptio
1693 2260 1763 2319 et
1796 2269 2024 2320 sermo
2057 2247 2391 2339 vulgaris,
2431 2248 2622 2337 quod
2652 2268 2794 2319 non
2830 2246 3170 2317 mediator
3196 2248 3322 2317 Dei
3354 2260 3424 2319 et

594 2372 987 2462 hominum,
1027 2373 1223 2443 Jesus
1261 2371 1605 2459 ChristuS,
1648 2370 1736 2442 de
1778 2393 2048 2443 summo
2092 2372 2324 2459 coelo,
2363 2370 2483 2462 qui
2528 2370 2722 2439 venit
2762 2389 3020 2462 ponere
3063 2389 3306 2463 pacem
3350 2371 3422 2440 in

594 2494 846 2567 fluibus
912 2505 1131 2583 terre,
1209 2495 1704 2589 Apostolorum
1771 2495 2097 2587 magister
2149 2503 2220 2564 et
2279 2493 2603 2564 dominus
2627 2545 2645 2581 ,
2710 2492 2836 2564 sed
2893 2493 3153 2564 divisus
3208 2494 3280 2564 in
3347 2516 3421 2566 se

591 2620 962 2710 SathanaS,
996 2620 1316 2715 princeps
1362 2620 1872 2713 aquilonariuS,
1910 2620 1998 2691 sit
2031 2620 2102 2690 in
2139 2618 2372 2689 medio
2407 2626 2714 2689 vestrum
2739 2670 2757 2706 ,
2801 2626 3129 2708 tanquam
3168 2618 3422 2712 quibus

595 2745 939 2816 ministrat
1002 2745 1117 2815 ille
1182 2766 1552 2840 persuasor
1611 2743 1957 2816 discordie
1985 2795 2003 2830 ,
2061 2741 2403 2812 mendacii
2457 2751 2655 2836 pater
2677 2793 2696 2829 ,
2756 2752 2829 2811 et
2883 2741 3162 2834 spiritus
3229 2753 3418 2812 tene-

594 2871 875 2961 brosus,
915 2869 1037 2963 qui
1077 2868 1310 2964 posuit
1351 2869 1622 2960 linguas
1668 2878 1936 2940 vestras
1985 2867 2055 2937 in
2111 2865 2526 2956 divisiones,
2565 2876 2635 2935 et
2675 2864 2746 2934 in
2793 2864 3206 2958 pluralitatis
3250 2866 3418 2937 arti-

562 2994 792 3065 'culos
837 3004 1138 3064 vestram
1183 2993 1580 3086 disgregare
1620 2992 1955 3088 compulit
1987 2991 2354 3079 unitatem,
2393 2989 2560 3059 dum
2594 3010 2727 3059 nec
2757 2988 2960 3058 vobis
2997 3010 3126 3059 nec
3158 2989 3419 3060 mundo

599 3116 982 3205 consulitis,
1009 3117 1130 3210 qui
1168 3124 1269 3188 tot
1300 3116 1624 3211 periculis
1656 3116 2100 3210 propulsatur
2133 3141 2149 3184 ε
2192 3124 2261 3185 et
2291 3113 2472 3184 Petri
2502 3112 2852 3201 navicula,
2888 3132 3025 3202 que
3057 3133 3180 3205 per
3213 3110 3421 3183 maris

597 3239 1035 3311 altitudinem
1067 3249 1435 3312 ventorum
1463 3239 1739 3311 flatibus
1776 3239 2067 3334 rapitur,
2108 3239 2314 3309 remis
2348 3248 2416 3308 et
2451 3236 2710 3327 remige
2742 3235 3104 3323 destituta,
3140 3258 3282 3306 non
3318 3246 3422 3307 est

597 3365 1036 3457 aliquatenus
1070 3363 1271 3436 vobis
1316 3384 1505 3434 cure.
1535 3364 1685 3447 Que
1720 3362 2037 3455 quamvis
2071 3362 2144 3433 in
2177 3383 2252 3433 se
2292 3359 2840 3432 submersionem
2870 3380 3011 3429 non
3052 3359 3323 3448 timeat,
3349 3360 3415 3428 in

600 3489 743 3561 suis
767 3499 1000 3560 tamen
1028 3489 1247 3559 multa
1265 3497 1334 3558 et
1355 3486 1544 3559 varia
1567 3487 1826 3581 patitur
1847 3486 2747 3579 naufragiatempestatum.
2774 3485 2953 3554 Sane
2978 3483 3034 3553 si
3055 3483 3424 3576 diligenter

599 3612 1051 3684 attenderetis
1088 3611 1384 3705 qualiter
1411 3609 1729 3680 nationes
1767 3619 1836 3680 et
1875 3620 2145 3701 genteS,
2184 3630 2358 3700 quas
2382 3606 2701 3699 judicare
2731 3606 2991 3697 soletiS,
3025 3616 3267 3677 contra
3296 3628 3422 3676 vos

599 3734 929 3809 derisorie
958 3745 1244 3807 movent
1276 3736 1503 3829 capita
1535 3755 1689 3824 sua,
1725 3734 1795 3804 in
1830 3755 1904 3805 se
1937 3733 2412 3828 unusquisque
2444 3733 2759 3826 palleret,
2794 3739 2863 3800 et
2894 3730 2984 3801 ad
3020 3739 3157 3799 tam
3191 3728 3421 3823 publi-

600 3880 758 3931 cum
787 3869 859 3930 et
891 3860 1296 3932 detestabile
1326 3859 1779 3955 opprobrium
1810 3857 2357 3953 propulsandum
2387 3877 2529 3928 non
2561 3853 2871 3925 invenire
2911 3861 3146 3946 posset
3179 3872 3421 3922 neces·

601 3985 858 4056 sarium
896 3995 1418 4077 argumentum;
1456 3985 1618 4077 quia
1653 3982 1820 4055 dum
1852 3982 2145 4075 quilibet
2174 3990 2487 4054 vestrum
2524 3976 2835 4070 adspirat
2863 3973 2954 4045 ad
2984 3973 3417 4066 cathedram,

604 4129 784 4179 unus
808 4130 949 4178 non
977 4108 1319 4180 consentit
1340 4108 1412 4178 in
1441 4108 1653 4178 alium
1671 4161 1690 4198 ,
1721 4117 1791 4178 et
1813 4106 1980 4178 dum
2006 4107 2182 4176 alter
2206 4105 2278 4176 in
2304 4105 2598 4174 alterum
2625 4120 2766 4169 non
2795 4097 3163 4190 consentit,
3193 4099 3425 4171 nullus

607 4232 915 4324 erigitur,
951 4244 1020 4304 et
1053 4232 1218 4303 dum
1250 4233 1484 4302 nullus
1511 4231 1823 4322 erigitur,
1864 4228 2286 4301 cathedralis
2326 4223 2625 4316 dignitas
2670 4220 3055 4313 evanescit,
3091 4230 3161 4293 et
3200 4223 3297 4293 sic
3333 4244 3426 4293 ex

609 4352 1198 4438 disconvenientia
1244 4363 1478 4427 vestra
1527 4353 1949 4427 conveniens
1998 4348 2306 4423 Ecclesie
2355 4355 2576 4419 status
2618 4344 3095 4436 confunditur,
3139 4355 3209 4416 et
3259 4343 3420 4415 fidei

693 4605 774 4684 (a)
819 4607 888 4667 ln
918 4608 1113 4667 codice
1142 4604 1461 4682 scribentis,
1493 4622 1686 4682 neque
1716 4604 1952 4663 meliuS.
