4364 5738
978 568 1059 631 68
1985 571 2412 632 anssmcl
2460 570 2808 630 SECUNDI
3416 571 3579 649 [Ans.
3618 572 3790 634 1242.

978 700 1181 785 relae
1229 702 1560 787 filiorum
1611 703 1837 787 Bovis
1891 712 1969 784 et
2010 702 2362 785 Palmerii
2423 703 2519 784 de
2578 701 2856 783 Sancto
2909 699 3202 809 Angelo
3253 726 3795 811 responsurum

982 861 1209 945 super
1244 836 1714 920 restitutione
1747 835 1976 919 castri
2012 835 2321 920 Moliani
2356 834 2835 943 aliarumque
2869 833 3462 942 possessionum.

1143 1050 1481 1131 (Memorat.
1513 1069 1550 1112 a
1582 1051 1905 1125 Bonum,
1934 1053 1998 1111 tn
2044 1068 2152 1111 sua
2202 1061 2238 1111 9
2277 1050 2613 1110 novembr-1⁸
2660 1058 2812 1110 1859
2855 1049 3134 1126 epistola,
3171 1065 3249 1110 ex
3283 1052 3452 1127 copta
3482 1053 3796 1113 recentiore

1215 1160 1392 1220 seculi
1419 1160 1632 1219 decimi
1664 1161 1858 1219 octavi
1886 1161 1945 1217 in
1970 1158 2211 1217 archivo
2236 1158 2513 1217 Firmano
2542 1173 2579 1217 a
2604 1156 2941 1217 Bethmann
2967 1162 3197 1234 reperta
3223 1162 3284 1216 et
3307 1157 3710 1235 transcripta.)

1072 1347 1322 1418 Datum
1357 1345 1620 1433 Baroli,
1654 1346 1719 1416 X
1748 1343 2089 1433 octobris,
2121 1343 2343 1437 prime
2378 1341 2799 1414 indictionis,

634 1963 859 2069 gfff-324
1085 1942 1512 2026 Ludovicus
1531 2002 1555 2047 ,
1620 1940 2082 2024 Francorum
2156 1966 2290 2023 rex
2308 2001 2332 2047 ,
2392 1938 2909 2022 cardinalibus
2972 1937 3348 2022 Ecclesiae
3412 1936 3794 2022 Romanae

979 2076 1238 2160 scribit
1293 2087 1375 2158 ut
1434 2075 1872 2184 postpositis
1926 2072 2288 2157 omnibus
2347 2098 2633 2155 novum
2696 2071 3130 2180 pontificem
3184 2072 3461 2181 eligere
3514 2098 3796 2180 procu-

979 2219 1190 2315 rent3
1242 2208 1611 2290 desidiam
1661 2233 1926 2289 eorum
1978 2207 2249 2289 acriter
2297 2206 2634 2312 incusat,
2678 2216 3086 2314 monetque
3147 2230 3243 2286 ne
3295 2205 3522 2287 minis
3575 2206 3794 2314 prin-

976 2341 1164 2451 cipis
1184 2403 1208 2447 ,
1277 2341 1557 2423 scilicet
1629 2338 2027 2444 Friderici‚
2092 2336 2615 2420 Romanorum
2684 2338 3198 2447 imperatoriS,
3245 2339 3788 2444 deterreantur,

976 2500 1152 2558 cum
1189 2474 1350 2581 ipse
1385 2472 1813 2554 subsidium
1851 2470 2065 2578 regni
2103 2470 2223 2551 sui
2260 2470 2547 2551 eisdem
2584 2469 3009 2578 promittat.

1145 2688 1332 2764 (Edit.
1361 2703 1459 2762 ap.
1492 2685 1648 2746 Patr.
1684 2682 1752 2743 de
1798 2685 1924 2745 Vin.
1954 2684 2151 2764 epist„
2182 2685 2288 2745 lib.
2318 2686 2383 2758 1,
2412 2703 2467 2747 c.
2500 2686 2750 2761 XXXV,
2796 2688 2938 2747 edit.
2974 2686 3287 2766 Basileus.)

1078 2875 1464 2948 Ludovicus
1500 2872 1631 2971 (a),
1667 2874 1790 2946 Dei
1833 2873 2052 2965 gratia
2093 2895 2224 2945 rex
2268 2874 2722 2963 Francorum,
2761 2873 3101 2945 universis
3148 2874 3452 2944 Ecclesia
3488 2875 3792 2947 Romane

982 2999 1445 3073 cardinalibus
1496 2998 1764 3071 dilectis
1814 2997 2050 3069 amicis
2099 2998 2241 3067 suis
2296 2999 2588 3067 salutem
2637 3007 2707 3068 et
2747 2997 3248 3091 plenitudinem
3295 2999 3544 3068 summi
3598 2999 3786 3071 boni.

981 3125 1149 3196 Cum
1186 3124 1454 3218 papalis
1488 3123 1576 3193 sit
1620 3122 1918 3214 dignitas
1950 3121 2136 3193 orbis
2164 3131 2408 3215 caput,
2446 3121 2632 3192 orbis
2679 3121 3024 3212 regimen,
3074 3121 3398 3214 orbisque
3442 3124 3787 3214 maJ'estaS‚

983 3248 1308 3320 admirari
1349 3247 1850 3341 compellimur,
1891 3245 2153 3317 turbari
2189 3245 2691 3340 compellimur,
2737 3244 2973 3317 dolere
3015 3246 3494 3340 compellimur
3526 3256 3596 3317 et
3640 3247 3792 3318 tris·

986 3371 1151 3459 tari,
1204 3370 1768 3465 quandoquidem
1817 3392 1944 3442 vos
1990 3391 2167 3463 quos
2222 3368 2462 3441 mundi
2509 3369 2825 3441 cardines
2874 3379 3273 3465 reputamus
3293 3423 3313 3459 ,
3367 3392 3541 3463 quos
3590 3372 3794 3442 totius

985 3494 1495 3566 firmamentum
1554 3493 1714 3565 fidei
1773 3504 2218 3588 reputamuS,
2271 3504 2637 3588 postquam
2687 3493 3120 3565 beatissimus
3170 3503 3368 3588 pater
3424 3495 3793 3586 Gregorius

985 3619 1200 3692 vitam
1229 3618 1556 3689 deserens
1584 3618 1672 3688 de
1708 3618 1850 3689 vita
1884 3618 2109 3688 carnis
2136 3618 2349 3688 vitam
2380 3618 2577 3712 petiit
2609 3618 3053 3708 sanctiorem,
3094 3617 3165 3687 in
3198 3618 3569 3690 concordia
3596 3618 3792 3690 vide·

986 3744 1155 3816 mini
1186 3754 1323 3815 tam
1354 3741 1741 3833 discordeS,
1780 3741 1969 3834 quod
2016 3752 2321 3836 tempore
2358 3742 2752 3833 vigiliarum
2793 3742 3108 3814 dormitis
3140 3752 3211 3814 et
3245 3742 3615 3834 vigilabitis
3651 3743 3790 3814 for-

984 3870 1165 3941 sitan
1206 3889 1367 3939 cum
1407 3866 1615 3938 fuerit
1641 3865 2152 3938 dormiendum.
2192 3866 2249 3937 Ο
2282 3867 2463 3937 Petri
2497 3861 2730 3957 sedeS‚
2770 3877 3033 3960 quanto
3072 3876 3379 3961 tempore
3426 3866 3792 3956 vacavisti‚

985 3995 1182 4085 cujus
1233 4013 1588 4064 successor
1638 3992 2009 4062 exsolvens
2066 3991 2380 4061 naturale
2427 3992 2737 4062 debitum
2787 3992 3139 4063 mausoleo
3198 3991 3464 4062 recludi
3514 3991 3796 4062 minime

987 4117 1381 4207 consuevit,
1432 4116 1563 4187 nisi
1612 4135 2010 4188 successore
2060 4115 2301 4209 previo
2347 4115 2781 4187 concorditer
2833 4109 3231 4186 substituto!
3285 4114 3463 4185 Ecce
3514 4113 3796 4205 quidem

988 4239 1238 4311 nobilis
1273 4240 1441 4310 urbs
1473 4241 1782 4311 Romana
1817 4240 1965 4310 sine
2008 4239 2232 4332 capite
2264 4238 2436 4309 vivit
2468 4260 2604 4331 que
2642 4248 2853 4333 caput
2899 4239 3131 4311 extitit
3166 4238 3483 4310 aliarum.
3525 4236 3794 4322 Quare?

988 4364 1185 4436 Certe
1220 4371 1503 4457 propter
1538 4363 1954 4436 discordiam
1983 4365 2475 4435 Romanorum.
2520 4364 2659 4435 Sed
2703 4363 2871 4456 quid
2908 4385 3027 4436 eos
3057 4362 3151 4436 ad
3182 4363 3596 4435 discordiam
3633 4382 3796 4456 pro-

990 4485 1310 4561 vocavit?
1349 4484 1519 4556 Auri
1558 4486 1900 4581 cupiditas
1944 4496 2015 4558 et
2043 4487 2329 4559 ambitio
2364 4486 2801 4581 dignitatum.
2846 4490 3002 4560 Non
3039 4488 3224 4560 enim
3265 4488 3435 4581 quid
3471 4485 3800 4581 expediat

1075 4676 1158 4757 (a)
1202 4676 1276 4736 In
1305 4677 1419 4736 ista
1442 4675 1695 4737 editione
1718 4693 1946 4738 necnon
1979 4683 2040 4738 ct
2067 4680 2128 4738 in
2161 4676 2516 4756 quibusdam
2542 4677 2845 4739 codicibus
2869 4678 3104 4758 legitur,
3134 4676 3236 4739 sed
3262 4677 3440 4750 male,
3464 4672 3796 4755 Philaeppm.
