4364 5738
583 593 788 654 Iunior.
818 591 912 668 4.]
1486 582 1881 645 HISTORIA
1933 583 2527 646 DIPLOMATICA.
3281 581 3417 647 '449

583 728 716 800 suh
749 747 837 799 eo
870 732 1114 816 regnet
1153 730 1225 792 et
1263 728 1499 792 vestra
1534 716 1814 812 filioque
1845 728 2079 791 vestre
2127 740 2290 791 cum
2337 717 2706 792 chunrado
2751 720 3098 792 connubia
3140 741 3416 815 perma-

587 859 801 923 neant
832 848 931 920 sic
958 853 1349 933 contracta3
1382 841 1506 914 sed
1532 841 1744 915 timeo
1766 842 1999 937 potius
2022 864 2114 913 ne
2141 851 2291 914 rota
2323 842 2644 915 interitus
2667 843 2996 916 Friderici
3022 865 3176 935 vos,
3205 843 3420 916 karis-

588 974 759 1046 sime
790 979 1176 1066 compater,
1202 989 1364 1039 cum
1390 965 1767 1038 heredibus
1791 966 2042 1038 vestris
2073 976 2145 1038 et
2176 965 2605 1061 sepedictum
2639 965 3094 1040 Chunradum
3115 967 3209 1040 ad
3241 967 3421 1040 inte-

590 1096 799 1168 ritum
824 1093 1192 1190 precipitet
1219 1112 1377 1162 cum
1415 1088 1791 1161 Friderico.
1831 1088 2007 1173 Quia
2052 1089 2108 1160 si
2148 1107 2357 1161 omne
2388 1111 2637 1160 aurum
2678 1088 3028 1162 haberetis
3063 1090 3255 1185 quod
3288 1111 3420 1163 rex

589 1220 916 1292 Salomon
933 1270 953 1307 ‚
986 1216 1149 1287 huic
1176 1212 1592 1288 ordinationi
1621 1221 1859 1284 sancte
1888 1213 2198 1285 Romane
2233 1212 2541 1285 Ecclesie
2571 1222 2643 1284 et
2672 1212 2905 1286 divine
2936 1214 3246 1309 potentie
3275 1235 3419 1287 non

591 1341 906 1438 poteritis
933 1358 1352 1435 repugnare,
1384 1336 1552 1430 quia
1583 1356 1866 1408 necesse
1903 1344 2120 1407 estut
2159 1336 2232 1407 in
2275 1335 2465 1408 omni
2501 1337 2781 1428 negotio
2808 1359 3087 1432 semper
3112 1339 3420 1411 Ecclesia

592 1465 721 1538 Dei
763 1465 1025 1536 vincat.
1062 1460 1369 1556 Expedit
1395 1459 1606 1552 igitur
1630 1469 1711 1530 ut
1742 1459 2020 1531 tertium
2047 1460 2415 1531 articulum
2453 1459 2757 1551 fugiatis,
2793 1481 2884 1532 ne
2909 1460 3111 1534 vobis
3143 1461 3214 1533 id
3246 1482 3418 1534 con-

595 1588 818 1681 tingat
847 1585 1041 1680 quod
1071 1583 1468 1679 sepedictus
1499 1581 1887 1654 Fridericus
1917 1582 2155 1655 divina
2179 1581 2490 1676 potentia
2514 1582 2660 1674 jam
2682 1583 2972 1678 recepit.
3002 1583 3261 1655 Verum
3292 1605 3420 1680 pro

594 1710 747 1782 aliis
784 1709 1058 1782 duobus
1088 1706 1395 1779 articulis
1425 1706 1575 1778 sine
1600 1727 1793 1778 more
1825 1705 2192 1800 dispendio
2223 1704 2560 1777 studeatis
2585 1705 2754 1777 mihi
2781 1728 2910 1802 per
2939 1708 3231 1780 latorem
3256 1728 3419 1802 pre-

596 1833 809 1906 sentis
838 1832 1289 1927 respondere,
1327 1830 1492 1923 quia
1523 1830 1581 1902 si
1613 1850 1878 1903 moram
1911 1830 2413 1923 aliquantulam
2452 1830 2749 1902 feceritis
2785 1840 2951 1902 tunc
2996 1852 3138 1904 non
3177 1841 3423 1926 potero

596 1957 788 2050 quod
809 1958 957 2050 jam
987 1977 1293 2051 possum.
1316 1956 1686 2043 Instanter,
1709 1953 2067 2024 karissime
2095 1963 2476 2048 compater,
2497 1974 2626 2026 vos
2653 1974 2871 2026 exoro
2897 1963 2978 2023 ιιι
3003 1953 3135 2026 hec
3156 1965 3424 2028 secreta

599 2082 830 2152 nullus
893 2081 1079 2173 legat
1124 2078 1258 2149 nisi
1301 2077 1626 2150 dominus
1685 2076 2047 2149 Heinricus
2104 2077 2497 2172 prepositus
2553 2073 3057 2176 Mon[acensis]
3112 2079 3423 2151 notarius

602 2214 856 2292 vester,
890 2204 1002 2275 cui
1038 2203 1244 2275 etiam
1286 2223 1498 2297 super
1542 2200 1673 2272 hoc
1711 2199 1952 2295 scripsi
1984 2208 2065 2270 ut
2095 2198 2351 2272 debeat
2386 2210 2729 2273 secretum
2764 2211 3001 2272 tenere
3028 2200 3166 2298 (l).
3202 2203 3428 2299 Super

599 2328 753 2399 aliis
780 2326 1073 2418 negotiis
1108 2325 1307 2414 meis,
1328 2324 1656 2397 videlicet
1673 2324 1936 2396 Lousen
1973 2333 2044 2395 et
2071 2323 2593 2413 phafenhoven,
2617 2345 2699 2396 ac
2732 2324 2938 2395 etiam
2957 2334 3241 2420 propter
3271 2348 3421 2400 ma-

602 2449 830 2522 liciam
869 2448 1195 2521 Friderici
1225 2448 1315 2519 de
1349 2447 1554 2519 Stans
1576 2468 1786 2542 super
1817 2447 2108 2519 ecclesia
2138 2447 2297 2520 Oet.
2336 2444 2473 2544 (a),
2510 2448 2689 2519 lator
2725 2447 3150 2542 presentium
3184 2450 3423 2523 vobis-

600 2594 762 2644 cum
793 2573 1105 2645 cont'eret
1128 2572 1294 2644 viva
1320 2592 1494 2643 voce
1516 2623 1536 2660 ‚
1577 2580 1649 2643 et
1678 2592 1889 2666 super
1917 2570 2050 2642 hoc
2082 2568 2296 2643 fidem
2328 2569 2711 2664 dignemini
2735 2570 3096 2643 adhibere.

717 3188 1108 3298 Philippus
1157 3187 1658 3272 Fen-ariensis
1710 3189 2031 3297 electuS,
2090 3188 2569 3297 Apostolicae
2619 3187 2834 3271 Sedis
2884 3189 2963 3269 in
3020 3189 3427 3274 Germania

612 3321 910 3430 legatus
926 3383 950 3427 ‚
992 3321 1297 3404 cuidam
1336 3330 1606 3403 notum
1653 3320 1833 3404 facit
1879 3347 1961 3403 se
2013 3321 2464 3404 sententiam
2509 3321 3309 3405 excommunicationis
3352 3333 3427 3406 et

612 3452 1131 3560 suspensionis
1202 3454 1283 3533 in
1350 3452 1729 3560 praelatos
1798 3453 2318 3535 inobedientes
2386 3454 2521 3562 qui
2595 3454 2694 3535 ad
2764 3455 3053 3537 curiam
3125 3455 3426 3538 Henrici

612 3584 815 3695 regis
875 3585 1126 3668 venire
1182 3595 1600 3668 renuerunt
1624 3645 1648 3691 ,
1701 3584 2108 3693 protulisse
2129 3645 2153 3691 ,
2207 3585 2392 3694 ipsis
2427 3584 2764 3695 praefixo
2798 3587 3123 3669 termino
3157 3612 3314 3694 quo
3345 3587 3426 3669 in

611 3715 1032 3824 praesentia
1069 3716 1360 3799 domini
1397 3741 1638 3825 papae
1679 3727 2192 3824 compareant.

778 3929 982 4009 (Edid.
1013 3932 1290 4009 Horma,
1317 3930 1486 3992 Καὶ.
1516 3928 1746 3991 ffiedr.
1776 3931 1864 4003 11,
1893 3931 2160 4011 docum„
2191 3950 2253 4011 p.
2294 3940 2435 4008 ⁴10,
2464 3941 2532 3993 n⁰
2561 3939 2660 4004 52,
2684 3947 2719 3992 e
2752 3931 2888 3993 cod.
2918 3932 3057 3994 Alb.
3090 3932 3334 3995 Bohem.
3365 3935 3432 3995 tn

858 4037 1014 4099 Blhl.
1039 4041 1303 4117 Monac„
1329 4038 1429 4099 fol.
1468 4036 1593 4117 14.)

714 4222 1071 4320 Philippus
1102 4225 1481 4320 apostolica
1509 4225 1730 4333 gratia
1758 4225 2212 4299 Ferrariensis
2247 4227 2509 4298 electus
2516 4276 3426 4298 ............

701 4395 788 4477 (a)
830 4399 1106 4460 Forsitan
1138 4399 1440 4481 Oetinqm.

695 4687 769 4762 (4)
807 4687 944 4747 Vide
967 4695 1281 4761 sequentem
1302 4688 1578 4763 epistolam
1599 4688 1743 4763 apud
1769 4686 1968 4756 Htffler,
1994 4685 2157 4757 ibid„
2187 4695 2252 4743 n⁰
2272 4688 2360 4743 5⁴.

782 4786 893 4849 VI.
3047 4798 3121 4852 67
