4364 5738
542 547 747 610 [murm.
778 545 868 629 4.]
1450 545 1841 608 HISTORIA
1892 549 2480 613 mPLoluA'rch.
3242 548 3365 610 379

544 704 726 774 gnus
751 680 1309 775 archiepiscopus
1335 679 1594 774 pedum
1617 683 1852 754 oscula
1881 683 2268 756 beatorum.
2286 686 2464 757 Dum
2491 686 2673 757 illius
2688 687 2892 779 Regis
2906 706 3147 777 regum
3172 682 3367 754 beni—

546 825 760 897 gnam
787 804 1164 898 potentiam
1191 803 1468 874 assidua
1494 803 1943 877 meditatione
1965 810 2423 903 contemplor,
2456 810 2577 903 qui
2603 830 2856 881 arcano
2875 806 3210 901 sapientie
3238 826 3362 876 sue

550 927 837 999 consilio
864 927 937 997 in
970 926 1209 998 mortis
1240 926 1539 999 confinio
1569 927 1871 1022 positum
1903 951 1995 1000 ex
2033 931 2255 1002 leonis
2287 933 2600 1004 saucibus
2619 985 2638 1022 ,
2678 932 2766 1004 de
2797 952 3009 1002 manu
3039 928 3366 1002 videlicet

550 1050 742 1144 impii
774 1050 1052 1144 tyranni
1081 1050 1408 1121 Friderici
1440 1051 1632 1122 etde
1664 1051 1854 1123 omni
1891 1055 2375 1147 expectatione
2403 1056 2627 1150 plebis
2656 1054 3067 1149 Apulorum,
3098 1074 3207 1122 me
3235 1073 3362 1144 po·

553 1182 777 1244 tenter
800 1173 1051 1268 eripuit
1074 1183 1144 1243 et
1162 1173 1694 1245 misericorditer
1713 1175 2069 1268 liberavit,
2091 1199 2232 1250 non
2264 1179 2413 1249 sine
2445 1189 2725 1273 stupore
2751 1151 3025 1249 artuum
3058 1175 3364 1265 singulo-

551 1319 708 1366 rum
739 1318 949 1389 quem
981 1297 1290 1390 preteriti
1323 1306 1542 1368 status
1575 1298 1991 1370 memorialis
2026 1301 2371 1372 refricatio
2413 1309 2882 1395 representat,
2917 1299 3132 1393 ipsius
3165 1297 3362 1368 beni-

550 1421 922 1511 gnitatem,
960 1419 1368 1513 sapientiam
1415 1428 1485 1489 et
1527 1420 1853 1492 virtutem
1904 1421 2157 1514 quibus
2200 1424 2401 1495 valeo
2446 1423 2788 1518 preconiis
2833 1423 3167 1492 extollere
3222 1440 3363 1490 non

554 1541 840 1633 desisto,
873 1562 959 1613 eo
994 1541 1183 1633 quod
1211 1564 1354 1614 non
1389 1542 1693 1614 deseruit
1722 1544 1812 1616 de
1838 1566 1963 1616 sua
1990 1545 2458 1618 misericordia
2492 1554 3025 1640 presumentem.
3064 1543 3206 1614 Hec
3234 1541 3366 1613 ita·

554 1688 690 1759 que
705 1666 1078 1760 apostolice
1107 1666 1280 1737 duxi
1305 1667 1667 1738 clementie
1686 1667 1888 1740 flexis
1914 1670 2208 1760 genibus
2226 1669 2608 1741 intimanda
2624 1678 2704 1739 ut
2724 1668 2980 1739 habeat
3004 1666 3076 1736 in
3106 1665 3206 1736 eis
3226 1675 3365 1736 tam

556 1789 652 1882 pii
685 1790 898 1882 patris
931 1789 1321 1881 benignitas
1355 1800 1632 1882 tamque
1665 1791 1948 1883 benigni
1982 1791 2245 1863 domini
2272 1793 2492 1886 pietas
2529 1793 2599 1862 in
2634 1814 2773 1884 quo
2814 1790 2957 1862 filio
2999 1811 3092 1859 ex
3127 1810 3364 1860 erum-

558 1933 725 1984 nose
759 1912 1168 1983 calamitatis
1193 1913 1566 2004 naufragiis
1599 1923 1798 1985 eruto
1826 1916 2289 2004 congratulari
2309 1968 2328 2004 ,
2365 1916 2622 1986 famulo
2663 1913 3101 2004 congaudere
3139 1913 3371 1984 valeat

558 2036 648 2104 ab
675 2035 877 2105 inferi
904 2036 1217 2106 saucibus
1241 2036 1531 2107 liberato
1550 2087 1569 2123 ,
1600 2056 1758 2105 cum
1792 2037 1923 2106 sub
1961 2037 2315 2130 pressione
2346 2037 2816 2127 angustiarum
2847 2034 3368 2130 precedentium

559 2178 700 2228 non
728 2157 991 2228 fuisset.
1016 2157 1195 2227 Sane
1229 2156 1397 2228 dum
1432 2178 1656 2228 essem
1692 2159 1762 2228 in
1795 2157 2046 2252 Apulie
2073 2157 2353 2247 finibuS,
2380 2158 2450 2227 in
2471 2167 2808 2251 potestate
2836 2156 3158 2228 videlicet
3177 2155 3369 2249 impii

560 2280 971 2373 supradicti,
1008 2283 1157 2372 ejus
1194 2280 1416 2351 nuntii
1446 2280 1868 2352 crudelitatis
1893 2281 2107 2374 ipsius
2139 2280 2435 2375 improbi
2469 2289 2868 2367 sectatoreS,
2890 2279 3142 2371 quibus
3168 2288 3371 2349 vacat

559 2405 844 2494 laqueos
873 2403 1244 2473 immittere
1276 2403 1569 2497 pedibus
1602 2404 2069 2475 innocentium
2106 2415 2185 2475 ut
2215 2404 2382 2476 dum
2415 2424 2533 2475 eos
2574 2403 2801 2472 minus
2833 2411 3032 2472 caute
3064 2423 3205 2471 non
3238 2423 3366 2494 po·

562 2527 816 2596 tuerint
842 2526 1128 2614 evitare,
1162 2517 1469 2597 inveniat
1494 2526 1823 2621 principis
1849 2527 2153 2620 ipsorum
2177 2526 2552 2598 crudelitas
2570 2525 2947 2595 inhumana
2975 2546 3151 2615 quos
3175 2524 3367 2595 inde·

561 2650 702 2722 bita
735 2650 952 2743 possit
983 2650 1378 2721 extorsione
1410 2652 1746 2720 mulctare
1780 2671 1903 2722 seu
1936 2650 2006 2719 in
2045 2670 2222 2741 quos
2255 2649 2497 2721 sevitie
2539 2669 2663 2719 sue
2690 2649 2921 2718 valeat
2950 2646 3211 2717 aculeis
3242 2646 3366 2718 de-

559 2773 908 2860 bacchari,
932 2794 974 2843 a
1002 2793 1113 2843 me
1140 2772 1533 2866 importuna
1560 2773 1884 2843 instantia
1903 2782 2287 2863 exegerunt
2313 2773 2605 2843 duarum
2626 2771 2915 2840 millium
2935 2769 3367 2841 marcharum

561 2897 827 2988 argenti
860 2898 1251 2968 cautionem
1288 2895 1824 2988 fidejussoriam,
1858 2897 1989 2967 sub
2026 2896 2158 2968 hoc
2193 2906 2397 2991 pacto
2425 2918 2514 2967 ne
2546 2895 2869 2965 videlicet
2900 2905 3118 2964 metas
3160 2914 3367 2985 quas·

562 3021 722 3090 dam
752 3020 1167 3091 excederem
1199 3021 1377 3090 intra
1405 3042 1694 3111 regnum
1724 3020 1892 3089 mihi
1924 3019 2228 3114 prefixas
2256 3041 2431 3090 neve
2459 3018 2837 3110 quidquam
2873 3019 3168 3089 facerem
3200 3039 3367 3088 con-

569 3153 670 3213 tra
696 3145 857 3234 jura
890 3152 961 3213 et
994 3142 1327 3213 honorem
1362 3144 1800 3237 imperatorie
1838 3143 2240 3234 majestatiS.
2262 3142 2567 3234 Cumque
2596 3152 2835 3213 contra
2869 3142 3212 3235 prefatum
3243 3142 3366 3219 Sa-

570 3266 711 3336 tani
765 3264 1151 3335 ministrum
1194 3266 1286 3335 ob
1337 3265 1698 3336 innumera
1743 3266 2181 3358 iniquitatum
2241 3288 2452 3361 opera
2509 3265 3238 3337 excommunicationis
3297 3265 3367 3334 in

567 3387 889 3458 eumdem
934 3387 1279 3458 sententia*
1318 3389 1783 3481 promulgata,
1818 3390 2200 3460 communis
2244 3398 2512 3460 teneret
2551 3389 2782 3482 opinio
2818 3389 3042 3482 ipsum
3084 3390 3155 3459 in
3199 3410 3365 3459 con-

566 3511 748 3604 cepti
777 3509 1034 3581 doloris
1062 3510 1439 3581 vindictam
1476 3511 1915 3602 malignitatis
1944 3534 2064 3582 sue
2090 3533 2362 3583 venena
2395 3512 2462 3580 iu
2494 3531 2669 3603 quos
2701 3520 2933 3604 posset
2940 3563 3358 3581 ......

566 3634 894 3729 precipue
927 3633 1213 3705 clericos
1239 3634 1657 3722 refusurum,
1687 3633 1942 3727 duplici
1977 3635 2423 3726 ambiguitate
2456 3655 2826 3727 suspensus
2854 3642 3178 3703 utrumne
3211 3656 3365 3705 cor·

566 3777 778 3849 poree
821 3757 1023 3827 saluti
1055 3777 1144 3827 an
1178 3754 1602 3848 fidejussoris
1634 3756 2061 3827 indemnitati
2072 3809 2574 3827 .......
2613 3755 3030 3826 conscientia
3066 3757 3365 3826 nullate-

566 3896 697 3948 nus
742 3878 1176 3969 quiescente,
1219 3878 1387 3969 quin
1433 3877 1660 3971 potius
1704 3879 1796 3949 ad
1840 3879 2137 3949 tribunal
2175 3878 2424 3950 summi
2450 3877 2705 3970 judicis
2736 3876 3097 3947 instantius
3123 3878 3364 3970 appel·

565 3990 787 4090 laute,
820 4023 909 4072 ne
960 4002 1090 4072 sub
1132 4001 1346 4095 ipsius
1392 4002 1968 4073 excommunicati
2012 4023 2094 4073 ac
2134 4002 2451 4096 depositi.
2518 4057 2530 4070 .
2598 4056 2613 4071 .
2676 4052 2693 4068 .
2738 3998 3042 4093 potentia
3079 4000 3367 4070 ulterius

564 4145 1076 4216 permanerem,
1117 4126 1400 4196 tandem
1431 4146 1473 4195 a
1509 4125 1923 4218 quibusdam
1965 4126 2129 4196 viris
2176 4123 2508 4216 religiosis
2553 4131 2839 4215 accepto
2880 4120 3200 4208 consilio,
3238 4120 3363 4192 de·

567 4246 752 4316 crevi
797 4248 1026 4341 potius
1076 4270 1306 4318 rerum
1355 4248 1816 4341 periturarum
1863 4247 2255 4318 amissione.
2322 4302 2335 4315 .
2400 4299 2417 4315 .
2483 4300 2498 4316 .
2534 4246 2735 4315 saluti
2782 4243 3089 4338 corporis
3136 4244 3364 4315 indul-

568 4386 759 4457 gere.
779 4369 1069 4440 Demum
1094 4380 1312 4442 metas
1337 4370 1700 4461 egrediens
1728 4369 2254 4464 constitutasffl)
2268 4420 2671 4439 ......
2711 4368 3089 4457 laboribus,
3127 4390 3362 4462 sump—

643 4636 718 4705 (⁴)
755 4635 831 4692 De
857 4641 1096 4709 tempore
1122 4653 1229 4711 quo
1264 4639 1618 4696 Theodericus
1651 4639 1915 4711 aufugerit
1943 4655 2052 4695 nou
2077 4639 2284 4711 ¹optime
2316 4644 2548 4710 constat,
2583 4640 2706 4697 licet
2734 4641 2874 4698 inter
2915 4648 3200 4713 augustum
3225 4643 3364 4697 ⁴2⁴5
