4364 5738
557 595 759 653 Innuet.
799 582 921 666 l5.]
1446 574 1838 637 HISTORIA
1888 571 2479 633 DIPLOMATch.
3300 580 3381 640 53

721 786 994 867 (Editum
1023 782 1087 840 ln
1116 779 1515 851 flunmen,
1544 770 1821 833 Deduceio
1847 768 2149 851 samba-q.
2181 787 2356 849 super
2385 768 2576 830 Fitrtlt
2595 815 2611 841 ,
2642 771 2774 829 eod.
2808 772 3037 849 probat.
3070 791 3239 835 num.
3273 784 3375 848 65,

796 910 878 966 a;
900 920 979 934 —-
1005 889 1069 946 in
1097 886 1499 953 Ussnnumn,
1546 880 1815 957 Episcop.
1855 874 2190 958 Bamberq„
2238 877 2371 938 cod.
2411 858 2640 954 probat.
2680 885 2812 951 153,
2841 896 3010 938 num.
3049 890 3183 942 174.
3213 914 3294 925 —
3317 888 3377 942 et

796 1015 892 1073 ap.
917 994 1179 1055 Menum.
1212 988 1395 1056 Boia,
1431 994 1577 1048 tom.
1609 984 1803 1061 XXX,
1825 1000 1887 1059 p.
1922 992 2208 1054 287-289,
2240 1000 2408 1043 num.
2431 981 2791 1053 DCCLXXI,
2819 1000 2894 1062 ex
2920 986 3190 1062 originali
3217 987 3377 1047 unde

795 1100 1058 1179 sigillum
1085 1097 1206 1156 sere
1227 1094 1497 1155 illaesum
1522 1089 1813 1167 appendet
1837 1105 1911 1148 ex
1939 1087 2061 1148 filis
2088 1090 2286 1147 sericis
2312 1088 2478 1148 rubri
2503 1086 2766 1166 coloris.)

653 1338 1135 1435 Fr(idericus),
1174 1333 1299 1406 Dei
1326 1331 1547 1425 gratia
1583 1316 2047 1402 Romanorum
2078 1327 2455 1421 imperator
2487 1347 2764 1420 semper
2793 1338 3151 1420 augustus,
3177 1329 3376 1402 Jeru-

556 1467 769 1538 salem
818 1474 889 1534 et
930 1459 1158 1533 Sicilie
1208 1477 1359 1529 rex.
1413 1455 1680 1526 Tenere
1725 1451 2152 1547 presentium
2198 1459 2443 1522 notum
2488 1448 2636 1521 fieri
2676 1452 2999 1523 volumus
3035 1453 3376 1526 universis

556 1588 747 1685 quod
786 1588 843 1659 si
886 1583 1333 1657 ecclesiarum
1362 1580 1523 1671 jura
1570 1586 1934 1646 teneamur
1978 1573 2468 1645 universaliter
2498 1571 2895 1664 defensare,
2942 1575 3036 1646 ob
3075 1576 3375 1648 auctoris

558 1710 1029 1786 reverenciam
1054 1717 1125 1778 et
1155 1704 1521 1792 honorem,
1554 1700 1751 1791 cujus
1781 1707 1886 1770 est
1916 1717 2169 1791 corpus
2194 1695 2483 1768 ecclesia
2503 1705 2574 1766 et
2595 1696 2799 1767 unica
2824 1718 3078 1791 sponsa
3100 1719 3253 1788 sua,
3284 1700 3378 1772 ad

556 1858 674 1910 eas
730 1845 962 1908 tamen
1012 1826 1281 1924 imperii
1329 1823 1549 1896 nostri
1580 1820 1917 1917 speciales
1966 1819 2319 1909 ecclesias,
2370 1840 2508 1912 que
2559 1810 3059 1914 principatibus
3103 1820 3373 1917 imperii

553 1969 718 2035 sunt
746 1975 1050 2044 annexe‚
1080 1953 1153 2025 in
1183 1935 1328 2024 suis
1361 1946 1936 2040 redintegrandas
1964 1944 2241 2037 juribus
2269 1953 2339 2016 et
2365 1943 2643 2038 penitus
2680 1944 3181 2037 reformandae,
3215 1967 3374 2040 spe-

458 2112 461 2115 ·
552 2084 707 2157 ciali
750 2077 1190 2177 prerogativa
1240 2070 1722 2146 sollicitudinis
1767 2078 1838 2141 et
1890 2066 2257 2159 diligencie
2303 2076 2623 2139 tenemur
2674 2066 2920 2139 adesse
2937 2120 2956 2157 ‚
3010 2069 3372 2161 presertim

552 2230 712 2280 cum
744 2206 880 2277 sint
910 2221 1226 2297 conpago
1268 2196 1487 2293 ipsius
1524 2193 1835 2288 corporis
1866 2202 1939 2263 et
1966 2190 2185 2263 nostri
2219 2189 2489 2285 imperii
2533 2187 3071 2261 firmamentum.
3111 2191 3372 2263 Atten-

553 2330 796 2402 dentes
839 2328 1049 2420 igitur
1104 2321 1403 2417 qualiter
1456 2320 1696 2413 Boppo
1746 2314 1973 2387 dictus
2019 2312 2374 2406 quondam
2431 2313 3024 2405 Babenbergensis
3070 2314 3364 2404 electus,

550 2464 827 2547 recepta
860 2472 987 2546 per
1022 2448 1353 2522 dilectum
1385 2441 1605 2513 filium
1648 2448 1966 2513 nostrum
1991 2436 2382 2510 Conradum
2424 2436 2760 2507 illustrem
2798 2437 3263 2508 Romanorum
3297 2438 3367 2509 in

551 2597 787 2672 regem
815 2576 1142 2661 electum,
1179 2589 1457 2663 semper
1481 2559 2179 2657 augustum,etregni
2201 2558 2733 2631 lerosolimitani
2752 2558 3109 2650 heredem,
3136 2572 3370 2635 aucto-

551 2703 751 2775 ritate
792 2706 1031 2771 nostra
1069 2692 1479 2766 investitura
1527 2687 1864 2780 regalium
1902 2683 2219 2776 ejusdem
2262 2683 2577 2773 ecclesie,
2615 2682 3024 2773 obligaverit
3058 2704 3132 2755 se
3167 2684 3387 2765 nobis

551 2835 621 2897 et
655 2820 945 2918 imperio
980 2815 1171 2914 quod
1211 2822 1455 2889 contra
1489 2819 1802 2884 nostrum
1833 2815 1904 2879 et
1929 2804 2203 2901 imperii
2238 2802 2575 2877 honorem
2615 2824 2757 2877 non
2793 2803 3204 2898 procederet
3235 2826 3369 2878 nec

548 2969 676 3044 per
728 2946 1042 3018 inimicos
1102 2948 1381 3014 nostros
1447 2934 1812 3007 transitum
1866 2933 2151 3020 faceret,
2202 2927 2382 3000 facta
2420 2948 2702 3021 quoque
2784 2926 2913 2998 sibi
2982 2949 3192 3023 super
3233 2928 3367 3001 hoc

548 3068 955 3140 inhibitione
1013 3083 1137 3159 per
1194 3069 1466 3133 nostras
1513 3056 1775 3127 litteras
1837 3051 2152 3147 speciali,
2210 3059 2451 3121 eontra
2491 3047 2983 3140 obligationem
3044 3070 3241 3120 suam
3296 3059 3370 3121 et

550 3191 1026 3264 inhibitionem
1059 3193 1366 3258 nostram
1385 3181 1625 3252 venire
1653 3175 2174 3274 presumpserit,
2207 3194 2331 3269 per
2354 3170 2668 3242 inimicos
2701 3180 2977 3243 nostros
3002 3172 3366 3243 transitum

549 3313 895 3403 faciendo,
937 3321 1195 3384 etcum
1228 3306 1328 3378 eis
1354 3304 1574 3376 verbo
1608 3312 1678 3374 et
1708 3322 1920 3397 opere
1958 3308 2202 3371 contra
2229 3305 2537 3368 nostram
2570 3294 3111 3367 comunicaverit
3135 3296 3365 3391 digni-

552 3448 787 3528 tatem,
828 3446 909 3507 ut
959 3455 1085 3530 per
1134 3428 1631 3521 obligationem
1681 3424 1883 3496 nobis
1925 3433 1996 3496 et
2040 3420 2333 3516 imperio
2384 3421 2635 3490 factam
2676 3438 2803 3514 per
2848 3440 3034 3510 eum,
3079 3419 3229 3516 ipso
3273 3442 3367 3492 ex

550 3557 1090 3660 transgressione
1131 3552 1498 3627 commissa
1552 3549 1623 3619 in
1685 3568 1940 3643 penam
1985 3544 2323 3636 regalium
2366 3540 2653 3613 ecclesie
2691 3541 3066 3635 incidente,
3106 3543 3365 3636 regalia

547 3681 696 3778 ipsa
730 3681 872 3753 sint
897 3678 988 3750 ad
1017 3699 1148 3749 nos
1182 3684 1253 3747 et
1286 3672 1652 3769 Mperium
1678 3666 2190 3771 racionabiliter
2216 3665 2581 3753 devoluta;
2610 3663 2774 3757 quia
2800 3676 2958 3759 post
2986 3675 3367 3757 transgres-

550 3805 759 3879 sionis
789 3803 1080 3893 crimen,
1121 3810 1479 3894 tamquam
1518 3794 1607 3866 de
1646 3791 1856 3864 rebus
1885 3784 2175 3862 ecclesie
2213 3809 2356 3860 non
2393 3786 2732 3878 curando,
2769 3788 2989 3859 multa
3021 3787 3110 3859 de
3142 3787 3367 3860 feudis

547 3927 848 4002 ethonis
893 3924 1183 3998 ecclesie
1215 3919 1624 4007 infeudavit,
1663 3913 2020 4004 alienavit,
2060 3911 2378 4001 donavit,
2421 3909 2765 3999 vendidit,
2816 3908 3172 3999 obligavit,
3219 3909 3362 3980 dis·

548 4052 761 4124 traxit
791 4049 1052 4145 pariter
1087 4056 1157 4117 et
1196 4043 1547 4117 subtraxit
1576 4042 1647 4111 in
1681 4037 2140 4135 prejudicium
2187 4045 2259 4108 et
2289 4036 2670 4127 dampnum
2713 4030 2927 4126 ipsius
2961 4031 3247 4103 ecclesie
3279 4054 3365 4106 ac

546 4173 1078 4247 inestimabilem
1109 4169 1484 4255 lesionem3
1519 4185 1763 4238 omnes
1790 4160 2337 4245 infeudacioneS,
2374 4154 2865 4244 alienaciones,
2911 4152 3360 4250 donaciones,

545 4296 1023 4386 vendiciones,
1057 4289 1559 4385 obligacioneS,
1591 4285 2072 4360 distractiones
2108 4291 2178 4354 et
2209 4278 2715 4353 subtractiones
2754 4296 2882 4371 per
2922 4297 3081 4347 eum
3116 4278 3359 4373 factas,

548 4441 592 4493 a
637 4431 944 4515 tempore
1002 4411 1567 4506 transgressionis
1600 4430 1751 4502 sue,
1784 4408 1876 4479 ab
1906 4426 2094 4479 anno
2124 4401 2453 4476 videlicet
2479 4400 2825 4474 dominice
2875 4400 3366 4474 incarnationis

547 4543 908 4615 millesimo
965 4536 1444 4612 ducentesimo
1506 4533 1852 4607 tricesimo
1904 4549 2118 4620 nono,
2149 4546 2389 4599 mense
2440 4523 2771 4617 octubris,
2825 4524 3035 4596 tercie
3095 4524 3362 4597 decime
3473 4504 3478 4508 ¹

548 4664 969 4753 indictioniS,
1012 4662 1320 4734 dictante
1368 4656 1713 4731 sententia
1766 4673 2135 4748 procerum
2182 4657 2255 4721 et
2298 4646 2847 4720 ministerialium
2883 4647 3244 4718 nobiscum
3288 4648 3360 4717 in
