<?xml version="1.0" encoding="UTF-8"?>
<!DOCTYPE html PUBLIC "-//W3C//DTD XHTML 1.0 Transitional//EN"
    "http://www.w3.org/TR/xhtml1/DTD/xhtml1-transitional.dtd">
<html xmlns="http://www.w3.org/1999/xhtml" xml:lang="en" lang="en">
 <head>
  <title>
</title>
<meta http-equiv="Content-Type" content="text/html;charset=utf-8" />
  <meta name='ocr-system' content='tesseract 3.04.00' />
  <meta name='ocr-capabilities' content='ocr_page ocr_carea ocr_par ocr_line ocrx_word'/>
</head>
<body>
  <div class='ocr_page' id='page_1' title='image "./historiadiploma00degoog_0205.png"; bbox 0 0 4364 5738; ppageno 0'>
   <div class='ocr_carea' id='block_1_1' title="bbox 515 549 3342 642">
    <p class='ocr_par' dir='ltr' id='par_1_1' title="bbox 515 549 3342 642">
     <span class='ocr_line' id='line_1_1' title="bbox 515 549 3342 642; baseline 0 -23"><span class='ocrx_word' id='word_1_1' title='bbox 515 562 717 619; x_wconf 62' lang='lat' dir='ltr'>tamer.</span> <span class='ocrx_word' id='word_1_2' title='bbox 750 557 842 642; x_wconf 68' lang='grc'>2.]</span> <span class='ocrx_word' id='word_1_3' title='bbox 1409 549 1803 612; x_wconf 61' lang='lat' dir='ltr'>rusi-oms</span> <span class='ocrx_word' id='word_1_4' title='bbox 1856 553 2449 617; x_wconf 77' lang='lat' dir='ltr'>DIPLOMATICA.</span> <span class='ocrx_word' id='word_1_5' title='bbox 3232 562 3342 622; x_wconf 84' lang='lat'>191</span> 
     </span>
    </p>
   </div>
   <div class='ocr_carea' id='block_1_2' title="bbox 516 687 3364 2641">
    <p class='ocr_par' dir='ltr' id='par_1_2' title="bbox 516 687 3359 2147">
     <span class='ocr_line' id='line_1_2' title="bbox 518 687 3352 786; baseline 0 -20"><span class='ocrx_word' id='word_1_6' title='bbox 518 695 704 767; x_wconf 89' lang='lat' dir='ltr'>maii.</span> <span class='ocrx_word' id='word_1_7' title='bbox 751 693 973 785; x_wconf 88' lang='lat' dir='ltr'>Hujus</span> <span class='ocrx_word' id='word_1_8' title='bbox 1014 690 1191 762; x_wconf 91' lang='lat' dir='ltr'>serie</span> <span class='ocrx_word' id='word_1_9' title='bbox 1232 687 1492 784; x_wconf 86' lang='lat' dir='ltr'>publici</span> <span class='ocrx_word' id='word_1_10' title='bbox 1537 688 1977 760; x_wconf 83' lang='lat' dir='ltr'>instrumenti</span> <span class='ocrx_word' id='word_1_11' title='bbox 2019 700 2355 784; x_wconf 83' lang='lat' dir='ltr'><strong>appareat</strong></span> <span class='ocrx_word' id='word_1_12' title='bbox 2399 691 2760 765; x_wconf 86' lang='lat' dir='ltr'>evidenter</span> <span class='ocrx_word' id='word_1_13' title='bbox 2795 695 2986 786; x_wconf 89' lang='lat' dir='ltr'>quod</span> <span class='ocrx_word' id='word_1_14' title='bbox 3027 695 3352 767; x_wconf 92' lang='lat' dir='ltr'>dominus</span> 
     </span>
     <span class='ocr_line' id='line_1_3' title="bbox 517 811 3352 911; baseline 0.001 -22"><span class='ocrx_word' id='word_1_15' title='bbox 517 817 898 890; x_wconf 76' lang='lat' dir='ltr'><strong>pandulfus</strong></span> <span class='ocrx_word' id='word_1_16' title='bbox 955 815 1046 887; x_wconf 92' lang='lat' dir='ltr'>de</span> <span class='ocrx_word' id='word_1_17' title='bbox 1091 812 1518 885; x_wconf 89' lang='lat' dir='ltr'>Fascianella</span> <span class='ocrx_word' id='word_1_18' title='bbox 1569 812 1693 883; x_wconf 92' lang='lat' dir='ltr'>Dei</span> <span class='ocrx_word' id='word_1_19' title='bbox 1744 821 1818 883; x_wconf 86' lang='lat' dir='ltr'>et</span> <span class='ocrx_word' id='word_1_20' title='bbox 1870 811 2133 885; x_wconf 92' lang='lat' dir='ltr'>domini</span> <span class='ocrx_word' id='word_1_21' title='bbox 2207 815 2643 911; x_wconf 88' lang='lat' dir='ltr'>imperatoris</span> <span class='ocrx_word' id='word_1_22' title='bbox 2695 818 2918 909; x_wconf 81' lang='lat' dir='ltr'>gratia</span> <span class='ocrx_word' id='word_1_23' title='bbox 2977 819 3048 888; x_wconf 92' lang='lat' dir='ltr'>in</span> <span class='ocrx_word' id='word_1_24' title='bbox 3106 821 3352 893; x_wconf 83' lang='lat' dir='ltr'>Tuscia</span> 
     </span>
     <span class='ocr_line' id='line_1_4' title="bbox 516 934 3351 1037; baseline 0.001 -25"><span class='ocrx_word' id='word_1_25' title='bbox 516 941 922 1035; x_wconf 80' lang='lat' dir='ltr'>capitaneus</span> <span class='ocrx_word' id='word_1_26' title='bbox 954 937 1299 1032; x_wconf 81' lang='lat' dir='ltr'>generalis</span> <span class='ocrx_word' id='word_1_27' title='bbox 1331 946 1403 1008; x_wconf 94' lang='lat' dir='ltr'>et</span> <span class='ocrx_word' id='word_1_28' title='bbox 1434 935 1759 1007; x_wconf 86' lang='lat' dir='ltr'>Senensis</span> <span class='ocrx_word' id='word_1_29' title='bbox 1792 958 1981 1008; x_wconf 92' lang='lat' dir='ltr'>nunc</span> <span class='ocrx_word' id='word_1_30' title='bbox 2019 934 2369 1031; x_wconf 80' lang='lat' dir='ltr'>potestaS,</span> <span class='ocrx_word' id='word_1_31' title='bbox 2412 962 2500 1010; x_wconf 87' lang='lat' dir='ltr'>ex</span> <span class='ocrx_word' id='word_1_32' title='bbox 2541 940 2767 1012; x_wconf 90' lang='lat' dir='ltr'>officio</span> <span class='ocrx_word' id='word_1_33' title='bbox 2817 942 3158 1036; x_wconf 88' lang='lat' dir='ltr'>capitanie</span> <span class='ocrx_word' id='word_1_34' title='bbox 3210 967 3351 1037; x_wconf 90' lang='lat' dir='ltr'>quo</span> 
     </span>
     <span class='ocr_line' id='line_1_5' title="bbox 519 1059 3351 1156; baseline 0.001 -21"><span class='ocrx_word' id='word_1_35' title='bbox 519 1064 964 1155; x_wconf 80' lang='lat' dir='ltr'>fungebatur,</span> <span class='ocrx_word' id='word_1_36' title='bbox 1024 1061 1220 1133; x_wconf 90' lang='lat' dir='ltr'>dedit</span> <span class='ocrx_word' id='word_1_37' title='bbox 1276 1059 1627 1131; x_wconf 87' lang='lat' dir='ltr'>licentiam</span> <span class='ocrx_word' id='word_1_38' title='bbox 1689 1068 1761 1129; x_wconf 86' lang='lat' dir='ltr'>et</span> <span class='ocrx_word' id='word_1_39' title='bbox 1813 1061 2220 1153; x_wconf 76' lang='lat' dir='ltr'>parabolam</span> <span class='ocrx_word' id='word_1_40' title='bbox 2278 1063 2561 1134; x_wconf 85' lang='lat' dir='ltr'>domino</span> <span class='ocrx_word' id='word_1_41' title='bbox 2608 1065 2998 1156; x_wconf 79' lang='lat' dir='ltr'>Fortarrigo</span> <span class='ocrx_word' id='word_1_42' title='bbox 3052 1067 3351 1138; x_wconf 87' lang='lat' dir='ltr'>Rainerii</span> 
     </span>
     <span class='ocr_line' id='line_1_6' title="bbox 521 1184 3352 1280; baseline 0 -19"><span class='ocrx_word' id='word_1_43' title='bbox 521 1187 904 1261; x_wconf 90' lang='lat' dir='ltr'>camerario</span> <span class='ocrx_word' id='word_1_44' title='bbox 948 1185 1262 1258; x_wconf 89' lang='lat' dir='ltr'>comunis</span> <span class='ocrx_word' id='word_1_45' title='bbox 1305 1184 1630 1256; x_wconf 89' lang='lat' dir='ltr'>Senensis</span> <span class='ocrx_word' id='word_1_46' title='bbox 1676 1205 1802 1278; x_wconf 93' lang='lat' dir='ltr'>pro</span> <span class='ocrx_word' id='word_1_47' title='bbox 1849 1184 2036 1258; x_wconf 92' lang='lat' dir='ltr'>dicto</span> <span class='ocrx_word' id='word_1_48' title='bbox 2077 1186 2358 1257; x_wconf 92' lang='lat' dir='ltr'>comuni</span> <span class='ocrx_word' id='word_1_49' title='bbox 2408 1188 2856 1280; x_wconf 83' lang='lat' dir='ltr'>recolligendi</span> <span class='ocrx_word' id='word_1_50' title='bbox 2906 1190 3352 1262; x_wconf 87' lang='lat' dir='ltr'>medietatem</span> 
     </span>
     <span class='ocr_line' id='line_1_7' title="bbox 521 1307 3354 1407; baseline 0.001 -25"><span class='ocrx_word' id='word_1_51' title='bbox 521 1312 817 1407; x_wconf 89' lang='lat' dir='ltr'>imposte</span> <span class='ocrx_word' id='word_1_52' title='bbox 861 1313 1039 1400; x_wconf 77' lang='lat' dir='ltr'>facte</span> <span class='ocrx_word' id='word_1_53' title='bbox 1082 1307 1535 1380; x_wconf 89' lang='lat' dir='ltr'>Radicondoli</span> <span class='ocrx_word' id='word_1_54' title='bbox 1577 1317 1649 1378; x_wconf 88' lang='lat' dir='ltr'>et</span> <span class='ocrx_word' id='word_1_55' title='bbox 1687 1308 2001 1397; x_wconf 88' lang='lat' dir='ltr'>Belforti,</span> <span class='ocrx_word' id='word_1_56' title='bbox 2049 1309 2413 1381; x_wconf 90' lang='lat' dir='ltr'>occasione</span> <span class='ocrx_word' id='word_1_57' title='bbox 2457 1309 2755 1406; x_wconf 84' lang='lat' dir='ltr'>militum</span> <span class='ocrx_word' id='word_1_58' title='bbox 2790 1310 2910 1404; x_wconf 89' lang='lat' dir='ltr'>qui</span> <span class='ocrx_word' id='word_1_59' title='bbox 2948 1310 3209 1383; x_wconf 90' lang='lat' dir='ltr'>debent</span> <span class='ocrx_word' id='word_1_60' title='bbox 3253 1314 3354 1384; x_wconf 91' lang='lat' dir='ltr'>ire</span> 
     </span>
     <span class='ocr_line' id='line_1_8' title="bbox 523 1432 3353 1526; baseline 0.001 -20"><span class='ocrx_word' id='word_1_61' title='bbox 523 1436 593 1507; x_wconf 90' lang='lat' dir='ltr'>in</span> <span class='ocrx_word' id='word_1_62' title='bbox 627 1435 984 1508; x_wconf 85' lang='lat' dir='ltr'>&#39;servitium</span> <span class='ocrx_word' id='word_1_63' title='bbox 1016 1433 1280 1505; x_wconf 92' lang='lat' dir='ltr'>domini</span> <span class='ocrx_word' id='word_1_64' title='bbox 1309 1432 1747 1526; x_wconf 88' lang='lat' dir='ltr'>imperatoris</span> <span class='ocrx_word' id='word_1_65' title='bbox 1779 1432 1851 1501; x_wconf 93' lang='lat' dir='ltr'>in</span> <span class='ocrx_word' id='word_1_66' title='bbox 1878 1432 2369 1504; x_wconf 89' lang='lat' dir='ltr'>Lumbardiam</span> <span class='ocrx_word' id='word_1_67' title='bbox 2390 1487 2409 1523; x_wconf 96' lang='lat'>,</span> <span class='ocrx_word' id='word_1_68' title='bbox 2451 1442 2522 1504; x_wconf 92' lang='lat' dir='ltr'>et</span> <span class='ocrx_word' id='word_1_69' title='bbox 2560 1432 3003 1504; x_wconf 88' lang='lat' dir='ltr'>medietatem</span> <span class='ocrx_word' id='word_1_70' title='bbox 3044 1436 3353 1508; x_wconf 92' lang='lat' dir='ltr'>omnium</span> 
     </span>
     <span class='ocr_line' id='line_1_9' title="bbox 524 1555 3352 1651; baseline 0.001 -21"><span class='ocrx_word' id='word_1_71' title='bbox 524 1557 925 1630; x_wconf 87' lang='lat' dir='ltr'>reddituum</span> <span class='ocrx_word' id='word_1_72' title='bbox 974 1567 1046 1628; x_wconf 92' lang='lat' dir='ltr'>et</span> <span class='ocrx_word' id='word_1_73' title='bbox 1089 1556 1567 1650; x_wconf 89' lang='lat' dir='ltr'>impositarum</span> <span class='ocrx_word' id='word_1_74' title='bbox 1616 1555 1952 1626; x_wconf 79' lang='lat' dir='ltr'>factarum</span> <span class='ocrx_word' id='word_1_75' title='bbox 1998 1577 2127 1650; x_wconf 92' lang='lat' dir='ltr'>pro</span> <span class='ocrx_word' id='word_1_76' title='bbox 2170 1556 2454 1628; x_wconf 92' lang='lat' dir='ltr'>domino</span> <span class='ocrx_word' id='word_1_77' title='bbox 2497 1557 2913 1651; x_wconf 87' lang='lat' dir='ltr'>imperatore</span> <span class='ocrx_word' id='word_1_78' title='bbox 2958 1559 3161 1631; x_wconf 90' lang='lat' dir='ltr'>dictis</span> <span class='ocrx_word' id='word_1_79' title='bbox 3200 1582 3352 1633; x_wconf 89' lang='lat' dir='ltr'>cas·</span> 
     </span>
     <span class='ocr_line' id='line_1_10' title="bbox 528 1680 3354 1779; baseline 0.001 -26"><span class='ocrx_word' id='word_1_80' title='bbox 528 1683 651 1754; x_wconf 84' lang='lat' dir='ltr'>tris</span> <span class='ocrx_word' id='word_1_81' title='bbox 680 1682 751 1752; x_wconf 93' lang='lat' dir='ltr'>in</span> <span class='ocrx_word' id='word_1_82' title='bbox 785 1682 1129 1778; x_wconf 81' lang='lat' dir='ltr'>futurum,</span> <span class='ocrx_word' id='word_1_83' title='bbox 1172 1680 1625 1775; x_wconf 88' lang='lat' dir='ltr'>protestando</span> <span class='ocrx_word' id='word_1_84' title='bbox 1664 1691 1735 1750; x_wconf 90' lang='lat' dir='ltr'>et</span> <span class='ocrx_word' id='word_1_85' title='bbox 1776 1680 2111 1771; x_wconf 88' lang='lat' dir='ltr'>dicende,</span> <span class='ocrx_word' id='word_1_86' title='bbox 2164 1691 2244 1752; x_wconf 88' lang='lat' dir='ltr'>ut</span> <span class='ocrx_word' id='word_1_87' title='bbox 2291 1681 2695 1776; x_wconf 87' lang='lat' dir='ltr'>capitaneus</span> <span class='ocrx_word' id='word_1_88' title='bbox 2718 1734 2738 1771; x_wconf 96' lang='lat'>,</span> <span class='ocrx_word' id='word_1_89' title='bbox 2778 1681 2971 1775; x_wconf 92' lang='lat' dir='ltr'>quod</span> <span class='ocrx_word' id='word_1_90' title='bbox 3011 1704 3153 1754; x_wconf 94' lang='lat' dir='ltr'>non</span> <span class='ocrx_word' id='word_1_91' title='bbox 3196 1708 3354 1779; x_wconf 92' lang='lat' dir='ltr'>pre·</span> 
     </span>
     <span class='ocr_line' id='line_1_11' title="bbox 521 1803 3356 1900; baseline 0.001 -23"><span class='ocrx_word' id='word_1_92' title='bbox 521 1807 790 1899; x_wconf 87' lang='lat' dir='ltr'>judicet</span> <span class='ocrx_word' id='word_1_93' title='bbox 833 1805 1118 1878; x_wconf 91' lang='lat' dir='ltr'>domino</span> <span class='ocrx_word' id='word_1_94' title='bbox 1163 1803 1567 1898; x_wconf 90' lang='lat' dir='ltr'>imperatori</span> <span class='ocrx_word' id='word_1_95' title='bbox 1608 1814 1848 1874; x_wconf 92' lang='lat' dir='ltr'>nostro</span> <span class='ocrx_word' id='word_1_96' title='bbox 1889 1825 2022 1875; x_wconf 92' lang='lat' dir='ltr'>nec</span> <span class='ocrx_word' id='word_1_97' title='bbox 2058 1804 2199 1895; x_wconf 89' lang='lat' dir='ltr'>juri</span> <span class='ocrx_word' id='word_1_98' title='bbox 2244 1826 2371 1876; x_wconf 91' lang='lat' dir='ltr'>suo</span> <span class='ocrx_word' id='word_1_99' title='bbox 2421 1815 2704 1900; x_wconf 90' lang='lat' dir='ltr'>propter</span> <span class='ocrx_word' id='word_1_100' title='bbox 2749 1806 2880 1877; x_wconf 91' lang='lat' dir='ltr'>hec</span> <span class='ocrx_word' id='word_1_101' title='bbox 2917 1809 3138 1879; x_wconf 88' lang='lat' dir='ltr'>verba</span> <span class='ocrx_word' id='word_1_102' title='bbox 3177 1810 3356 1882; x_wconf 93' lang='lat' dir='ltr'>ullo-</span> 
     </span>
     <span class='ocr_line' id='line_1_12' title="bbox 526 1926 3359 2022; baseline 0.001 -22"><span class='ocrx_word' id='word_1_103' title='bbox 526 1929 767 2021; x_wconf 90' lang='lat' dir='ltr'>modo,</span> <span class='ocrx_word' id='word_1_104' title='bbox 806 1938 876 2000; x_wconf 93' lang='lat' dir='ltr'>et</span> <span class='ocrx_word' id='word_1_105' title='bbox 901 1926 1354 2022; x_wconf 85' lang='lat' dir='ltr'>protestando</span> <span class='ocrx_word' id='word_1_106' title='bbox 1401 1935 1472 1997; x_wconf 93' lang='lat' dir='ltr'>et</span> <span class='ocrx_word' id='word_1_107' title='bbox 1504 1926 1830 2015; x_wconf 87' lang='lat' dir='ltr'>dicende,</span> <span class='ocrx_word' id='word_1_108' title='bbox 1878 1935 1959 1996; x_wconf 92' lang='lat' dir='ltr'>ut</span> <span class='ocrx_word' id='word_1_109' title='bbox 1989 1935 2296 2019; x_wconf 87' lang='lat' dir='ltr'>potestas</span> <span class='ocrx_word' id='word_1_110' title='bbox 2341 1927 2695 2018; x_wconf 79' lang='lat' dir='ltr'>SenensiS,</span> <span class='ocrx_word' id='word_1_111' title='bbox 2733 1929 2924 2020; x_wconf 90' lang='lat' dir='ltr'>quod</span> <span class='ocrx_word' id='word_1_112' title='bbox 2970 1929 3101 2001; x_wconf 92' lang='lat' dir='ltr'>hec</span> <span class='ocrx_word' id='word_1_113' title='bbox 3144 1934 3359 2003; x_wconf 88' lang='lat' dir='ltr'>verba</span> 
     </span>
     <span class='ocr_line' id='line_1_13' title="bbox 527 2049 2540 2147; baseline -0.002 -22"><span class='ocrx_word' id='word_1_114' title='bbox 527 2075 671 2125; x_wconf 92' lang='lat' dir='ltr'>non</span> <span class='ocrx_word' id='word_1_115' title='bbox 700 2050 1141 2147; x_wconf 90' lang='lat' dir='ltr'>prejudicent</span> <span class='ocrx_word' id='word_1_116' title='bbox 1179 2050 1458 2121; x_wconf 90' lang='lat' dir='ltr'>comuni</span> <span class='ocrx_word' id='word_1_117' title='bbox 1493 2049 1779 2120; x_wconf 90' lang='lat' dir='ltr'>Senensi</span> <span class='ocrx_word' id='word_1_118' title='bbox 1808 2049 2124 2119; x_wconf 91' lang='lat' dir='ltr'>similiter</span> <span class='ocrx_word' id='word_1_119' title='bbox 2156 2050 2540 2122; x_wconf 90' lang='lat' dir='ltr'>ullomodo.</span> 
     </span>
    </p>

    <p class='ocr_par' dir='ltr' id='par_1_3' title="bbox 533 2153 3361 2392">
     <span class='ocr_line' id='line_1_14' title="bbox 628 2153 3361 2266; baseline -0 -17"><span class='ocrx_word' id='word_1_120' title='bbox 628 2153 884 2249; x_wconf 78' lang='lat' dir='ltr'>Actum&#39;</span> <span class='ocrx_word' id='word_1_121' title='bbox 912 2174 1136 2266; x_wconf 81' lang='lat' dir='ltr'>Senis,</span> <span class='ocrx_word' id='word_1_122' title='bbox 1171 2196 1406 2246; x_wconf 79' lang='lat' dir='ltr'>coram</span> <span class='ocrx_word' id='word_1_123' title='bbox 1440 2173 1723 2244; x_wconf 79' lang='lat' dir='ltr'>domino</span> <span class='ocrx_word' id='word_1_124' title='bbox 1749 2173 2076 2245; x_wconf 82' lang='lat' dir='ltr'>Gratiano</span> <span class='ocrx_word' id='word_1_125' title='bbox 2101 2174 2365 2265; x_wconf 72' lang='lat' dir='ltr'>jndice,</span> <span class='ocrx_word' id='word_1_126' title='bbox 2404 2174 2723 2245; x_wconf 83' lang='lat' dir='ltr'>Tinaccio</span> <span class='ocrx_word' id='word_1_127' title='bbox 2752 2174 3142 2264; x_wconf 66' lang='lat' dir='ltr'>emnerii,</span> <span class='ocrx_word' id='word_1_128' title='bbox 3181 2177 3361 2249; x_wconf 78' lang='lat' dir='ltr'>Tho-</span> 
     </span>
     <span class='ocr_line' id='line_1_15' title="bbox 533 2295 2771 2392; baseline -0.002 -19"><span class='ocrx_word' id='word_1_129' title='bbox 533 2301 751 2373; x_wconf 90' lang='lat' dir='ltr'>masio</span> <span class='ocrx_word' id='word_1_130' title='bbox 783 2300 1057 2392; x_wconf 87' lang='lat' dir='ltr'>judice,</span> <span class='ocrx_word' id='word_1_131' title='bbox 1096 2308 1167 2369; x_wconf 93' lang='lat' dir='ltr'>et</span> <span class='ocrx_word' id='word_1_132' title='bbox 1197 2295 1586 2369; x_wconf 85' lang='lat' dir='ltr'>Bonfilliolo</span> <span class='ocrx_word' id='word_1_133' title='bbox 1629 2296 1938 2385; x_wconf 87' lang='lat' dir='ltr'>notarie,</span> <span class='ocrx_word' id='word_1_134' title='bbox 1975 2298 2415 2391; x_wconf 81' lang='lat' dir='ltr'>presentibus</span> <span class='ocrx_word' id='word_1_135' title='bbox 2458 2298 2771 2369; x_wconf 88' lang='lat' dir='ltr'>testibus.</span> 
     </span>
    </p>

    <p class='ocr_par' dir='ltr' id='par_1_4' title="bbox 539 2420 3364 2641">
     <span class='ocr_line' id='line_1_16' title="bbox 627 2420 3364 2517; baseline -0.001 -19"><span class='ocrx_word' id='word_1_136' title='bbox 627 2428 772 2517; x_wconf 81' lang='lat' dir='ltr'>Ego</span> <span class='ocrx_word' id='word_1_137' title='bbox 802 2423 1151 2495; x_wconf 76' lang='lat' dir='ltr'>lohannes</span> <span class='ocrx_word' id='word_1_138' title='bbox 1178 2420 1533 2515; x_wconf 90' lang='lat' dir='ltr'>quondam</span> <span class='ocrx_word' id='word_1_139' title='bbox 1567 2420 2001 2512; x_wconf 83' lang='lat' dir='ltr'>Petrignonis</span> <span class='ocrx_word' id='word_1_140' title='bbox 2022 2421 2250 2512; x_wconf 79' lang='lat' dir='ltr'>judex</span> <span class='ocrx_word' id='word_1_141' title='bbox 2278 2430 2350 2492; x_wconf 89' lang='lat' dir='ltr'>et</span> <span class='ocrx_word' id='word_1_142' title='bbox 2377 2421 2688 2493; x_wconf 89' lang='lat' dir='ltr'>notarius</span> <span class='ocrx_word' id='word_1_143' title='bbox 2726 2421 3057 2516; x_wconf 83' lang='lat' dir='ltr'>predictis</span> <span class='ocrx_word' id='word_1_144' title='bbox 3084 2423 3364 2495; x_wconf 81' lang='lat' dir='ltr'>interfui</span> 
     </span>
     <span class='ocr_line' id='line_1_17' title="bbox 539 2543 1822 2641; baseline -0.007 -18"><span class='ocrx_word' id='word_1_145' title='bbox 539 2561 609 2622; x_wconf 88' lang='lat' dir='ltr'>et</span> <span class='ocrx_word' id='word_1_146' title='bbox 639 2571 721 2621; x_wconf 92' lang='lat' dir='ltr'>ea</span> <span class='ocrx_word' id='word_1_147' title='bbox 756 2557 1038 2641; x_wconf 82' lang='lat' dir='ltr'>rogatus</span> <span class='ocrx_word' id='word_1_148' title='bbox 1068 2544 1314 2641; x_wconf 91' lang='lat' dir='ltr'>scripsi</span> <span class='ocrx_word' id='word_1_149' title='bbox 1346 2555 1417 2616; x_wconf 94' lang='lat' dir='ltr'>et</span> <span class='ocrx_word' id='word_1_150' title='bbox 1448 2543 1822 2640; x_wconf 89' lang='lat' dir='ltr'>publicavi.</span> 
     </span>
    </p>
   </div>
   <div class='ocr_carea' id='block_1_3' title="bbox 544 3095 3374 3600">
    <p class='ocr_par' dir='ltr' id='par_1_5' title="bbox 544 3095 3374 3600">
     <span class='ocr_line' id='line_1_18' title="bbox 650 3095 3368 3203; baseline 0.001 -24"><span class='ocrx_word' id='word_1_151' title='bbox 650 3097 1115 3199; x_wconf 88' lang='lat' dir='ltr'>Fridericus,</span> <span class='ocrx_word' id='word_1_152' title='bbox 1154 3095 1677 3178; x_wconf 89' lang='lat' dir='ltr'>Romanorum</span> <span class='ocrx_word' id='word_1_153' title='bbox 1724 3095 2167 3203; x_wconf 83' lang='lat' dir='ltr'>imperator,</span> <span class='ocrx_word' id='word_1_154' title='bbox 2206 3120 2349 3203; x_wconf 89' lang='lat' dir='ltr'>pro</span> <span class='ocrx_word' id='word_1_155' title='bbox 2385 3095 2636 3176; x_wconf 87' lang='lat' dir='ltr'>clarae</span> <span class='ocrx_word' id='word_1_156' title='bbox 2673 3096 3091 3178; x_wconf 84' lang='lat' dir='ltr'>devotionis</span> <span class='ocrx_word' id='word_1_157' title='bbox 3127 3098 3368 3181; x_wconf 91' lang='lat' dir='ltr'>obse-</span> 
     </span>
     <span class='ocr_line' id='line_1_19' title="bbox 544 3226 3372 3338; baseline 0.001 -28"><span class='ocrx_word' id='word_1_158' title='bbox 544 3228 730 3338; x_wconf 90' lang='lat' dir='ltr'>quio</span> <span class='ocrx_word' id='word_1_159' title='bbox 783 3227 1186 3310; x_wconf 91' lang='lat' dir='ltr'>hominum</span> <span class='ocrx_word' id='word_1_160' title='bbox 1234 3228 1330 3308; x_wconf 93' lang='lat' dir='ltr'>de</span> <span class='ocrx_word' id='word_1_161' title='bbox 1378 3226 1771 3336; x_wconf 86' lang='lat' dir='ltr'>Eugubio,</span> <span class='ocrx_word' id='word_1_162' title='bbox 1831 3227 1939 3309; x_wconf 92' lang='lat' dir='ltr'>eis</span> <span class='ocrx_word' id='word_1_163' title='bbox 1995 3237 2334 3309; x_wconf 87' lang='lat' dir='ltr'>castrum</span> <span class='ocrx_word' id='word_1_164' title='bbox 2388 3228 2737 3310; x_wconf 87' lang='lat' dir='ltr'>Cantiani</span> <span class='ocrx_word' id='word_1_165' title='bbox 2793 3237 2867 3309; x_wconf 88' lang='lat' dir='ltr'>et</span> <span class='ocrx_word' id='word_1_166' title='bbox 2922 3229 3372 3315; x_wconf 87' lang='lat' dir='ltr'>Costaeciari</span> 
     </span>
     <span class='ocr_line' id='line_1_20' title="bbox 544 3358 3374 3472; baseline 0.001 -28"><span class='ocrx_word' id='word_1_167' title='bbox 544 3386 723 3444; x_wconf 89' lang='lat' dir='ltr'>cum</span> <span class='ocrx_word' id='word_1_168' title='bbox 784 3358 1255 3469; x_wconf 84' lang='lat' dir='ltr'>pertinentiis</span> <span class='ocrx_word' id='word_1_169' title='bbox 1319 3358 1478 3440; x_wconf 89' lang='lat' dir='ltr'>suis</span> <span class='ocrx_word' id='word_1_170' title='bbox 1530 3358 1877 3440; x_wconf 87' lang='lat' dir='ltr'>concedit</span> <span class='ocrx_word' id='word_1_171' title='bbox 1898 3420 1921 3465; x_wconf 96' lang='lat'>,</span> <span class='ocrx_word' id='word_1_172' title='bbox 1989 3359 2248 3442; x_wconf 89' lang='lat' dir='ltr'>dando</span> <span class='ocrx_word' id='word_1_173' title='bbox 2309 3359 2418 3442; x_wconf 90' lang='lat' dir='ltr'>eis</span> <span class='ocrx_word' id='word_1_174' title='bbox 2479 3360 2859 3443; x_wconf 89' lang='lat' dir='ltr'>licentiam</span> <span class='ocrx_word' id='word_1_175' title='bbox 2910 3372 3159 3444; x_wconf 85' lang='lat' dir='ltr'>castro</span> <span class='ocrx_word' id='word_1_176' title='bbox 3207 3363 3374 3472; x_wconf 89' lang='lat' dir='ltr'>ipso</span> 
     </span>
     <span class='ocr_line' id='line_1_21' title="bbox 547 3491 2274 3600; baseline -0.002 -23"><span class='ocrx_word' id='word_1_177' title='bbox 547 3494 808 3577; x_wconf 89' lang='lat' dir='ltr'>utendi</span> <span class='ocrx_word' id='word_1_178' title='bbox 844 3503 1004 3575; x_wconf 90' lang='lat' dir='ltr'>tam</span> <span class='ocrx_word' id='word_1_179' title='bbox 1040 3493 1121 3572; x_wconf 91' lang='lat' dir='ltr'>in</span> <span class='ocrx_word' id='word_1_180' title='bbox 1157 3491 1369 3573; x_wconf 87' lang='lat' dir='ltr'>curia</span> <span class='ocrx_word' id='word_1_181' title='bbox 1405 3516 1642 3600; x_wconf 88' lang='lat' dir='ltr'>quam</span> <span class='ocrx_word' id='word_1_182' title='bbox 1686 3491 1766 3571; x_wconf 91' lang='lat' dir='ltr'>in</span> <span class='ocrx_word' id='word_1_183' title='bbox 1804 3492 2274 3574; x_wconf 79' lang='lat' dir='ltr'>hominibuS.</span> 
     </span>
    </p>
   </div>
   <div class='ocr_carea' id='block_1_4' title="bbox 710 3704 3372 3789">
    <p class='ocr_par' dir='ltr' id='par_1_6' title="bbox 710 3704 3372 3789">
     <span class='ocr_line' id='line_1_22' title="bbox 710 3704 3372 3789; baseline -0 -18"><span class='ocrx_word' id='word_1_184' title='bbox 710 3710 915 3787; x_wconf 85' lang='lat' dir='ltr'>(Edid.</span> <span class='ocrx_word' id='word_1_185' title='bbox 941 3708 1248 3786; x_wconf 70' lang='lat' dir='ltr'>Uennux,</span> <span class='ocrx_word' id='word_1_186' title='bbox 1279 3704 1417 3767; x_wconf 87' lang='lat' dir='ltr'>Ital.</span> <span class='ocrx_word' id='word_1_187' title='bbox 1453 3723 1643 3785; x_wconf 77' lang='lat' dir='ltr'>sacra,</span> <span class='ocrx_word' id='word_1_188' title='bbox 1673 3714 1721 3768; x_wconf 85' lang='lat' dir='ltr'>t.</span> <span class='ocrx_word' id='word_1_189' title='bbox 1744 3707 1799 3786; x_wconf 96' lang='lat' dir='ltr'>I,</span> <span class='ocrx_word' id='word_1_190' title='bbox 1827 3724 1884 3785; x_wconf 85' lang='lat' dir='ltr'>p.</span> <span class='ocrx_word' id='word_1_191' title='bbox 1919 3715 2069 3779; x_wconf 75' lang='lat'>6463</span> <span class='ocrx_word' id='word_1_192' title='bbox 2099 3708 2262 3768; x_wconf 89' lang='lat' dir='ltr'>unde</span> <span class='ocrx_word' id='word_1_193' title='bbox 2288 3708 2533 3768; x_wconf 86' lang='lat' dir='ltr'>mendas</span> <span class='ocrx_word' id='word_1_194' title='bbox 2558 3707 2947 3768; x_wconf 82' lang='lat' dir='ltr'>evidentiores</span> <span class='ocrx_word' id='word_1_195' title='bbox 2973 3709 3372 3789; x_wconf 85' lang='lat' dir='ltr'>detersimus.)</span> 
     </span>
    </p>
   </div>
   <div class='ocr_carea' id='block_1_5' title="bbox 550 3882 3383 4737">
    <p class='ocr_par' dir='ltr' id='par_1_7' title="bbox 550 3882 3383 4737">
     <span class='ocr_line' id='line_1_23' title="bbox 642 3882 3373 3990; baseline 0 -22"><span class='ocrx_word' id='word_1_196' title='bbox 642 3897 1013 3969; x_wconf 87' lang='lat' dir='ltr'>Federicus</span> <span class='ocrx_word' id='word_1_197' title='bbox 1043 3894 1428 3987; x_wconf 91' lang='lat' dir='ltr'>secundus,</span> <span class='ocrx_word' id='word_1_198' title='bbox 1459 3893 1584 3966; x_wconf 91' lang='lat' dir='ltr'>Dei</span> <span class='ocrx_word' id='word_1_199' title='bbox 1619 3894 1842 3987; x_wconf 80' lang='lat' dir='ltr'>gratia</span> <span class='ocrx_word' id='word_1_200' title='bbox 1881 3882 2352 3968; x_wconf 88' lang='lat' dir='ltr'>Romanorum</span> <span class='ocrx_word' id='word_1_201' title='bbox 2385 3895 2761 3990; x_wconf 90' lang='lat' dir='ltr'>imperator</span> <span class='ocrx_word' id='word_1_202' title='bbox 2804 3915 3081 3989; x_wconf 88' lang='lat' dir='ltr'>semper</span> <span class='ocrx_word' id='word_1_203' title='bbox 3118 3916 3373 3989; x_wconf 83' lang='lat' dir='ltr'>augus·</span> 
     </span>
     <span class='ocr_line' id='line_1_24' title="bbox 550 4014 3373 4111; baseline 0 -20"><span class='ocrx_word' id='word_1_204' title='bbox 550 4029 696 4111; x_wconf 88' lang='lat' dir='ltr'>tus,</span> <span class='ocrx_word' id='word_1_205' title='bbox 743 4020 1169 4091; x_wconf 86' lang='lat' dir='ltr'>Hierusalem</span> <span class='ocrx_word' id='word_1_206' title='bbox 1216 4028 1287 4090; x_wconf 90' lang='lat' dir='ltr'>et</span> <span class='ocrx_word' id='word_1_207' title='bbox 1329 4018 1558 4089; x_wconf 92' lang='lat' dir='ltr'>Sicilie</span> <span class='ocrx_word' id='word_1_208' title='bbox 1600 4038 1754 4089; x_wconf 72' lang='lat' dir='ltr'>reX.</span> <span class='ocrx_word' id='word_1_209' title='bbox 1792 4017 1926 4088; x_wconf 91' lang='lat' dir='ltr'>Pro</span> <span class='ocrx_word' id='word_1_210' title='bbox 1969 4014 2132 4089; x_wconf 87' lang='lat' dir='ltr'>fidei</span> <span class='ocrx_word' id='word_1_211' title='bbox 2184 4017 2445 4089; x_wconf 86' lang='lat' dir='ltr'>meritis</span> <span class='ocrx_word' id='word_1_212' title='bbox 2488 4028 2558 4089; x_wconf 90' lang='lat' dir='ltr'>et</span> <span class='ocrx_word' id='word_1_213' title='bbox 2604 4016 3040 4088; x_wconf 88' lang='lat' dir='ltr'>servitiorum</span> <span class='ocrx_word' id='word_1_214' title='bbox 3082 4020 3373 4111; x_wconf 83' lang='lat' dir='ltr'>gratitu-</span> 
     </span>
     <span class='ocr_line' id='line_1_25' title="bbox 550 4140 3376 4238; baseline 0.001 -24"><span class='ocrx_word' id='word_1_215' title='bbox 550 4142 715 4215; x_wconf 89' lang='lat' dir='ltr'>dine</span> <span class='ocrx_word' id='word_1_216' title='bbox 753 4164 891 4238; x_wconf 88' lang='lat' dir='ltr'>que</span> <span class='ocrx_word' id='word_1_217' title='bbox 939 4144 1202 4237; x_wconf 79' lang='lat' dir='ltr'>jugiter</span> <span class='ocrx_word' id='word_1_218' title='bbox 1260 4142 1331 4212; x_wconf 93' lang='lat' dir='ltr'>in</span> <span class='ocrx_word' id='word_1_219' title='bbox 1392 4141 1646 4212; x_wconf 91' lang='lat' dir='ltr'>nostris</span> <span class='ocrx_word' id='word_1_220' title='bbox 1700 4140 1996 4212; x_wconf 88' lang='lat' dir='ltr'>subditis</span> <span class='ocrx_word' id='word_1_221' title='bbox 2049 4141 2476 4236; x_wconf 84' lang='lat' dir='ltr'>experimur,</span> <span class='ocrx_word' id='word_1_222' title='bbox 2528 4141 3017 4211; x_wconf 84' lang='lat' dir='ltr'>excellentiam</span> <span class='ocrx_word' id='word_1_223' title='bbox 3068 4153 3376 4216; x_wconf 90' lang='lat' dir='ltr'>nostram</span> 
     </span>
     <span class='ocr_line' id='line_1_26' title="bbox 552 4264 3381 4362; baseline 0 -21"><span class='ocrx_word' id='word_1_224' title='bbox 552 4266 756 4341; x_wconf 86' lang='lat' dir='ltr'>decet</span> <span class='ocrx_word' id='word_1_225' title='bbox 789 4268 1317 4341; x_wconf 69' lang='lat' dir='ltr'>commoditates</span> <span class='ocrx_word' id='word_1_226' title='bbox 1359 4267 1669 4361; x_wconf 93' lang='lat' dir='ltr'>ipsorum</span> <span class='ocrx_word' id='word_1_227' title='bbox 1719 4265 2088 4358; x_wconf 84' lang='lat' dir='ltr'>diligenter</span> <span class='ocrx_word' id='word_1_228' title='bbox 2127 4264 2488 4336; x_wconf 88' lang='lat' dir='ltr'>attendere</span> <span class='ocrx_word' id='word_1_229' title='bbox 2523 4275 2595 4336; x_wconf 88' lang='lat' dir='ltr'>et</span> <span class='ocrx_word' id='word_1_230' title='bbox 2633 4273 2881 4336; x_wconf 79' lang='lat' dir='ltr'>cuncta</span> <span class='ocrx_word' id='word_1_231' title='bbox 2925 4287 3063 4359; x_wconf 87' lang='lat' dir='ltr'>que</span> <span class='ocrx_word' id='word_1_232' title='bbox 3113 4268 3381 4362; x_wconf 92' lang='lat' dir='ltr'>possint</span> 
     </span>
     <span class='ocr_line' id='line_1_27' title="bbox 555 4388 3381 4485; baseline -0.001 -20"><span class='ocrx_word' id='word_1_233' title='bbox 555 4393 656 4465; x_wconf 87' lang='lat' dir='ltr'>eis</span> <span class='ocrx_word' id='word_1_234' title='bbox 697 4401 768 4464; x_wconf 93' lang='lat' dir='ltr'>et</span> <span class='ocrx_word' id='word_1_235' title='bbox 806 4393 1109 4464; x_wconf 86' lang='lat' dir='ltr'>debeant</span> <span class='ocrx_word' id='word_1_236' title='bbox 1151 4401 1348 4485; x_wconf 81' lang='lat' dir='ltr'>grata</span> <span class='ocrx_word' id='word_1_237' title='bbox 1389 4390 1802 4481; x_wconf 84' lang='lat' dir='ltr'>consistere,</span> <span class='ocrx_word' id='word_1_238' title='bbox 1850 4388 2323 4461; x_wconf 86' lang='lat' dir='ltr'>favorabiliter</span> <span class='ocrx_word' id='word_1_239' title='bbox 2365 4396 2435 4460; x_wconf 88' lang='lat' dir='ltr'>et</span> <span class='ocrx_word' id='word_1_240' title='bbox 2480 4388 2772 4460; x_wconf 88' lang='lat' dir='ltr'>sollicite</span> <span class='ocrx_word' id='word_1_241' title='bbox 2813 4390 3204 4483; x_wconf 89' lang='lat' dir='ltr'>providere.</span> <span class='ocrx_word' id='word_1_242' title='bbox 3252 4393 3381 4463; x_wconf 87' lang='lat' dir='ltr'>Per</span> 
     </span>
     <span class='ocr_line' id='line_1_28' title="bbox 551 4511 3383 4612; baseline 0 -24"><span class='ocrx_word' id='word_1_243' title='bbox 551 4537 841 4612; x_wconf 87' lang='lat' dir='ltr'>presens</span> <span class='ocrx_word' id='word_1_244' title='bbox 880 4516 1091 4608; x_wconf 79' lang='lat' dir='ltr'>igitur</span> <span class='ocrx_word' id='word_1_245' title='bbox 1127 4514 1461 4611; x_wconf 86' lang='lat' dir='ltr'>scriptum</span> <span class='ocrx_word' id='word_1_246' title='bbox 1504 4523 1749 4586; x_wconf 90' lang='lat' dir='ltr'>notum</span> <span class='ocrx_word' id='word_1_247' title='bbox 1790 4511 1939 4583; x_wconf 91' lang='lat' dir='ltr'>fieri</span> <span class='ocrx_word' id='word_1_248' title='bbox 1985 4512 2310 4584; x_wconf 88' lang='lat' dir='ltr'>volumus</span> <span class='ocrx_word' id='word_1_249' title='bbox 2354 4512 2695 4584; x_wconf 92' lang='lat' dir='ltr'>universis</span> <span class='ocrx_word' id='word_1_250' title='bbox 2740 4514 3011 4610; x_wconf 89' lang='lat' dir='ltr'>imperii</span> <span class='ocrx_word' id='word_1_251' title='bbox 3060 4514 3383 4588; x_wconf 89' lang='lat' dir='ltr'>fidelibus</span> 
     </span>
     <span class='ocr_line' id='line_1_29' title="bbox 553 4635 3382 4737; baseline -0.001 -24"><span class='ocrx_word' id='word_1_252' title='bbox 553 4650 695 4714; x_wconf 87' lang='lat' dir='ltr'>tam</span> <span class='ocrx_word' id='word_1_253' title='bbox 742 4641 1184 4737; x_wconf 88' lang='lat' dir='ltr'>presentibus</span> <span class='ocrx_word' id='word_1_254' title='bbox 1225 4661 1437 4736; x_wconf 82' lang='lat' dir='ltr'>quam</span> <span class='ocrx_word' id='word_1_255' title='bbox 1474 4638 1724 4710; x_wconf 79' lang='lat' dir='ltr'>futuris</span> <span class='ocrx_word' id='word_1_256' title='bbox 1755 4636 1948 4732; x_wconf 90' lang='lat' dir='ltr'>quod</span> <span class='ocrx_word' id='word_1_257' title='bbox 1984 4658 2110 4709; x_wconf 91' lang='lat' dir='ltr'>nos</span> <span class='ocrx_word' id='word_1_258' title='bbox 2141 4637 2583 4727; x_wconf 85' lang='lat' dir='ltr'>attendentes</span> <span class='ocrx_word' id='word_1_259' title='bbox 2618 4635 2829 4711; x_wconf 84' lang='lat' dir='ltr'>fidem</span> <span class='ocrx_word' id='word_1_260' title='bbox 2866 4661 3112 4734; x_wconf 91' lang='lat' dir='ltr'>puram</span> <span class='ocrx_word' id='word_1_261' title='bbox 3150 4649 3222 4711; x_wconf 86' lang='lat' dir='ltr'>et</span> <span class='ocrx_word' id='word_1_262' title='bbox 3256 4639 3382 4712; x_wconf 89' lang='lat' dir='ltr'>de-</span> 
     </span>
    </p>
   </div>
   <div class='ocr_carea' id='block_1_6' title="bbox 3510 3124 3705 3188">
    <p class='ocr_par' dir='ltr' id='par_1_8' title="bbox 3510 3124 3705 3188">
     <span class='ocr_line' id='line_1_30' title="bbox 3510 3124 3705 3188; baseline 0 -23"><span class='ocrx_word' id='word_1_263' title='bbox 3510 3124 3676 3188; x_wconf 64' lang='lat' dir='ltr'>spelptl</span> <span class='ocrx_word' id='word_1_264' title='bbox 3689 3155 3705 3177; x_wconf 81' lang='grc'><strong>,</strong></span> 
     </span>
    </p>
   </div>
  </div>
 </body>
</html>
