4364 5738
1023 586 1152 649 sss
2020 585 2449 647 rainnmcr
2498 584 2848 649 saeuum
3456 584 3627 662 [Aa.
3661 585 3831 646 1245.

1023 742 1243 814 regno
1287 721 1455 794 viris
1487 718 1968 794 ecclesiasticis
1998 739 2082 790 ac
2127 718 2339 790 rebus
2383 740 2626 791 eorum
2650 719 3042 814 imponeret
3069 716 3270 789 talias
3314 717 3430 789 vel
3476 718 3836 807 collectae,

1025 845 1356 937 quodque
1397 844 1633 915 nullus
1676 842 1971 914 clericus
2011 840 2271 912 ibidem
2325 842 2441 914 vel
2484 863 2781 938 persona
2831 840 3292 914 ecclesiastica
3345 839 3434 912 de
3494 849 3727 914 cetero
3768 841 3836 912 in

1026 968 1212 1039 civili
1240 969 1352 1040 vel
1393 966 1733 1041 criminali
1764 985 1972 1036 causa
2004 964 2496 1036 conveniretur
2529 985 2764 1038 coram
2802 964 3042 1058 judice
3072 962 3408 1053 seculari,
3459 963 3600 1034 nisi
3636 985 3844 1059 super

1027 1090 1249 1163 feodis
1293 1090 1564 1184 questio
1608 1088 1902 1161 civiliter
1952 1086 2351 1179 baberetur,
2401 1109 2484 1160 ac
2518 1087 2924 1184 Templariis
2963 1096 3034 1158 et
3071 1085 3546 1182 Hospitalariis
3579 1097 3656 1158 et
3692 1087 3844 1160 aliis

1027 1213 1344 1308 personis
1380 1211 1861 1285 ecclesiasticis
1893 1210 1986 1282 de
2020 1210 2342 1305 dampnis
2370 1222 2443 1282 et
2472 1210 2740 1303 injuriis
2772 1209 3090 1302 irrogatis
3127 1209 3388 1281 eisdem
3421 1210 3840 1281 satisfaceret

1027 1345 1536 1431 competenter;
1595 1334 1743 1429 ipse
1790 1332 2194 1404 mandatum
2236 1332 2636 1425 hujusmodi
2684 1333 3067 1428 adimplere
3115 1332 3553 1426 contempsit.
3598 1333 3841 1425 Liquet

1028 1479 1328 1552 namque
1360 1456 1684 1529 undecim
1707 1466 1830 1527 aut
1855 1457 2091 1551 plures
2116 1455 2738 1551 archiepiscopales
2772 1468 2844 1528 et
2868 1456 3123 1527 multas
3150 1455 3580 1551 episcopales
3608 1455 3839 1544 sedes,

1027 1580 1344 1653 abbatias
1380 1600 1659 1673 quoque
1695 1600 1778 1650 ac
1826 1577 1997 1649 alias
2039 1579 2368 1651 ecclesias
2401 1579 2494 1651 ad
2529 1601 2820 1674 presens
2847 1580 2917 1650 in
2955 1600 3176 1673 regno
3207 1600 3458 1651 vacare
3490 1579 3835 1673 predicto,

1030 1724 1285 1797 easque
1331 1711 1745 1797 procurante
1803 1702 1988 1796 ipsc,
2040 1700 2222 1773 sicut
2277 1712 2518 1796 aperte
2563 1713 2789 1797 patet,
2839 1703 3052 1775 fuisse
3115 1702 3380 1773 diutius
3419 1703 3837 1797 prelatorum

1029 1825 1364 1919 regimine
1407 1825 1771 1897 destitutas
1811 1824 1881 1896 in
1918 1845 2130 1917 grave
2176 1825 2480 1920 ipsarum
2525 1825 2985 1920 prejudicium
3034 1834 3106 1896 et
3145 1825 3527 1920 periculum
3576 1826 3831 1896 anima-

1031 1972 1223 2040 rum,
1263 1958 1333 2019 et
1365 1948 1525 2020 licet
1558 1948 1735 2019 forte
1770 1948 1840 2019 in
1883 1947 2229 2040 aliquibus
2268 1948 2582 2041 ejusdem
2620 1949 2818 2041 regni
2860 1947 3167 2019 ecclesiis
3209 1947 3580 2020 electiones
3620 1947 3758 2019 sint
3792 1968 3833 2019 a
3889 1934 3896 1938 ’

1029 2073 1349 2168 capitulis
1390 2072 1773 2160 celebrate,
1816 2070 1980 2166 quia
2017 2080 2248 2143 tamen
2295 2093 2422 2167 per
2475 2071 2591 2143 illa
2637 2070 3366 2164 ejusdem·familiares
3410 2069 3639 2142 clerici
3680 2078 3836 2140 sunt

1030 2194 1260 2284 electi,
1298 2193 1638 2289 probabili
1681 2202 1911 2287 potest
1938 2202 2349 2286 argumento
2381 2194 2702 2265 concludi
2734 2193 2924 2287 quod
2959 2194 3357 2264 facultatem
3393 2212 3536 2263 non
3575 2192 3836 2263 habue-

1030 2325 1194 2389 runt
1224 2317 1514 2422 liberam
1553 2316 1881 2410 eligendi.
1918 2316 2384 2389 Ecclesiamm
2424 2325 2659 2387 autem
2695 2317 2908 2411 ipsius
2939 2317 3135 2410 regni
3174 2338 3316 2388 non
3357 2316 3588 2387 solum
3623 2315 3830 2387 tacul-

1031 2449 1207 2512 tates
1246 2450 1319 2511 et
1357 2440 1541 2511 bona
1579 2440 1743 2510 fecit
1784 2450 1992 2533 prout
2031 2440 2256 2510 voluit
2299 2438 2660 2534 occupari,
2701 2439 2825 2510 sed
2875 2439 3083 2510 etiam
3128 2460 3406 2527 cruces,
3453 2438 3828 2526 thuribula,

1028 2562 1280 2633 calices
1328 2571 1398 2633 et
1436 2562 1609 2633 alios
1663 2583 1904 2633 earum
1949 2580 2184 2632 sacros
2234 2560 2593 2632 thesauros
2640 2571 2711 2632 et
2754 2582 3021 2655 pannos
3066 2562 3326 2634 sericos
3372 2561 3567 2632 velut
3614 2561 3834 2631 cultus

1028 2684 1247 2756 divini
1292 2695 1730 2778 contemptor
1766 2683 2079 2774 aufferri,
2115 2682 2279 2754 licet
2312 2694 2392 2755 ut
2432 2684 2683 2755 dicitur
2726 2684 2894 2779 ipsis
2931 2685 3272 2772 ecclesiis,
3321 2692 3570 2754 exacto
3608 2692 3832 2753 tamen

1026 2809 1215 2905 prius
1251 2830 1378 2904 pro
1419 2809 1519 2879 eis
1560 2819 1750 2881 certo
1776 2808 2050 2903 precio,
2096 2808 2167 2878 in
2213 2817 2405 2902 parte
2450 2809 2706 2881 fuerint
2748 2808 3066 2880 restituti.
3116 2807 3362 2880 Clerici
3387 2806 3645 2902 quippe
3693 2806 3829 2879 col-

924 3001 931 3008 *
1028 2933 1222 3004 lectis
1258 2941 1329 3002 et
1371 2932 1573 3003 talliis
1605 2932 2076 3026 multipliciter
2106 2931 2536 3024 affliguntur,
2571 2952 2702 3003 nec
2743 2932 2970 3003 solum
3005 2930 3371 3004 trabuntur
3411 2931 3502 3002 ad
3531 2930 3828 3022 judicem

1028 3055 1407 3126 secularem
1433 3106 1453 3142 ‚
1490 3053 1613 3124 sed
1649 3065 1729 3123 ut
1762 3054 2091 3124 asseritur
2121 3064 2466 3145 coguntur
2492 3054 2726 3126 subire
2764 3054 3036 3144 duella,
3078 3054 3621 3142 incarcerantur,
3653 3053 3825 3124 occi·

1030 3176 1290 3245 duntur
1340 3185 1411 3245 et
1474 3173 1798 3269 patibulis
1853 3175 2251 3247 cruciantur
2301 3174 2373 3245 in
2422 3176 2897 3248 confusionem
2955 3186 3027 3246 et
3081 3174 3528 3271 obprobrium
3581 3174 3836 3248 ordinis

1029 3297 1387 3369 clericalis,
1436 3295 1723 3367 Prefatis
1773 3307 2005 3368 autem
2055 3298 2460 3392 Templariis
2512 3309 2583 3369 et
2628 3299 3099 3394 Hospitalariis
3144 3309 3218 3369 et
3251 3298 3570 3393 personis
3615 3300 3830 3370 eccle·

1027 3421 1316 3493 siasticis
1363 3442 1504 3492 non
1548 3429 1653 3492 est
1692 3420 1779 3491 de
1823 3419 2143 3515 dampnis
2179 3421 2386 3492 illatis
2428 3420 2685 3492 eisdem
2738 3432 2811 3492 et
2850 3421 3116 3514 injuriis
3165 3421 3612 3494 satisfactum.
3656 3424 3828 3494 Eum

1027 3563 1305 3635 quoque
1330 3553 1598 3615 certum
1631 3554 1734 3614 est
1762 3543 1906 3614 fore
1935 3541 2274 3634 sacrilegii
2302 3553 2746 3637 patratorem.
2778 3545 2953 3616 Nam
2981 3566 3141 3616 cum
3173 3545 3419 3639 prefati
3445 3543 3832 3616 Portuensis

1029 3676 1102 3738 et
1129 3667 1570 3738 Prenestinus
1607 3666 1912 3761 episcopi
1950 3675 2020 3735 et
2051 3686 2263 3758 quam
2298 3666 2533 3760 plures
2567 3666 3012 3737 ecclesiarum
3056 3668 3303 3762 prelati
3329 3677 3400 3739 et
3437 3666 3670 3739 clerici
3696 3677 3828 3738 tam

1028 3791 1330 3883 religiosi
1367 3813 1577 3884 quam
1611 3790 1958 3860 seculares
2000 3789 2091 3860 ad
2124 3787 2592 3882 Apostolicam
2629 3789 2881 3860 Sedem
2921 3812 3050 3885 pro
3090 3791 3516 3862 celebrando
3547 3791 3828 3862 concilio

1030 3915 1219 4007 quod
1263 3916 1411 4008 ipse
1449 3914 1642 4008 prius
1692 3912 1987 4006 petierat
2026 3910 2430 4001 convocari,
2470 3932 2595 4006 per
2628 3934 2819 3983 mare
2869 3914 3228 4004 venirent,
3272 3912 3409 3985 viis
3444 3913 3614 4009 ipsis
3658 3924 3830 3986 terre

1030 4036 1117 4107 de
1154 4036 1481 4107 mandato
1518 4037 1667 4124 ejus
1704 4036 1987 4107 omnino
2032 4033 2410 4129 preclusiS,
2459 4034 2650 4106 idem
2690 4034 3032 4108 destinato
3069 4036 3283 4109 Encio
3319 4036 3464 4108 filio
3505 4058 3636 4110 suo
3678 4058 3830 4108 cum

1032 4157 1469 4230 multitudine
1508 4159 1861 4249 galearum
1905 4168 1976 4228 et
2001 4179 2126 4252 per
2165 4157 2338 4228 alias
2377 4159 2822 4253 quamplures
2868 4160 3076 4251 longe
3120 4170 3326 4232 antea
3366 4160 3550 4233 serio
3587 4180 3829 4255 prepa-

1035 4289 1247 4368 rataS,
1276 4280 1347 4349 in
1387 4280 1697 4374 partibus
1730 4281 1972 4352 Tuscie
2008 4279 2368 4351 maritimis
2399 4280 2662 4353 insidiis
2697 4281 2938 4376 positis
2974 4292 3217 4354 contra
3255 4303 3408 4374 οοε,
3447 4291 3530 4353 ut
3560 4281 3838 4374 gravius

1034 4410 1264 4496 posset
1293 4401 1484 4473 virus
1520 4425 1799 4475 vomere
1842 4413 2419 4499 preconceptum‚
2456 4405 2641 4499 ipsos
2676 4425 2852 4475 ausu
2898 4405 3231 4499 sacrilego
3268 4405 3426 4500 capi
3449 4406 3645 4494 fecit,
3683 4404 3830 4499 qui·

1034 4523 1326 4594 busdam
1367 4525 1789 4618 prelatorum
1835 4526 2141 4622 ipsorum
2192 4537 2261 4599 et
2305 4527 2458 4600 aliis
2507 4527 2582 4598 in
2622 4527 3026 4619 hujusmodi
3059 4527 3378 4622 captione
3428 4528 3833 4617 submersi&

1032 4646 1385 4719 nonnullis
1424 4649 1630 4718 etiam
1671 4648 2101 4745 interemptis
2146 4659 2216 4721 et
2255 4650 2602 4744 aliquibus
2645 4649 2878 4723 hostili
2917 4650 3348 4723 insecutione
3391 4650 3682 4743 fugatis,
3727 4670 3832 4720 re·
