4364 5738
624 632 827 692 lamet.
860 628 952 704 2.]
1523 625 1927 690 HISTORIA
1976 625 2568 690 DIPLOMATICA.
3341 626 3456 690 163

623 766 842 837 salem
873 772 946 835 et
983 759 1214 833 Sicilie
1254 778 1411 831 rex.
1445 760 1794 855 Imperiali
1847 761 2245 836 celsitudini
2280 763 2467 837 cedit
2512 763 2606 836 ad
2641 762 2935 855 gloriam
2965 784 3251 836 suorum
3289 769 3455 834 vota

623 887 936 961 fidelium
965 883 1272 976 benigno
1301 883 1538 956 favore
1578 885 1927 980 respicere
1960 894 2032 958 et
2061 887 2294 979 justas
2330 887 2873 984 supplicationes
2909 887 3217 982 ipsomm
3257 886 3454 959 favo·

627 1012 935 1084 rabiliter
972 1009 1334 1082 exaudire.
1375 1010 1506 1081 Per
1544 1032 1831 1105 presens
1862 1011 2074 1103 igitur
2100 1013 2437 1108 scriptum
2469 1022 2714 1087 notum
2744 1010 2899 1085 fieri
2927 1013 3252 1084 volumus
3294 1011 3452 1082 uni·

624 1135 844 1209 versis
885 1134 1155 1229 imperii
1196 1131 1522 1205 fidelibus
1573 1141 1716 1205 tam
1763 1134 2203 1229 presentibus
2253 1157 2463 1229 quam
2514 1135 2764 1207 futuris
2810 1134 3000 1228 quod
3049 1155 3180 1206 nos
3226 1142 3452 1204 atten-

624 1259 871 1331 dentes
899 1258 1111 1330 fidem
1144 1279 1394 1352 puram
1435 1266 1506 1328 et
1537 1257 1981 1330 devotionem
2024 1259 2368 1332 sinceram
2408 1280 2620 1354 quam
2665 1259 2997 1331 Girardus
3035 1256 3322 1331 Galfridi
3363 1256 3454 1328 de

624 1384 828 1456 Prata
869 1394 941 1456 et
974 1369 1333 1456 consortes
1373 1384 1524 1474 ejus
1572 1380 1817 1454 fideles
1861 1382 2082 1454 nostri
2125 1383 2219 1456 ad
2262 1384 2644 1476 majestatis
2686 1392 2923 1457 nostre
2968 1402 3340 1478 personam
3385 1391 3459 1451 et

623 1528 898 1579 sacrum
942 1506 1310 1602 imperium
1345 1506 1643 1597 habent,
1694 1529 1823 1602 pro
1861 1506 2077 1600 gratis
2111 1528 2393 1602 quoque
2436 1508 2734 1580 servitiis
2780 1529 2918 1601 que
2958 1506 3164 1578 nobis
3206 1515 3279 1577 et
3321 1504 3453 1576 im-

624 1630 821 1727 perio
850 1629 1323 1704 exhibuerunt
1357 1629 1697 1703 hactenus
1740 1628 2042 1703 fideliter
2077 1643 2150 1703 et
2180 1631 2435 1706 devote
2470 1641 2541 1705 et
2579 1653 2721 1728 que
2751 1630 3085 1703 exhibere
3126 1638 3457 1725 poterunt

625 1755 700 1828 in
737 1765 947 1828 antea
979 1754 1281 1847 gratiora
1299 1806 1321 1845 ,
1365 1754 1555 1849 ipsos
1599 1754 1731 1827 sub
1765 1764 2005 1828 nostra
2045 1765 2117 1828 et
2148 1756 2418 1853 imperii
2460 1755 2891 1852 protectione
2936 1776 3021 1827 ac
3051 1753 3455 1828 defensione

625 1879 1015 1976 recepimus
1069 1878 1379 1973 speciali.
1437 1878 1539 1949 De
1588 1877 2132 1951 habundantiori
2191 1880 2401 1952 etiam
2463 1879 2892 1953 celsitudinis
2950 1888 3184 1951 nostre
3233 1878 3456 1972 gratia

625 2002 941 2096 predicto
981 2000 1272 2073 Girardo
1318 2010 1390 2071 et
1436 2000 1874 2072 consortibus
1916 2000 2059 2071 suis
2101 1999 2427 2073 fidelibus
2467 2003 2723 2074 nostris
2771 2011 3074 2074 castrum
3120 2002 3209 2073 de
3253 2003 3454 2072 Prata

628 2134 700 2195 et
743 2135 964 2197 terras
1022 2143 1263 2195 eorum
1325 2132 1397 2193 et
1455 2122 1726 2215 argenti
1770 2121 2046 2196 fodinas
2093 2133 2165 2195 et
2212 2135 2430 2197 terras
2474 2126 2597 2197 ubi
2647 2126 2918 2218 argenti
2968 2125 3205 2198 fodine
3254 2136 3452 2214 sunt,

627 2258 837 2343 prout
877 2270 960 2320 ea
992 2247 1225 2320 omnia
1257 2248 1444 2338 juste
1476 2256 1715 2318 tenere
1757 2256 1829 2318 et
1866 2247 2222 2342 possidere
2255 2260 2669 2340 noscuntur,
2712 2249 3160 2323 concedimus
3192 2259 3264 2321 et
3295 2271 3457 2321 con-

626 2371 984 2445 firmamus
1040 2371 1131 2448 de
1178 2370 1554 2467 imperialis
1602 2370 2038 2466 plenitudine
2086 2373 2482 2466 potestatiS,
2524 2375 2716 2446 salva
2762 2374 2837 2445 in
2875 2373 3199 2445 omnibus
3242 2373 3458 2468 impe·

626 2496 778 2568 riali
796 2495 1088 2589 justitia.
1124 2495 1504 2566 Statuimus
1527 2494 1762 2588 itaque
1796 2504 1867 2567 et
1899 2494 2127 2567 edicto
2160 2496 2468 2590 presenti
2490 2497 2869 2570 sanctimus
2900 2495 3189 2568 firmiter
3225 2496 3456 2589 injun-

626 2630 868 2712 gentes
899 2619 1228 2714 quatinus
1254 2619 1445 2689 nulla
1475 2639 1773 2713 persona
1803 2619 1944 2690 alta
1976 2620 2090 2690 vel
2122 2619 2431 2711 humiliS,
2465 2621 2928 2693 ecclesiastica
2952 2622 3066 2694 vel
3098 2620 3454 2709 seculariS‚

624 2743 1011 2815 antedictos
1046 2742 1291 2814 fideles
1317 2751 1593 2814 nostros
1628 2742 1700 2813 in
1740 2741 1879 2814 fide
1920 2751 1992 2814 et
2025 2742 2401 2816 devotione
2444 2754 2682 2817 nostra
2722 2755 2794 2817 et
2835 2744 3107 2841 imperii
3146 2743 3461 2816 laudabi-

627 2868 786 2940 liter
823 2868 1272 2964 persistentes
1308 2890 1437 2940 con
1449 2877 1550 2938 tra
1591 2867 1934 2963 presentis
1973 2868 2211 2964 scripti
2257 2869 2475 2941 nostri
2518 2879 2831 2943 tenorem
2875 2892 3051 2942 ausu
3093 2869 3460 2942 temerario

629 2992 1016 3085 inquietare
1038 3046 1058 3084 ,
1093 2993 1465 3064 molestare
1499 3014 1624 3064 seu
1665 2992 2076 3088 perturbare
2118 3004 2499 3088 presumat.
2548 2989 2751 3081 Q'uod
2792 2994 2913 3088 qui
2964 2996 3461 3090 presumpserit

632 3115 1177 3207 indignationem
1227 3114 1548 3187 culminis
1608 3116 1826 3188 nostri
1867 3137 1941 3188 se
1986 3101 2263 3189 noverit
2317 3117 2758 3191 incursurum
2827 3128 2898 3190 et
2956 3117 3462 3211 quinquaginta

632 3237 844 3309 libras
901 3236 1051 3309 auri
1107 3238 1352 3333 optimi
1394 3259 1522 3333 pro
1580 3260 1760 3333 pena
1813 3240 2396 3334 compositurum,
2446 3241 2821 3314 medietate
2873 3241 3136 3315 scilicet
3186 3263 3461 3314 camere

632 3371 867 3433 nostre
900 3370 971 3433 et
1002 3361 1269 3454 reliqua
1310 3362 1684 3434 medietate
1715 3363 1936 3458 passis
1980 3363 2301 3456 injuriam
2344 3365 2784 3460 applicanda.
2825 3363 2940 3437 Ad
2977 3365 3187 3459 hujus
3224 3365 3460 3458 itaque

631 3483 1100 3557 concessionis
1139 3493 1210 3557 et
1252 3484 1793 3558 confirmationis
1831 3497 2068 3559 nostre
2106 3488 2511 3560 memoriam
2554 3497 2627 3560 et
2664 3490 2877 3561 robur
2912 3499 3253 3586 perpetuo
3284 3489 3459 3560 vali-·

634 3616 901 3700 turum,
947 3606 1235 3704 presens
1267 3609 1599 3705 scriptum
1635 3608 1786 3681 fieri
1827 3619 1898 3683 et
1928 3610 2154 3702 sigillo
2200 3612 2580 3705 majestatis
2624 3621 2860 3684 nostre
2902 3612 3232 3704 jussimus
3263 3633 3457 3684 com-

632 3733 909 3804 muniri.

727 3856 948 3947 Hujus
985 3855 1087 3926 rei
1122 3864 1333 3927 testes
1365 3865 1529 3928 sunt
1564 3885 1582 3929 ε
1616 3856 2025 3929 Fredericus
2059 3858 2343 3931 illustris
2376 3859 2557 3952 regis
2590 3859 2881 3931 Castelle
2909 3856 3127 3950 filius,
3164 3857 3460 3928 dilectus

634 4001 852 4075 nepos
895 3988 1159 4069 noster,
1203 3980 1582 4053 Pandulfus
1641 3981 1730 4053 de
1773 3981 2169 4055 Fassanella
2218 3984 2395 4055 sacri
2435 3983 2705 4079 imperii
2750 3982 2821 4053 in
2867 3980 3112 4052 Tuscia
3160 3980 3460 4054 vicarius

633 4103 1008 4196 generalis,
1052 4104 1297 4176 Petrus
1321 4104 1410 4176 de
1439 4104 1752 4179 Calabria
1779 4107 2171 4179 marestalle
2202 4118 2435 4179 nostre
2473 4106 2827 4199 magister,
2860 4106 3104 4178 Petrus
3132 4104 3219 4177 de
3243 4105 3461 4177 Vinea

634 4238 706 4298 et
732 4227 1053 4300 Taddeus
1087 4227 1175 4300 de
1208 4228 1460 4301 Suessa
1491 4251 1743 4322 magne
1775 4231 1966 4303 curie
2003 4241 2238 4303 nostre
2272 4231 2573 4324 judices,
2608 4239 2678 4301 et
2708 4229 2831 4311 alii
2856 4231 3328 4325 quamplures.

728 4353 980 4423 Datum
1019 4353 1359 4445 Grosseti,
1406 4375 1591 4427 anno
1633 4355 1980 4427 dominice
2027 4354 2521 4427 incarnationis
2568 4354 2931 4426 millesimo
2981 4355 3456 4427 ducentesimo

633 4474 1165 4569 quadragesimo
1214 4478 1452 4568 tertio,
1510 4501 1750 4552 mense
1805 4478 2170 4569 februarii,
2226 4478 2533 4550 secunde
2587 4478 3017 4572 indictionis,
3072 4480 3462 4575 imperante

634 4597 919 4671 domino
954 4610 1191 4673 nostro
1221 4601 1606 4691 FridericO,
1637 4602 1766 4674 Dei
1798 4601 2021 4694 gratia
2055 4600 2503 4674 invictissimo
2526 4604 3008 4684 ‚Romanorum
3043 4605 3457 4701 imperatore

634 4741 910 4816 semper
952 4734 1273 4815 auguste,
1325 4725 1700 4798 Ierusalem
1734 4734 1806 4797 et
1852 4723 2083 4797 Sicilie
2126 4747 2291 4819 rege
2312 4779 2332 4817 ,
2380 4725 2657 4823 imperii
2705 4728 2855 4821 ejus
2899 4751 3086 4802 anno
3127 4728 3457 4802 vicesimo
