4364 5738
569 610 787 674 lma.
811 610 913 690 5.]
1468 610 1866 673 ins-roam
1904 590 2510 675 mamma-im.
3278 598 3399 662 585

586 745 1051 844 Apostolicam
1069 767 1155 819 ac
1181 745 1646 820 universalem
1672 748 2047 821 Ecclesiam
2070 749 2326 820 arctius
2356 746 2723 837 obligatas,
2742 744 2886 816 Nos
2918 743 3104 814 enim
3134 742 3253 835 qui
3284 762 3399 814 sa·

586 874 802 946 lutem
837 883 1026 945 tuam
1055 872 1446 967 appetimus
1473 882 1546 944 et
1571 875 1985 968 profectum,
2023 874 2080 945 si
2111 884 2178 945 te
2209 871 2463 944 nostris
2494 870 2565 940 in
2596 869 2725 941 hac
2755 878 2950 964 parte
2975 866 3404 962 coaptaveris

585 998 1039 1093 beneplacitis
1072 1007 1143 1070 et
1169 998 1540 1089 mandatis,
1574 998 1665 1069 ab
1689 999 1876 1071 omni
1906 997 2362 1093 promissione
2395 1019 2518 1068 seu
2542 994 2974 1094 'obligatione
3007 990 3405 1086 pecuniaria

583 1143 711 1193 seu
731 1142 1173 1215 quacumque
1195 1122 1329 1193 alia
1354 1123 1621 1216 prefato
1646 1123 2008 1203 Frederico
2026 1122 2138 1194 vel
2167 1123 2316 1213 ejus
2343 1119 2625 1193 nomine
2647 1117 2765 1190 alii
2792 1116 3202 1211 cuicumque
3225 1117 3405 1188 facta

586 1246 947 1319 occasione
976 1247 1401 1342 sponsalium
1426 1247 1897 1342 predictorum
1915 1301 1937 1339 ,
1975 1257 2042 1319 te
2076 1246 2407 1319 duximus
2432 1243 2962 1318 absolvendum.

583 1421 584 1424 η
687 1373 937 1444 Datum
969 1371 1317 1466 Lugduni,
1353 1371 1561 1446 nonis
1589 1372 1781 1465 maii,
1816 1394 2003 1446 anno
2029 1372 2170 1445 ΝΟ.

702 1987 760 2070 F
762 1986 1169 2095 ridericuS,
1239 1985 1758 2070 Romanorum
1818 1987 2268 2096 imperator,
2323 1987 2709 2096 pactiones
2772 2015 2819 2070 a
2881 1989 3265 2072 Gualterio
3318 1992 3414 2074 de

600 2121 799 2206 Ocra
857 2122 1090 2204 electo
1158 2120 1519 2228 Capuano
1574 2131 1676 2203 et⁴
1712 2146 1852 2203 suo
1903 2120 2236 2230 generali
2295 2131 2782 2229 procuratore
2837 2148 3012 2204 cum
3078 2122 3414 2206 Amedeo
3548 2180 3552 2183 <

598 2256 872 2339 comite
934 2254 1359 2338 Sabaudiae
1431 2255 1657 2337 initas
1725 2255 2170 2361 confirmat,
2263 2265 2421 2337 tam
2496 2256 2591 2337 de
2663 2255 3130 2361 restitutione
3188 2258 3411 2340 castri

597 2387 1040 2499 Ripolarum
1080 2415 1315 2498 quam
1357 2388 1452 2471 de
1485 2388 1972 2471 matrimonio
2016 2389 2213 2470 inter
2248 2387 2725 2472 Manfredum
2767 2388 3010 2473 filium
3065 2416 3295 2474 suum
3345 2402 3420 2475 et

453 2623 463 2632 ¹
593 2520 1012 2605 Beatricem
1051 2519 1390 2631 ejusdem
1429 2520 1727 2606 comitis
1762 2520 2000 2603 filiam
2036 2522 2576 2606 contrahendo.

691 2731 704 2742 ’
761 2737 1108 2818 (Memorat.
1155 2753 1255 2815 ap.
1294 2736 1626 2815 Bonum,
1658 2739 1885 2819 Requi.
1926 2738 2160 2817 ἅψεα,
2186 2752 2250 2815 p.
2280 2743 2422 2815 205,
2453 2744 2518 2800 ι·
2556 2745 2735 2819 1129,
2771 2755 2843 2801 ex
2871 2739 3044 2818 eopia
3076 2742 3141 2804 in
3181 2741 3421 2806 archivo

840 2845 1238 2926 Taurinensi.)

701 3037 953 3110 Datum
981 3035 1343 3130 cremone,
1380 3038 1527 3111 VIII
1554 3037 1793 3128 madii,
1830 3038 2071 3131 quinte
2102 3036 2520 3112 indmtionis.

718 3638 1137 3751 Imperator
1199 3651 1453 3725 motus
1509 3666 1555 3723 a
1614 3638 1988 3725 Cremona
2039 3668 2217 3725 cum
2270 3668 2556 3752 magno
2618 3642 2976 3727 thesauro
3040 3654 3114 3727 et
3167 3642 3431 3729 multis

613 3772 984 3859 militibus
1036 3776 1155 3858 die
1213 3774 1697 3863 festoSancti
1741 3774 2062 3887 Syli·(1)
2099 3776 2405 3858 intravit
2440 3775 2793 3886 Papiam,
2855 3787 2931 3859 et
2977 3776 3154 3860 inde
3204 3778 3434 3889 equi-

615 3909 801 3992 tavit
841 3908 1263 3993 Taurinum
1311 3920 1385 3993 et
1427 3936 1603 3993 cum
1647 3909 1921 3992 comite
1968 3908 2393 3992 Sabaudiae
2428 3921 2542 3993 est
2574 3910 2906 4018 locutuS,
2945 3912 3068 3994 cui
3102 3911 3435 4021 plurima

616 4037 820 4125 dona
870 4042 1178 4128 donavit
1216 4040 1371 4155 (2),
1409 4043 1672 4128 volens
1722 4043 1925 4128 ultra
1960 4043 2316 4155 aggredi,
2357 4070 2534 4126 cum
2570 4044 3037 4155 principibus
3080 4056 3156 4128 et
3189 4046 3434 4130 baro-

689 4365 767 4440 (t)
802 4367 1012 4426 Nomen
1029 4368 1282 4427 mutilum
1299 4368 1517 4428 forsitan
1537 4367 1831 4442 'legendum
1849 4373 1935 4427 ost
1962 4365 2162 4426 Sancti
2188 4366 2414 4443 ovs-6115,
2440 4365 2596 4441 cujus
2619 4364 2815 4426 festum
2840 4364 2910 4426 ad
2937 4380 3140 4427 nonum
3173 4367 3259 4426 vel
3290 4366 3440 4427 deci-

619 4479 770 4521 mum
806 4465 950 4522 diem
977 4466 1101 4522 maii
1128 4467 1484 4525 Bollandistae
1509 4471 1795 4541 reponunt.

694 4562 766 4636 (2)
805 4563 949 4621 Inter
971 4579 1111 4637 quae
1137 4567 1487 4641 praecipuum
1517 4564 1616 4623 suit
1645 4572 1880 4623 castrum
1907 4564 2238 4638 nimiarum,
2269 4563 2410 4637 quod
2445 4571 2576 4623 tunc
2606 4563 2865 4640 temporis
2895 4578 2965 4623 ex
2996 4563 3442 4625 conventionibus

616 4664 772 4717 antea
800 4660 947 4717 factis
972 4660 1207 4720 Amsdeo
1230 4661 1521 4738 imperator
1544 4662 1851 4737 resignavit,
1869 4668 1932 4719 ut
1951 4677 2048 4720 nos
2065 4670 2285 4720 monent
2304 4668 2418 4721 tum
2443 4661 2759 4721 Genuenses
2782 4664 3028 4738 annales,
3062 4669 3176 4721 tum
3193 4661 3444 4735 superius

623 4754 842 4816 aliatum
864 4758 1296 4818 instrumentum.

3514 2007 3754 2051 Cremonae
3765 2038 3781 2062 ‚

3559 2064 3587 2104 8
3608 2062 3734 2106 matt.

3579 3659 3764 3713 [Halm]
