4364 5738
557 616 760 680 lsucr.
792 615 886 692 4.]
1458 611 1853 678 HISTORIA
1898 610 2491 678 munumina,
3262 612 3384 679 38¹1

657 748 1079 839 Fridericus,
1119 748 1245 822 Dei
1274 747 1498 841 gratia
1524 749 1996 825 Romanorum
2030 749 2408 843 imperator
2446 768 2724 842 semper
2766 756 3139 840 augustus,
3182 750 3382 824 leru-

558 873 777 949 salem
806 883 879 948 et
907 872 1137 948 Sicilie
1169 893 1326 962 rex,
1359 870 1646 967 prelatis
1674 872 2155 962 ecclesiarum,
2182 869 2727 960 marchionibus,
2766 869 3158 963 comitibus,
3190 874 3382 968 capi-

559 997 806 1088 taneis,
842 996 1332 1072 vavassoribus
1348 1047 1369 1086 ,
1404 996 1865 1090 potestatibus
1880 1048 1905 1086 ,
1939 995 2280 1086 consiliis,
2313 994 2699 1070 rectoribus
2713 1046 2734 1085 ,
2768 996 3382 1071 communitatibus

558 1133 629 1199 et
670 1120 1013 1197 universis
1055 1141 1184 1215 per
1230 1119 1547 1193 Tusciam
1592 1129 1665 1194 et
1707 1120 1799 1193 ab
1836 1117 2106 1195 Amelia
2143 1140 2367 1212 usque
2407 1119 2779 1216 (Jornetum
2820 1139 2905 1191 ac
2946 1140 3074 1212 per
3118 1120 3379 1192 Mariti·

557 1266 743 1320 mam
789 1243 1180 1320 constitutis
1223 1240 1547 1316 fidelibus
1582 1241 1730 1317 suis
1770 1241 2068 1334 gratiam
2104 1262 2307 1317 suam
2349 1251 2423 1315 et
2465 1240 2721 1316 bonam
2762 1241 3223 1315 voluntatem.
3268 1240 3382 1316 Ad

560 1366 962 1444 extollenda
994 1367 1341 1457 justorum
1378 1366 1706 1460 poeconia
1738 1373 1815 1438 et
1842 1364 2322 1461 reprimendas
2355 1364 2763 1440 insolentias
2795 1373 3381 1456 transgressorum

559 1490 985 1588 prospiciens
1018 1510 1060 1560 a
1099 1489 1254 1563 celo
1290 1488 1557 1581 justitia
1588 1489 1816 1565 erexit
1842 1489 1920 1564 in
1953 1489 2229 1585 populis
2269 1488 2707 1581 regnantium
2743 1487 2920 1561 solia
2952 1498 3023 1562 et
3066 1486 3379 1562 diverso·

558 1636 717 1689 rum
757 1613 1151 1708 principum
1193 1620 1600 1706 potestates,
1636 1612 1985 1687 Caruisset
2025 1633 2330 1705 namque
2386 1611 2693 1686 conditio
2737 1610 3042 1686 humana
3083 1610 3384 1685 libenter

555 1739 728 1831 ,iugo
760 1736 1050 1812 dominii
1095 1757 1226 1809 nec
1266 1736 1661 1810 libertatem
1710 1757 1754 1810 a
1790 1757 1870 1810 se
1910 1756 2125 1828 quam
2180 1734 2282 1810 eis
2329 1745 2578 1809 natura
2622 1734 3013 1829 prestiterat
3064 1733 3382 1810 homines

561 1860 1027 1949 abdicassent,
1050 1859 1189 1932 nisi
1219 1859 1410 1951 quod
1437 1858 1778 1953 impunita
1807 1858 2083 1933 licentia
2106 1859 2452 1933 scelerum
2479 1858 2547 1930 in
2581 1857 2977 1934 evidentem
3004 1856 3381 1953 perniciem

561 1982 849 2058 humani
875 1982 1158 2076 generis
1190 1981 1669 2072 redundabat,
1719 1990 1794 2054 et
1832 1981 1931 2056 sic
1958 1980 2373 2055 necessitate
2404 1978 2709 2073 quadam
2740 1981 3049 2077 oportuit
3071 1990 3382 2055 nostram

560 2107 846 2182 subesse
895 2104 1173 2198 J’ustieie
1220 2113 1297 2178 et
1328 2104 1596 2179 servire
1636 2103 1900 2195 judicio
1942 2104 2360 2178 libertatem.
2410 2104 2553 2178 Sed
2600 2126 2733 2178 nec
2781 2104 3060 2198 exquiri
3107 2103 3385 2178 extrin-

560 2249 763 2303 secus
801 2228 1037 2303 decuit
1085 2228 1390 2323 speciem
1432 2228 1644 2301 aliam
1686 2236 2043 2317 creature,
2085 2226 2216 2301 sed
2255 2225 2467 2301 homo
2510 2228 2820 2321 prelatus
2853 2237 2962 2300 est
2993 2226 3258 2300 homini
3300 2237 3384 2300 ut

561 2352 936 2444 gratiorem
988 2353 1412 2447 prelaturam
1459 2349 1767 2425 efficeret
1816 2349 2239 2445 ydemptitas
2273 2349 2555 2444 speciei.
2599 2349 2960 2424 Potissime
3022 2359 3255 2423 tamen
3289 2347 3382 2424 ad

563 2476 875 2567 regimen
921 2476 1343 2573 populorum
1393 2473 1632 2549 divina
1681 2473 2023 2548 sententia
2075 2473 2364 2567 prefecit
2415 2473 2820 2568 imperium,
2873 2473 3044 2546 dum
3103 2481 3384 2547 ostensa

564 2599 695 2675 sibi
731 2598 955 2692 figura
987 2598 1423 2672 numismatis
1459 2598 1532 2669 in
1576 2573 1965 2672 redditione
2003 2618 2258 2671 census
2307 2617 2431 2691 pre
2474 2596 2724 2670 ceteris
2767 2595 3049 2689 regibus
3094 2596 3383 2671 Cesarea

564 2722 839 2796 fortune
882 2722 1231 2814 fastigium
1264 2722 1669 2816 presignivit
1705 2721 1819 2796 cui
1849 2719 2356 2793 diversimodas
2386 2717 2696 2794 subdidit
2725 2719 3042 2794 nationes
3058 2773 3078 2811 ,
3111 2740 3258 2795 non
3291 2718 3383 2795 ob

562 2844 699 2921 hoc
729 2847 955 2920 solum
981 2854 1062 2919 ut
1090 2846 1193 2919 eis
1220 2843 1633 2940 imperando
1658 2852 2001 2940 preesset,
2041 2842 2169 2917 sed
2202 2852 2283 2916 ut
2311 2842 2478 2939 ipsis
2504 2842 2694 2938 pacis
2722 2851 2794 2917 et
2810 2843 3077 2934 justitie
3112 2842 3383 2938 copiam

564 2969 1020 3044 ministrando
1062 2969 1447 3063 prodesset.
1499 2971 1688 3043 Inter
1731 2969 1885 3042 illas
1935 2968 2144 3059 igitur
2184 2967 2559 3041 multarum
2603 2967 3137 3062 occupationum
3183 2988 3386 3044 curas

563 3093 819 3187 quibus
844 3092 1241 3166 fluctuantis
1272 3094 1501 3188 pelagi
1533 3113 1726 3166 more
1758 3113 1886 3187 pro
1914 3090 2179 3166 salubri
2217 3090 2596 3185 reipublice
2630 3099 2816 3164 statu
2841 3090 3124 3186 spiritus
3154 3099 3390 3167 noster

566 3216 969 3291 incontinua
1005 3216 1356 3309 fatigatur,
1397 3217 1847 3291 meditatione
1880 3216 2176 3290 sollicita
2209 3217 2645 3289 revolventes
2679 3216 2872 3308 quod
2907 3216 3101 3310 regio
3141 3237 3386 3311 supra·

566 3340 781 3431 dicta,
813 3340 1172 3434 provincia
1201 3341 1443 3433 utique
1472 3340 1727 3414 nobilis
1758 3350 1832 3413 et
1861 3361 2024 3434 pars
2057 3340 2350 3414 Romani
2382 3338 2656 3433 imperii
2682 3341 3025 3435 preciosa,
3059 3341 3389 3415 continua

568 3463 965 3559 provisione
991 3463 1258 3556 justitie
1286 3465 1587 3537 multum
1613 3463 1923 3554 indigeat
1952 3471 2202 3535 uttam
2237 3460 2359 3535 filii
2389 3473 2464 3536 et
2493 3461 2818 3552 indigene
2845 3464 3146 3555 regionis
3175 3464 3390 3558 ipsius

566 3608 780 3680 quam
819 3586 1093 3660 advene
1130 3585 1208 3659 in
1255 3586 1683 3681 provinciam
1728 3585 2091 3660 venientes
2133 3584 2207 3659 in
2261 3584 2575 3679 personis
2613 3584 2901 3676 injurias
2947 3595 3019 3660 et
3061 3585 3135 3659 in
3178 3586 3389 3661 rebus

565 3711 825 3785 darum
873 3710 1018 3804 pati
1065 3731 1208 3783 non
1260 3709 1527 3805 possint
1565 3720 1638 3784 et
1676 3708 1936 3783 ibidem
1979 3710 2141 3800 jura
2188 3707 2459 3803 imperii
2499 3717 2850 3799 nequeant
2887 3708 3252 3798 minorari,
3298 3729 3388 3782 ne

567 3834 906 3908 talentum
937 3832 1142 3906 nobis
1175 3833 1252 3907 in
1296 3833 1400 3906 eis
1444 3832 1784 3907 creditum
1831 3831 2267 3923 negligenter
2309 3830 2672 3905 absolvere
2717 3830 3105 3920 videamur,
3141 3842 3389 3926 utpote

564 3956 693 4049 qui
729 3955 1076 4031 rationem
1114 3956 1553 4030 villicationis
1589 3965 1827 4031 nostre
1858 3976 2096 4027 sumus
2131 3953 2210 4028 in
2247 3954 2576 4028 examine
2613 3954 2830 4028 futuri
2869 3953 3112 4048 judicii
3149 3953 3387 4029 reddi·

567 4078 743 4169 turi,
786 4078 883 4154 ad
912 4078 1054 4155 hoc
1096 4078 1484 4154 direximus
1522 4080 1744 4154 aciem
1782 4078 2037 4153 mentis
2067 4087 2304 4153 nostre
2335 4087 2417 4153 ut
2448 4077 2547 4151 ad
2575 4086 2836 4151 statum
2870 4074 3233 4172 pacificum
3272 4098 3387 4153 re·

565 4201 792 4294 gionis
860 4202 1079 4296 ipsius
1132 4203 1429 4277 sollicite
1488 4201 1904 4298 provisionis
1968 4201 2297 4276 instantia
2363 4199 2830 4275 intendamus.
2893 4198 3072 4284 Quia
3154 4210 3388 4276 tamen

570 4325 1083 4416 emergentibus
1123 4326 1276 4397 aliis
1306 4328 1489 4397 curis
1529 4325 1799 4420 imperii
1835 4324 2053 4398 nostri
2086 4319 2284 4419 [que]
2318 4344 2447 4418 per
2475 4322 2786 4398 diversas
2821 4333 3056 4419 partes
3097 4348 3387 4420 presen-

570 4445 739 4520 tiam
769 4456 1077 4521 nostram
1108 4450 1593 4543 expostulant,
1625 4446 2134 4543 presentialiter
2160 4446 2264 4519 ibi
2294 4467 2445 4520 esse
2479 4468 2625 4521 non
2651 4469 3060 4545 possumus,
3102 4472 3265 4525 ecce
3297 4452 3387 4526 de

569 4566 710 4641 fide
740 4577 810 4640 et
845 4568 935 4640 de
971 4571 1356 4643 constantia
1397 4570 1743 4643 Frederici
1786 4570 1876 4642 de
1912 4568 2278 4640 Antiochia
2309 4568 2545 4643 dilecti
2584 4568 2706 4643 filii
2734 4573 2956 4647 nostri
2991 4574 3388 4669 plenissime

570 4690 1002 4766 confidentes
1021 4746 1041 4784 ,
1077 4693 1303 4790 ipsum
1346 4694 1419 4765 in
1464 4692 1821 4789 provincia
1871 4692 2022 4788 ipsa
2057 4692 2457 4783 generalem
2495 4693 2831 4769 vicarium
2872 4696 3199 4773 duximus
3241 4707 3388 4774 sta-
