4364 5738
568 588 767 647 lucter.
805 583 931 669 15.]
1457 584 1850 645 HISTORIA
1901 584 2492 646 ulphoMA'rch.
3305 592 3371 651 21

567 718 809 799 sitatis
865 716 1092 799 castri
1157 716 1412 799 Sancti
1474 717 1899 801 Geminiani
1971 719 2052 800 in
2122 719 2435 821 Tuscia,
2495 744 2760 800 eorum
2813 724 3333 828 possessiones
3356 785 3379 830 ,

566 848 807 933 bonos
843 876 1031 932 usus
1068 860 1142 932 et
1178 850 1763 933 consuetudines
1801 851 2261 960 approbatas
2297 850 2723 933 confirmat.

725 1102 957 1181 (Edidit
978 1104 1189 1179 Com,
1219 1099 1441 1163 Annal.
1469 1099 1534 1161 di
1556 1102 1685 1164 San
1710 1101 2373 1183 Gimiqnano(1·’irenze,
2410 1103 2622 1183 1695),
2652 1105 2759 1168 lib.
2781 1107 2862 1180 11,
2881 1124 2939 1183 p.
2969 1116 3106 1186 10⁴,
3134 1126 3208 1168 ax
3233 1107 3380 1171 libro

798 1206 1029 1282 bianco,
1060 1210 1136 1269 A.
1172 1217 1270 1269 79.
1309 1210 1437 1270 Hoc
1471 1210 1772 1285 imperiala
1808 1211 2214 1288 privilegium,
2253 1211 2392 1270 licet
2437 1227 2557 1271 non
2597 1227 2689 1271 res
2723 1214 3115 1291 exprimatur,
3151 1215 3382 1275 conflr-

797 1319 984 1375 matio
1012 1313 1476 1375 confirmationis
1506 1316 1749 1376 alterius
1789 1316 2025 1377 videtur
2044 1320 2174 1394 jam
2206 1333 2243 1376 a
2277 1316 2568 1377 Pandolfo
2603 1317 2678 1377 de
2713 1318 3018 1379 Fasanella
3053 1322 3280 1397 imperii
3317 1325 3378 1381 in

797 1423 1012 1482 Tuscia
1047 1423 1352 1497 capitaneo
1395 1423 1652 1498 generali
1695 1422 1884 1482 eidem
1930 1424 2303 1482 universitati
2346 1422 2555 1493 factae,
2596 1439 2735 1483 cum
2764 1422 2855 1483 bis
2882 1428 3037 1484 notis
3067 1425 3383 1488 chronolo-

795 1528 943 1604 gicis
973 1544 990 1586 z
1020 1524 1232 1587 Actum
1254 1525 1420 1605 apud
1433 1527 1716 1588 Sanctum
1736 1526 2161 1603 Geminianum,
2191 1528 2258 1588 in
2279 1546 2439 1589 anno
2464 1529 2699 1588 Domini
2719 1530 3040 1605 MCCXLI,
3063 1532 3383 1611 imperante

794 1627 1026 1690 domino
1059 1638 1255 1691 nostro
1294 1629 1594 1708 Federico,
1639 1639 1772 1703 ecc„
1821 1631 1913 1693 die
1948 1634 2222 1693 mercurii
2251 1633 2484 1694 XXVII
2502 1632 2820 1694 novembris
2844 1643 3115 1708 exeunte,
3145 1637 3264 1697 XV
3285 1639 3384 1698 in—

796 1733 1084 1796 dictionis.
1112 1738 1276 1812 Quae
1303 1738 1418 1816 legi
1446 1745 1639 1815 potest
1664 1739 1824 1816 apud
1847 1740 2119 1800 eumdem
2151 1739 2356 1816 Coppi,
2377 1738 2520 1800 ibid.
2551 1757 2610 1817 p.
2642 1750 2934 1819 105-106,
2960 1759 3034 1801 ex
3062 1739 3163 1802 lib.
3189 1741 3377 1804 biano.

794 1843 868 1903 A.
906 1853 980 1903 74
1008 1860 1023 1903 :
1054 1843 1233 1922 hujus
1258 1851 1402 1904 sunt
1429 1848 1545 1904 tria
1570 1845 1688 1905 alia
1714 1844 2072 1921 exemplaria
2098 1847 2159 1903 in
2192 1845 2431 1906 archivo
2453 1849 2630 1905 castri
2657 1846 2974 1925 ejusdem.)

652 2082 1074 2174 FridericuS,
1103 2084 1228 2155 Dei
1260 2083 1481 2176 gratia
1509 2085 1980 2156 Romanorum
2007 2084 2383 2177 imperator
2415 2105 2689 2177 semper
2719 2094 3087 2176 augustuS,
3111 2087 3385 2159 Jerusa-

560 2207 690 2276 lem
724 2217 796 2276 et
825 2206 1053 2278 Sicilie
1091 2229 1243 2279 rex.
1282 2208 1493 2279 iustis
1539 2205 1851 2277 fidelium
1892 2216 2287 2278 nostrorum
2327 2206 2778 2301 petitionibus
2827 2207 3382 2281 condescendere

558 2331 905 2422 cogimur,
957 2353 1133 2424 quas
1174 2331 1308 2402 nisi
1354 2330 1827 2404 favorabiliter
1881 2330 2283 2402 audiremus
2329 2329 2665 2418 obaudire
2715 2330 2908 2423 quod
2953 2331 3212 2425 petitur
3260 2355 3384 2427 per

559 2454 873 2546 injuriam
897 2456 1321 2528 videremur.
1343 2456 1475 2526 Per
1502 2475 1791 2550 presens
1818 2433 2055 2548 itaque
2088 2454 2420 2550 scriptum
2449 2463 2694 2525 notum
2724 2454 3013 2526 facimus
3043 2455 3383 2528 universis

557 2588 693 2650 tam
730 2581 1174 2676 presentibus
1211 2600 1420 2672 quam
1465 2579 1713 2651 futuris
1755 2579 1947 2672 quod
1988 2578 2406 2651 universitas
2454 2579 2661 2650 castri
2724 2578 2956 2650 Sancti
2994 2579 3380 2651 Geminiani

556 2701 794 2776 fideles
815 2704 1060 2791 nostri,
1095 2703 1512 2775 transmissis
1534 2703 2153 2775 ambasciatoribus
2168 2703 2312 2775 suis
2326 2703 2416 2774 ad
2432 2703 2854 2798 presentiam
2879 2713 3216 2794 nostram,
3242 2708 3384 2776 cul-

556 2828 721 2900 mini
753 2837 991 2901 nostro
1023 2827 1377 2900 humiliter
1407 2826 1885 2922 supplicarunt
1907 2836 1987 2899 ut
2018 2847 2101 2898 ea
2129 2847 2266 2920 que
2294 2825 2613 2897 homines
2642 2825 2857 2921 ipsius
2885 2828 3090 2899 castri
3125 2837 3195 2900 et
3228 2829 3378 2900 uni-

551 2953 842 3026 versitas
862 2954 1010 3047 ipsa
1033 2954 1219 3045 juste
1250 2953 1318 3023 in
1350 2951 1854 3047 presentiarum
1881 2960 2022 3022 tam
2049 2949 2122 3020 in
2151 2959 2379 3021 castro
2401 2971 2610 3041 quam
2641 2950 2712 3019 in
2745 2951 2935 3021 curia
2964 2960 3034 3022 et
3062 2951 3375 3023 districtu

555 3078 764 3172 ipsius
788 3088 1030 3148 tenent
1052 3087 1123 3148 et
1150 3076 1534 3172 possident,
1562 3075 1786 3146 bonos
1812 3096 1982 3146 usus
2015 3084 2085 3145 et
2116 3073 2655 3145 consuetudines
2682 3075 3098 3168 approbatas
3121 3076 3375 3167 quibus

552 3201 961 3272 universitas
1006 3201 1151 3295 ipsa
1197 3210 1268 3270 et
1308 3199 1626 3271 homines
1669 3198 2009 3270 hactenus
2045 3198 2151 3268 usi
2188 3208 2386 3285 sunt,
2425 3194 2837 3268 confirmare
2875 3198 2974 3269 eis
3010 3199 3079 3268 in
3120 3220 3370 3294 perpe·

548 3334 740 3396 tuum
783 3325 872 3397 de
907 3335 1143 3397 nostra
1184 3324 1406 3417 gratia
1444 3324 1915 3416 dignaremur.
1954 3323 2097 3393 Nos
2128 3329 2363 3391 autem
2400 3320 2840 3392 attendentes
2882 3319 3093 3393 fidem
3126 3345 3371 3417 puram

550 3456 620 3518 et
644 3447 1086 3519 devotionem
1121 3447 1460 3518 sinceram
1490 3466 1700 3538 quam
1733 3444 2043 3540 predicta
2072 3443 2489 3516 universitas
2519 3465 2794 3538 semper
2823 3443 3062 3515 habuit
3097 3446 3189 3518 ad
3221 3469 3369 3519 ma-

539 3571 807 3660 jestatis
856 3581 1090 3642 nostre
1142 3591 1546 3665 personam,
1604 3568 2126 3640 considerantes
2175 3588 2454 3660 quoque
2504 3576 2702 3657 grata
2753 3568 2918 3639 satis
2969 3579 3040 3640 et
3086 3581 3370 3665 accepta

546 3696 819 3766 servitia
845 3717 982 3788 que
1004 3706 1145 3767 tam
1163 3695 1293 3789 ipsi
1312 3715 1524 3788 quam
1544 3692 2068 3788 predecessores
2097 3711 2340 3763 eorum
2375 3690 2555 3761 divis
2588 3691 2900 3782 augustis
2933 3693 3374 3785 predecesso-

548 3818 736 3890 ribus
768 3818 1025 3890 nostris
1057 3829 1130 3890 et
1159 3819 1362 3890 nobis
1393 3818 1868 3890 exhibuerunt
1888 3814 2225 3887 hactenus
2261 3823 2332 3885 et
2366 3814 2702 3886 exhibere
2736 3825 3065 3908 poterunt
3096 3815 3165 3884 in
3192 3815 3373 3885 sutu-

546 3965 733 4030 rum,
769 3942 1002 4015 omnia
1041 3952 1112 4014 et
1143 3943 1415 4034 singula
1457 3964 1595 4035 que
1638 3940 1950 4036 predicta
1988 3938 2402 4011 universitas
2444 3949 2513 4009 et
2548 3937 2866 4009 homines
2910 3937 3124 4031 ipsius
3165 3940 3367 4039 castri

537 4067 750 4157 juste,
772 4078 853 4138 ut
877 4066 1139 4138 dictum
1164 4075 1297 4153 est,
1325 4065 1396 4135 in
1423 4063 1933 4159 presentiarum
1959 4072 2200 4134 tenent
2230 4072 2300 4134 et
2332 4061 2714 4156 possident,
2736 4080 2820 4130 ac
2853 4059 3074 4130 bonos
3106 4083 3272 4132 usus
3300 4073 3368 4134 et

543 4190 1077 4262 consuetudines
1102 4189 1523 4283 approbatas
1554 4187 1806 4280 quibus
1838 4185 2176 4258 hactenus
2209 4186 2315 4257 usi
2346 4194 2543 4273 sunt,
2578 4183 2743 4277 ipsis
2776 4183 2865 4253 de
2897 4182 3368 4258 munificentie

543 4323 775 4386 nostre
819 4313 1044 4405 gratia
1090 4311 1420 4384 duximus
1459 4311 1532 4381 in
1572 4319 1988 4407 perpetuum
2035 4307 2540 4398 confirmanda,
2579 4307 2716 4378 nisi
2745 4307 2885 4378 sint
2917 4307 3006 4379 de
3059 4308 3368 4381 dominio

541 4446 776 4508 nostro
813 4444 884 4507 et
916 4435 1214 4529 imperii,
1243 4437 1434 4507 salva
1467 4435 1536 4505 in
1570 4435 1894 4507 omnibus
1926 4433 2263 4530 imperiali
2287 4431 3015 4523 justitia3mandantes
3042 4442 3114 4504 et
3149 4431 3365 4505 firmi-

543 4567 647 4629 ter
680 4568 1064 4631 statuentes
1102 4568 1447 4653 quatenus
1490 4559 1683 4629 nulla
1726 4579 2023 4653 persona
2066 4558 2208 4629 alta
2252 4556 2367 4626 vel
2410 4554 2723 4646 humiliS‚
2763 4556 3223 4629 ecclesiastica
3255 4558 3368 4629 vel

543 4683 908 4772 secularis,
944 4691 1187 4754 contra
1230 4683 1566 4777 presentis
1607 4682 1843 4777 scripti
1886 4681 2106 4753 nostri
2154 4691 2467 4751 tenorem
2512 4700 2688 4752 ausu
2732 4680 3099 4752 temerario
3126 4679 3365 4751 venire
