4364 5738
1038 585 1120 644 66
1866 627 1877 636 .
2040 583 2464 645 rainl-:mel
2514 582 2860 644 SECUNDI
3467 576 3632 654 [Ass.
3668 574 3843 634 1242.

1039 716 1350 823 legavit,
1374 728 1447 796 et
1468 742 1662 797 onus
1689 715 1966 797 servitii
1993 717 2410 823 personalis
2449 741 2586 824 pro
2621 714 2822 795 dicto
2860 709 3091 791 feudo
3127 707 3360 790 debiti
3399 707 3477 787 in
3518 729 3850 788 annuum

1046 848 1429 929 redditum
1465 848 1732 929 unciae
1769 848 1932 929 auri
1974 848 2200 929 unius
2238 849 2334 929 de
2372 844 2674 955 speciali
2717 842 2960 953 gratia
2990 837 3491 921 transfundit.

1210 1059 1449 1138 (lnedit.
1481 1077 1551 1119 ex
1591 1060 1831 1121 archivo
1864 1075 1985 1136 reg.
2012 1060 2074 1121 S.
2107 1060 2403 1137 Severini,
2433 1075 2530 1136 ap.
2561 1055 2902 1133 Neapoiim‚
2948 1050 3420 1112 membranarum
3471 1048 3697 1107 volum.
3729 1045 3861 1121 XII,

1287 1167 1362 1226 ab
1387 1184 1544 1226 anno
1576 1174 1726 1225 1242
1755 1166 1833 1225 ad
1867 1164 2074 1243 1249.)

1144 1348 1565 1437 Fridericus,
1610 1348 1730 1420 Dei
1770 1348 1991 1438 gratia
2039 1349 2508 1418 Romanorum
2549 1345 2926 1438 imperator
2962 1358 3238 1431 semper
3275 1344 3639 1427 augustus,
3674 1336 3862 1405 Jeru-

1049 1477 1266 1546 salem
1299 1484 1370 1543 et
1397 1473 1624 1543 Sicilie
1660 1494 1811 1541 rex.
1849 1470 1980 1541 Per
2024 1492 2307 1565 presens
2340 1470 2671 1564 scriptum
2701 1476 2944 1538 notum
2998 1462 3286 1533 facimus
3319 1458 3661 1529 universis
3700 1454 3864 1527 fide·

1052 1600 1233 1669 libus
1292 1597 1543 1667 nostris
1580 1606 1739 1667 ,tam
1802 1594 2240 1689 presentibus
2299 1616 2507 1685 quam
2565 1592 2815 1662 futuris
2873 1588 3065 1681 quod
3128 1585 3394 1657 Mariua
3459 1579 3868 1653 venerabilis

1052 1721 1398 1793 abbatissa
1431 1719 1829 1791 monasterii
1861 1719 2091 1790 Sancti
2125 1717 2498 1789 Salvator-is
2535 1716 2623 1787 de
2652 1715 2949 1787 Guilleto
2989 1710 3337 1802 majestati
3383 1717 3617 1783 nostre
3657 1725 3866 1798 expo·

1055 1847 1192 1916 suit
1225 1846 1414 1937 quod
1441 1844 1814 1914 Riccardus
1848 1844 1934 1914 de
1959 1842 2433 1930 Trentenaria,
2458 1841 2878 1911 castellanus
2907 1836 3114 1907 castri
3145 1833 3370 1904 nostri
3390 1831 3603 1903 Castri
3631 1828 3872 1900 Iohan-

1057 1970 1188 2059 niS‚
1214 1990 1422 2039 sanus
1450 1977 1709 2057 mente,
1736 1967 1897 2038 licet
1927 1987 2090 2059 eger
2122 1987 2440 2061 corpore,
2476 1966 2656 2034 inter
2673 1974 2908 2033 cetera
2939 1982 3076 2053 que
3107 1959 3178 2029 in
3208 1956 3448 2027 ultima
3478 1974 3602 2024 sua
3627 1953 3871 2023 volun·

1058 2103 1197 2165 tate
1232 2092 1593 2188 disposuit,
1631 2091 1882 2183 legavit
1915 2101 1986 2162 et
2013 2090 2272 2161 dimisit
2299 2088 2666 2181 Margarite
2706 2084 2924 2156 sorori
2960 2105 3083 2152 sue
3114 2082 3495 2152 Persanum
3526 2074 3875 2170 pheudum

1056 2240 1259 2288 suum
1309 2240 1466 2288 cum
1516 2217 1837 2288 omnibus
1892 2217 2035 2286 suis
2087 2213 2521 2309 pertinentiis
2578 2220 2648 2281 et
2705 2207 3093 2280 rationibus
3149 2204 3243 2275 ad
3293 2203 3476 2273 idem
3528 2198 3875 2294 pheudum

1057 2342 1554 2437 spectantibuS,
1595 2342 1712 2411 tali
1746 2350 1949 2434 pacto
1981 2350 2051 2411 et
2078 2339 2475 2410 conditione
2512 2334 2708 2427 quod
2745 2332 2932 2403 dicta
2963 2327 3334 2420 Margarita
3366 2326 3592 2396 donec
3619 2322 3881 2392 viveret

1060 2478 1379 2537 teneatur
1432 2466 1599 2536 dare
1654 2464 1965 2555 quolibet
2026 2483 2212 2532 anno
2274 2461 2361 2531 de
2412 2456 2869 2554 proventibus
2927 2453 3240 2545 ejusdem
3293 2448 3554 2544 pheudi
3613 2445 3879 2516 filiabus

1061 2590 1238 2677 suiS‚
1280 2588 1608 2660 videlicet
1658 2588 1960 2675 Ioanne,
2007 2587 2292 2657 Gemme
2344 2593 2414 2655 et
2464 2581 2875 2667 Scolastice,
2912 2599 3039 2672 pro
3104 2573 3528 2646 indumentis
3581 2570 3880 2663 ipsarum

1063 2712 1306 2783 uncias
1338 2712 1488 2781 auri
1526 2721 1816 2805 septem,
1852 2720 1924 2781 et
1953 2720 2109 2805 post
2138 2720 2433 2780 mortem
2468 2707 2682 2802 ipsius
2709 2702 3075 2795 Margarite
3106 2698 3496 2794 predictum
3532 2693 3884 2789 pheudum

1068 2857 1226 2908 cum
1269 2836 1590 2908 omnibus
1640 2836 1780 2907 suis
1835 2834 2268 2930 pertinentiis
2316 2834 2408 2905 ad
2457 2831 2640 2903 idem
2694 2825 3168 2925 spectantibus
3211 2841 3569 2893 remanere
3605 2818 3887 2889 deberet

1070 2963 1142 3034 in
1190 2962 1606 3034 monasterio
1652 2962 1883 3032 Sancti
1922 2961 2295 3032 Salvatoris
2340 2960 2428 3030 de
2475 2957 2814 3043 Guillet0‚
2855 2973 2984 3046 pro
3032 2947 3342 3020 remedio
3389 2943 3618 3016 anime
3656 2962 3778 3012 sue
3821 2948 3888 3009 et

1071 3087 1379 3157 omnium
1425 3096 1790 3179 parentum
1839 3106 2156 3176 suorum,
2207 3084 2329 3154 ubi
2367 3082 2676 3178 predicte
2726 3077 2864 3148 filie
2903 3096 3026 3146 sue
3063 3082 3262 3144 erant
3302 3078 3640 3164 perpetuo
3677 3063 3885 3135 eollo·

1073 3220 1253 3280 cate.
1290 3211 1515 3294 Quare
1560 3210 1758 3280 nobis
1805 3209 2157 3279 humiliter
2205 3205 2619 3302 supplicavit
2649 3213 2726 3274 ut
2762 3202 2926 3294 quia
2955 3200 3025 3269 in
3057 3194 3517 3292 pheudalibus
3546 3210 3676 3261 nec
3716 3188 3887 3257 inter

1076 3335 1273 3406 vivos
1314 3344 1707 3406 contractus
1740 3345 1845 3406 est
1876 3334 2148 3407 validus
2193 3334 2322 3404 nisi
2365 3331 2710 3423 generalis
2747 3325 3121 3421 superioris
3155 3319 3417 3392 domini
3463 3312 3886 3388 confirmatio

1078 3468 1149 3529 et
1181 3480 1557 3530 consensus
1594 3459 1877 3530 accedat
1908 3459 1979 3529 in
2022 3459 2122 3529 eis
2156 3479 2293 3550 que
2329 3457 2456 3527 vix
2491 3453 2732 3524 ultima
2770 3447 3127 3544 dispositio
3172 3464 3312 3516 non
3347 3439 3696 3528 subsistit,
3737 3457 3886 3532 pre-

1080 3584 1336 3656 dictam
1379 3585 1694 3655 ultimam
1740 3584 2260 3678 dispositionem
2298 3582 2545 3652 factam
2590 3602 2712 3674 per
2756 3575 3144 3671 predictum
3183 3566 3593 3641 Riccardum
3623 3565 3712 3636 de
3744 3581 3891 3657 pre·

1080 3709 1267 3781 dieto
1298 3708 1580 3804 pheudo
1618 3693 1903 3780 'Persani
1938 3706 2355 3778 monasterio
2398 3703 2828 3798 supradictO,
2866 3710 2945 3769 ut
2990 3695 3234 3768 eadem
3274 3689 3647 3782 Margarita
3690 3687 3890 3758 dece-

1082 3833 1289 3906 dente
1335 3833 1595 3904 dictum
1646 3831 2005 3927 pheudum
2046 3830 2299 3900 debeat
2344 3830 2416 3900 in
2468 3828 2714 3900 eodem
2757 3820 3179 3896 monasterio
3227 3835 3625 3902 remanere,
3678 3819 3893 3881 ratam

1082 3958 1339 4030 habere
1383 3969 1452 4030 et
1488 3957 1897 4029 confirmare
1931 3955 2017 4027 de
2051 3965 2241 4026 certa
2274 3954 2560 4025 scientia
2602 3961 2673 4023 et
2707 3947 2989 4046 speciali
3031 3943 3257 4037 gratia
3309 3940 3782 4032 dignaremur,
3829 3942 3895 4003 et

1086 4104 1226 4175 quo
1271 4084 1493 4175 gratia
1543 4093 1781 4155 nostra
1837 4079 2257 4152 monasterio
2312 4080 2400 4149 sit
2443 4076 2670 4148 eidem
2726 4071 3113 4159 fecundior,
3174 4067 3405 4138 honus
3454 4060 3723 4134 servicii
3773 4076 3893 4152 pro

1088 4206 1331 4277 eodem
1352 4206 1631 4301 pheudo
1659 4206 1848 4279 curie
1874 4214 2105 4276 nostre
2135 4203 2351 4274 debiti
2380 4199 2767 4272 transfundi
2793 4198 3199 4290 juberemus
3233 4191 3304 4260 in
3337 4207 3645 4259 annuum
3686 4202 3893 4276 pecu-

1090 4328 1203 4399 nie
1237 4328 1583 4399 redditum
1624 4340 2131 4423 competentem
2166 4326 2557 4399 faciendum
2592 4322 2780 4394 curie
2818 4329 3055 4390 nostre
3090 4336 3218 4411 pro
3253 4310 3604 4405 agnitione
3641 4301 3898 4401 pheudi

1092 4450 1478 4520 memorati.
1524 4452 1665 4520 Nos
1701 4463 1933 4522 autem
1980 4454 2071 4522 ob
2107 4449 2567 4522 reverentiam
2617 4443 2991 4517 Salvatoris
3041 4450 3112 4512 et
3160 4434 3438 4510 Domini
3487 4430 3702 4503 nostri
3743 4429 3899 4499 Jesu

1092 4573 1340 4646 Christi
1373 4595 1494 4666 per
1531 4595 1739 4664 quem
1781 4576 2076 4645 vivimus
2125 4585 2196 4644 et
2227 4593 2631 4666 regnamus,
2680 4569 2932 4640 intuitu
2976 4565 3184 4636 etiam
3235 4558 3402 4632 dicti
3439 4555 3572 4628 ioci
3618 4571 3900 4624 venera·

1097 4698 1250 4770 bilis
1305 4707 1375 4768 et
1429 4695 1774 4787 virginum
1826 4718 1909 4767 ae
1960 4698 2434 4789 religiosarum
2484 4713 2938 4791 personarum
2989 4688 3249 4760 ibidem
3301 4680 3600 4757 Domino
3649 4676 3903 4770 jugiter
