4364 5738
1056 524 1177 586 mo
2052 526 2482 591 ramnum
2530 529 2882 593 SECUNDI
3482 533 3650 613 [An.
3685 535 3856 602 1244.

663 1093 985 1201 mmm,
1162 1087 1586 1170 Fridericus
1601 1149 1625 1195 ,
1662 1088 2182 1171 Romanorum
2228 1086 2669 1196 imperator,
2713 1087 3063 1198 potestati
3102 1098 3180 1170 et
3209 1086 3599 1170 communi
3632 1084 3862 1171 Man-

739 1203 767 1243 ⁷
786 1201 913 1254 ’⁸¹¹¹‘
1056 1230 1233 1302 tuae
1284 1221 1601 1304 mandat
1652 1230 1740 1304 ut
1788 1220 1869 1300 in
1917 1219 2270 1303 kalendis
2327 1219 2632 1330 augusti
2687 1219 3034 1328 proxime
3083 1218 3383 1303 venturi
3433 1218 3748 1302 idoneos
3794 1228 3870 1300 et

1055 1351 1315 1434 fideles
1360 1350 1669 1434 nuntios
1722 1375 1899 1433 cum
1944 1351 2227 1461 quibus
2270 1350 2608 1460 plenarie
2648 1350 3067 1436 deliberare
3108 1351 3290 1436 velit
3306 1413 3331 1459 ,
3371 1351 3473 1434 ad
3531 1375 3615 1434 se
3664 1349 3868 1459 apud

1054 1482 1269 1565 Pisas
1303 1482 1708 1566 destinent.

1222 1700 1469 1778 (Inedlt.
1501 1701 1565 1759 tn
1595 1698 1861 1760 Chartul.
1892 1705 2016 1759 vet.
2047 1700 2163 1759 clv.
2195 1698 2504 1773 Mantuae,
2534 1703 2707 1777 cujus
2739 1698 2912 1761 nobls
2938 1716 3049 1761 sua
3090 1700 3264 1761 solita
3298 1698 3647 1760 liberalitate
3670 1697 3750 1759 cl.
3779 1699 3869 1757 vu·

1297 1806 1392 1866 Fr.
1424 1804 1709 1866 Boehmer
1735 1807 1964 1882 copiam
1996 1803 2182 1883 fecit.)

1157 1964 1568 2056 Fridericus,
1598 1965 1723 2036 Dei
1750 1964 1983 2057 gracia
2021 1966 2489 2038 Romanorum
2524 1966 2925 2062 imperator,
2958 1985 3234 2061 semper
3270 1974 3640 2058 augustus,
3672 1964 3868 2037 Jeru-

1061 2091 1276 2163 salem
1305 2100 1377 2161 et
1402 2089 1606 2162 Sicile
1636 2111 1791 2180 rex,
1822 2088 2171 2184 potestati,
2200 2087 2490 2161 consilio
2526 2098 2598 2162 et
2628 2088 2979 2162 communi
3009 2089 3318 2180 mutue,
3347 2086 3674 2161 fidelihus
3696 2088 3863 2176 suiS,

1059 2215 1359 2309 graciam
1395 2236 1592 2286 suam
1627 2224 1698 2285 et
1729 2213 1985 2285 bonam
2025 2213 2486 2285 voluntatem.
2529 2213 2699 2285 Cum
2730 2234 2943 2307 super
2977 2212 3114 2284 hiis
3143 2233 3282 2306 que
3316 2232 3443 2306 pro
3474 2211 3864 2307 inopinato,

1060 2340 1230 2433 quin
1268 2339 1498 2434 potius
1529 2358 1657 2433 pro
1695 2337 2100 2432 inopinabili
2139 2358 2319 2432 pape
2361 2336 2706 2427 discessu,
2742 2337 2862 2430 qui
2900 2334 2993 2409 ad
3032 2336 3327 2409 rebelles
3363 2335 3636 2432 imperii
3671 2355 3747 2408 se
3781 2333 3868 2408 de

1060 2484 1245 2534 novo
1281 2462 1535 2534 dicitur
1572 2461 2036 2552 transtulisse,
2082 2459 2359 2533 noviter
2389 2471 2857 2552 emerserunt,
2904 2469 2977 2533 et
3018 2481 3231 2555 super
3259 2460 3413 2532 aliis
3445 2481 3583 2553 que
3613 2458 3707 2532 ad
3740 2456 3869 2531 ho·

1061 2606 1300 2657 norem
1334 2585 1604 2679 imperii
1635 2593 1708 2656 et
1737 2591 1991 2655 statum
2028 2595 2343 2656 nostrum
2384 2581 2750 2678 pacificum
2785 2583 3168 2679 pertinent,
3211 2605 3369 2655 cum
3402 2583 3655 2656 nostris
3698 2579 3872 2654 fide-

1061 2709 1244 2780 libus
1274 2710 1587 2782 conferre
1629 2708 1938 2804 plenarie
1977 2729 2061 2780 ac
2097 2706 2395 2781 fideliter
2435 2705 2822 2780 deliberare
2854 2708 3188 2801 velimus;
3226 2728 3389 2781 ecce
3422 2706 3615 2804 quod
3649 2706 3871 2780 conti·

1060 2834 1290 2907 nuatis
1336 2832 1584 2906 diebus
1629 2854 1875 2906 versus
1910 2831 2100 2905 Pisas
2140 2831 2435 2905 feliciter
2472 2831 2834 2924 dirigimus
2879 2837 3160 2925 gressus
3202 2840 3516 2921 nostros,
3558 2828 3874 2905 fidelitati

1059 2967 1291 3031 vestre
1339 2956 1751 3029 mandantes
1802 2956 2126 3051 quatinus
2175 2956 2668 3028 ambaxatores
2710 2965 2983 3030 vestros
3029 2956 3221 3030 omni
3267 2955 3680 3029 auctoritate
3733 2955 3873 3028 suf·

1060 3083 1296 3171 fultos,
1331 3081 1518 3153 viros
1546 3079 1856 3175 ydoneos
1896 3100 1981 3152 ac
2014 3079 2235 3153 eciam
2269 3079 2834 3175 circumspectos,
2868 3080 3058 3153 omni
3095 3101 3291 3154 mora
3330 3079 3746 3176 postposita,
3780 3078 3871 3152 ad

1059 3213 1369 3277 nostram
1402 3224 1767 3299 personam
1807 3202 2200 3292 destinetis,
2237 3203 2333 3275 ita
2366 3202 2556 3296 quod
2586 3202 2659 3273 in
2685 3201 3001 3278 kalendis
3030 3204 3305 3297 augusti
3338 3205 3563 3300 primo
3598 3202 3872 3276 venturi

1060 3327 1246 3423 apud
1275 3327 1466 3399 Pisas
1497 3336 1733 3398 nostro
1760 3346 1834 3397 se
1867 3326 2269 3421 conspectui
2301 3337 2807 3421 representem.

1156 3453 1409 3524 Datum
1436 3449 1624 3545 apud
1653 3450 2152 3540 Interamnam,
2185 3451 2305 3521 VII
2326 3450 2507 3541 julii,
2543 3451 2601 3523 11
2638 3450 3039 3524 indictione.

725 4050 927 4156 '3521’
1165 4042 1645 4127 Innocentius
1701 4066 1898 4150 papa
1957 4064 2185 4123 suum
2236 4039 2439 4148 apud
2487 4039 2525 4122 J
2528 4065 2810 4123 anuam
2870 4038 3166 4123 felicem
3221 4040 3635 4122 adventum
3674 4034 3871 4144 Ray-

1061 4175 1272 4259 nerio
1344 4176 1663 4258 Sanctae
1729 4172 2011 4257 Mariae
2078 4171 2159 4252 in
2235 4171 2637 4255 Cosmedin
2708 4173 3029 4256 diacono
3088 4170 3459 4254 cardinali
3519 4168 3865 4271 nuntiat,

1062 4332 1380 4390 monens
1415 4308 1622 4415 quod
1659 4305 1740 4387 in
1776 4303 2150 4389 Ecclesiae
2185 4304 2507 4415 negotiis
2548 4303 2861 4389 viriliter
2893 4315 2970 4388 et
3002 4304 3412 4415 prudenter
3447 4327 3529 4384 se
3561 4299 3861 4385 habeat.

1225 4518 1489 4599 (Edider.
1521 4519 1719 4592 Buss1‚
1741 4521 1912 4582 Istor.
1941 4517 2007 4579 di
2040 4515 2289 4594 viterbo,
2315 4520 2595 4599 append„
2625 4537 2687 4599 p.
2716 4528 2856 4594 ⁴06,
2886 4529 2956 4581 n⁰
2984 4518 3181 4581 XVII.
3216 4551 3298 4566 —
3322 4519 3715 4599 Bmassnu,
3738 4514 3871 4580 Seo-

1299 4626 1395 4686 ria
1418 4623 1483 4685 di
1502 4627 1649 4705 Jm',
1671 4628 1955 4707 append„
1986 4635 2053 4687 n⁰
2078 4627 2219 4701 XII,
2245 4643 2308 4705 p.
2345 4624 2471 4705 18.)
