4364 5738
568 590 775 649 Iunior.
806 585 899 663 2.]
1460 581 1859 644 HISTORIA
1908 580 2501 646 DIPLOMA'I'ICA.
3275 574 3389 636 ml

664 718 1109 792 Innocentius
1124 715 1516 811 episcopus,
1530 736 1776 788 servus
1794 737 2157 788 servorum
2173 716 2325 806 Dei,
2348 715 2601 790 dilecto
2624 713 2767 787 filio
2783 713 3128 809 Raynerio
3146 713 3394 783 Sancte

566 845 781 919 Marie
815 844 886 913 in
912 839 1274 914 Cosmedin
1316 837 1615 912 diacono
1650 840 1986 914 cardinali
2013 837 2120 935 (⁴)
2152 840 2451 911 salutem
2480 850 2552 913 et
2581 839 3031 935 apostolicam
3061 834 3394 909 benedic-

571 967 858 1041 tionem.
898 966 1088 1037 Licet
1117 963 1417 1059 qualiter
1448 962 1537 1035 de
1573 963 1861 1037 Civitate
1891 965 2143 1036 Vetere
2175 963 2270 1037 ad
2301 964 2584 1036 Portum
2617 964 2960 1035 Venerem
3000 958 3397 1032 venerimus

576 1091 700 1164 tibi
744 1110 973 1185 nuper
1016 1086 1428 1161 duxerimus
1470 1087 1970 1178 intimandum,
2015 1087 2209 1181 quod
2256 1095 2526 1159 tantum
2571 1087 2660 1159 de
2712 1087 2825 1159 via
2870 1084 3079 1156 maris
3132 1082 3398 1177 aliquid

573 1213 862 1286 restabit
891 1211 1125 1284 adhuc
1153 1232 1245 1282 ne
1281 1220 1440 1283 tuus
1469 1211 1558 1283 de
1589 1211 1795 1283 nobis
1824 1223 2111 1306 propter
2136 1205 2509 1307 specialem
2538 1211 2982 1284 devotionem
3011 1208 3102 1281 sit
3123 1208 3398 1280 animus

571 1359 973 1435 suspensus,
1010 1336 1286 1408 noverit
1317 1335 1643 1408 discretio
1672 1345 1791 1408 tua
1825 1336 2015 1430 quod
2052 1336 2256 1409 nonis
2278 1337 2435 1429 julii
2470 1356 2802 1432 prospere
2840 1335 3134 1406 Ianuam
3169 1333 3396 1428 appli-

574 1463 887 1536 cavimus
902 1471 973 1554 et
992 1459 1088 1531 ibi
1106 1482 1267 1531 cum
1287 1459 1613 1532 fratribus
1631 1459 1884 1533 nostris
1902 1461 2021 1554 qui
2044 1482 2174 1533 nos
2193 1462 2412 1535 secuti
2430 1463 2738 1551 fuerunt,
2752 1459 2903 1531 sani
2923 1468 2995 1530 et
3016 1458 3398 1530 incolumes

574 1609 703 1683 per
750 1586 877 1659 Dei
923 1585 1219 1678 gratiam
1270 1604 1809 1656 commoramur.
1851 1585 2069 1656 Tuam
2115 1585 2351 1680 itaque
2397 1583 3089 1683 circumspectionem
3130 1582 3219 1656 de
3258 1604 3398 1677 qua

575 1688 856 1806 plenam
898 1709 972 1781 in
999 1708 1295 1780 Domino
1334 1705 1663 1779 fiduciam
1693 1709 2040 1801 gerimu8‚
2082 1706 2415 1780 duximus
2454 1707 2787 1779 attentius
2820 1705 3200 1799 rogandam
3218 1758 3238 1796 ,
3274 1726 3401 1800 per

579 1833 958 1929 apostolica
996 1832 1253 1926 scripta
1293 1832 1710 1903 mandantes
1744 1840 2089 1925 quatenus
2125 1831 2227 1902 sic
2265 1841 2333 1902 te
2367 1829 2627 1902 habeas
2670 1830 2743 1900 in
2770 1829 3075 1901 Ecclesie
3106 1828 3402 1922 negotiis

576 1956 869 2029 viriliter
912 1965 984 2028 et
1035 1954 1420 2050 prudenter
1466 1953 1658 2048 quod
1705 1962 2016 2025 nostram
2069 1954 2456 2025 absentiam
2509 1964 2626 2026 tua
2675 1953 3000 2048 supplere
3053 1951 3400 2047 presentia

582 2079 787 2153 videa
796 2089 932 2150 tur.

676 2204 933 2275 Datum
966 2202 1216 2291 Janue,
1252 2199 1400 2272 VIII
1431 2199 1591 2274 idus
1613 2200 1796 2293 julii,
1830 2198 2273 2295 pontificatus
2303 2199 2523 2272 nostri
2553 2219 2739 2272 anno
2774 2199 2859 2272 ΙΙ.

695 2774 1177 2860 Innocentius
1211 2800 1410 2887 papa
1437 2774 1698 2858 scribit
1729 2773 2280 2883 BrixiensibuS,
2312 2773 2603 2856 malitia
2636 2775 2996 2885 temporis
3030 2775 3404 2887 exigente,

591 2933 673 2991 se
716 2935 895 2992 cum
937 2921 1098 2993 tota
1134 2909 1483 2993 comitiva
1543 2908 1868 2991 fratrum
1923 2933 2237 2992 suorum
2290 2906 2741 3019 applicuisse
2769 2908 2807 2991 J
2812 2934 3094 2991 anuam
3126 2919 3412 2991 etcum

585 3040 752 3150 jam
817 3042 918 3124 sit
963 3044 1044 3124 in
1095 3040 1267 3125 loco
1308 3041 1444 3124 ubi
1498 3067 1588 3124 ea
1651 3067 1803 3151 que
1865 3042 1966 3124 ad
2010 3040 2636 3151 tranquillitatem
2698 3040 2960 3150 populi
3021 3040 3411 3124 christiani

592 3174 1008 3281 pertinent,
1045 3173 1288 3282 possit
1332 3173 1567 3257 libere
1601 3182 1961 3276 tractare,
2005 3200 2136 3259 eos
2185 3175 2537 3259 hortatur
2572 3184 2659 3257 ut
2702 3173 2780 3255 in
2820 3173 3043 3258 solita
3077 3173 3414 3283 Aposto-

592 3305 786 3389 licae
822 3305 1038 3389 Sedis
1074 3304 1472 3390 devotione
1504 3305 1938 3415 persistant.

758 3518 966 3600 (Edld.
1017 3520 1132 3583 Fa.
1189 3519 1412 3594 Eum,
1472 3517 1618 3582 6011.
1666 3520 1927 3581 Menum.
1973 3527 2085 3582 vet.
2141 3526 2201 3582 et
2248 3536 2387 3600 rea,
2438 3527 2488 3582 t.
2535 3522 2597 3596 Ι,
2645 3520 2794 3582 bull.
2847 3522 3098 3599 pontif„
3148 3538 3210 3600 p.
3262 3529 3411 3599 159,

834 3643 1004 3688 num.
1041 3624 1263 3705 XXX.)

691 3813 1134 3885 Innocentius
1152 3813 1548 3909 episcopuS,
1576 3834 1820 3885 servus
1842 3835 2206 3886 servorum
2233 3814 2385 3906 Dei,
2405 3813 2676 3886 dilectis
2697 3811 2855 3885 filiis
2873 3816 3224 3908 potestati,
3243 3835 3414 3887 con-

596 3935 749 4009 silio
773 3947 847 4008 et
875 3938 1229 4010 communi
1255 3937 1470 4009 Brisie
1497 3938 1793 4010 salutem
1829 3946 1901 4010 et
1925 3938 2374 4034 apostolicam
2398 3938 2982 4011 benedictionem.
3009 3938 3199 4011 Licet
3227 3948 3417 4033 post-

596 4081 808 4152 quam
833 4059 937 4157 (a)
976 4063 1232 4134 suimus
1271 4061 1365 4134 ad
1409 4082 1651 4133 curam
1684 4061 2096 4136 universalis
2135 4062 2491 4157 regiminis
2533 4061 2852 4156 quamvis
2889 4061 3089 4134 inviti
3118 4062 3419 4136 Domino

682 4234 764 4316 (a)
805 4236 881 4298 In
903 4238 1186 4315 impresso
1201 4238 1576 4319 priusquam.

678 4496 750 4572 (t)
786 4498 884 4558 Cui
907 4500 1067 4557 etiam
1093 4501 1284 4575 paucis
1313 4506 1441 4558 aute
1474 4500 1666 4560 diebus
1700 4501 1849 4560 vices
1887 4515 2018 4559 suas
2058 4500 2114 4556 in
2137 4499 2477 4557 patrimonio
2512 4500 2655 4558 beati
2681 4502 2821 4560 Petri
2837 4541 2851 4566 ,
2880 4501 2937 4560 in
2961 4502 3185 4574 Tuscia,
3225 4503 3424 4562 ducatu

607 4594 901 4667 Spoletano
926 4601 983 4652 et
1012 4597 1341 4656 Anconitana
1371 4598 1606 4658 Mai-chia
1626 4614 1771 4672 papa
1794 4597 2157 4669 commiserat,
2178 4596 2372 4656 litteris
2395 4598 2538 4656 datis
2560 4598 2631 4657 lv
2658 4598 2772 4658 kal.
2800 4599 2946 4672 julii,
2971 4615 3113 4659 anno
3139 4600 3327 4675 pontif.
3354 4600 3425 4659 11.

608 4690 968 4765 Buosssuu,
1002 4692 1166 4764 Im,
1199 4702 1262 4750 11⁰
1285 4695 1387 4753 XI.

771 4792 876 4853 vl.
3032 4803 3109 4857 20

3551 2798 3601 2852 [J
3606 2800 3696 2842 ulio
3700 2798 3735 2850 ,1
