4364 5738
659 2995 712 3036 In
733 2994 890 3037 enula

606 3100 945 3153 depopulatione

698 3152 819 3193 urbia
835 3183 850 3207 ,

702 3206 847 3258 junio.

984 583 1065 643 88
1979 576 2409 638 Fnlnssmcl
2458 577 2807 639 SECUNDI
3434 581 3597 662 [Arm.
3635 584 3806 646 1243.

987 738 1149 788 cum
1190 713 1454 808 ingenti
1501 711 1812 784 exercitu
1858 709 1948 782 de
2000 732 2218 802 regno
2268 722 2506 784 nostro
2546 712 2839 785 collecto
2879 733 3011 783 nec
3053 733 3194 785 non
3246 734 3404 784 cum
3454 716 3698 788 militia
3746 729 3815 790 et

986 838 1350 911 conamine
1389 835 2112 925 circumadjacentium
2165 835 2524 927 regionum
2580 833 2681 933 (a)
2722 835 3054 908 Romanis
3099 833 3353 908 finibus
3393 839 3802 932 vicinamur,

987 971 1345 1059 sperantes
1384 959 1635 1032 nostris
1668 957 2030 1029 humiliare
2063 956 2410 1029 mandatis
2445 957 2778 1053 quicquid
2811 958 3068 1031 nostris
3098 959 3569 1033 invenerimus
3597 963 3809 1036 bene-

988 1085 1255 1181 placitis
1284 1083 1651 1156 contraire.
1695 1081 1973 1153 Navalis
2007 1082 2216 1153 etiam
2258 1082 2493 1154 classis
2535 1091 2779 1154 nostra
2807 1092 3095 1178 paratur
3125 1085 3380 1156 nostris
3409 1086 3815 1179 navigatura

925 1301 930 1306 .
989 1209 1369 1283 commodis
1410 1228 1551 1300 quo
1585 1227 1774 1276 nunc
1809 1206 2033 1297 major
2076 1205 2510 1277 successibus
2540 1206 2809 1278 utilitas
2853 1207 3246 1302 apparebit.
3297 1209 3671 1302 Speramus
3710 1211 3813 1281 in-

989 1355 1200 1429 super
1237 1331 1428 1425 quod
1473 1332 1746 1402 sublato
1795 1329 1885 1400 de
1932 1328 2163 1401 medio
2203 1328 2564 1400 Portuensi
2615 1325 2725 1425 (l)
2776 1328 3105 1424 episcopo
3156 1330 3279 1423 qui
3324 1331 3526 1402 nobis
3573 1342 3644 1403 et
3686 1331 3812 1403 im-

989 1458 1185 1555 perio
1231 1455 1611 1527 adversans
1659 1453 2074 1524 omnimodis
2127 1452 2593 1548 provisionem
2633 1452 2945 1524 Ecclesie
2995 1450 3331 1524 hactenus
3384 1455 3810 1550 prepedivit,

993 1584 1399 1655 dilectorum
1466 1589 1860 1650 nostrorum
1912 1577 2414 1648 venerabilium
2481 1577 2938 1649 cardinalium
2991 1577 3221 1650 studio
3279 1591 3693 1674 procurante
3745 1581 3816 1652 in

992 1705 1387 1802 Apostolica
1453 1704 1633 1775 Sede
1681 1703 1826 1772 Deo
1871 1710 1941 1772 et
1993 1699 2387 1773 hominibus
2436 1711 2676 1793 gratus
2732 1703 3130 1774 instituetur
3182 1703 3509 1793 antisteS,
3556 1705 3816 1778 amicus

995 1829 1185 1924 pacis
1217 1838 1286 1899 et
1321 1828 1578 1899 zelator
1599 1825 1914 1917 justicie,
1953 1846 2081 1921 per
2116 1846 2328 1918 quem
2377 1825 2682 1897 Ecclesie
2735 1836 2804 1898 et
2859 1825 3132 1921 imperii
3179 1827 3668 1899 reformabitur
3709 1828 3814 1901 di-

995 1954 1202 2024 lectio
1237 1961 1567 2023 consueta
1601 1958 1671 2021 et
1703 1960 1842 2021 tam
1878 1949 2078 2020 nobis
2109 1971 2320 2042 quam
2356 1949 2621 2021 cunctis
2658 1950 3025 2045 imperium
3064 1950 3510 2042 diligentibus
3542 1952 3818 2025 honoris

997 2087 1068 2148 et
1095 2075 1440 2148 commodi
1471 2084 1844 2168 augmenta
1877 2084 2341 2146 succrescant.
2386 2075 2536 2158 Que
2568 2075 2802 2146 omnia
2837 2070 2963 2172 [te]
2995 2095 3133 2147 non
3169 2075 3473 2172 patimur
3503 2076 3817 2169 ignorare

996 2212 1076 2273 ut
1111 2202 1183 2272 in
1213 2211 1452 2274 nostro
1493 2211 1564 2272 et
1603 2200 1873 2294 imperii
1919 2200 2202 2271 servitio
2240 2198 2378 2272 fide
2426 2199 2627 2270 solita
2669 2198 3036 2271 roboratus
3076 2199 3169 2270 ad
3209 2200 3441 2272 omnia
3473 2221 3612 2293 que
3656 2222 3815 2272 nos·

1001 2338 1179 2399 trum
1207 2326 1542 2398 honorem
1571 2325 1950 2418 respiciunt
1984 2334 2054 2395 et
2088 2323 2505 2395 adversariis
2540 2332 2702 2394 sunt
2742 2323 2994 2395 infesta
3036 2325 3330 2420 prebeas
3373 2324 3532 2396 totis
3558 2324 3820 2395 viribus

1001 2464 1069 2523 te
1106 2452 1448 2521 intentum
1484 2445 1609 2544 (b).

1413 2730 2054 2741 ῥ-οσ-ο-αοοο-μ.-,-.-.---
2075 2730 2532 2738 ...θ-...ν--.----.-.---
2637 2732 2645 2737 -
2669 2732 2733 2738 ...-
3168 2732 3407 2741 ‹wa—.—

1109 2981 1165 3062 F
1170 2980 1532 3062 ridericus
1550 3038 1572 3081 ‚
1626 2976 2144 3058 Romanorum
2182 2973 2621 3080 imperator,
2674 2975 2771 3055 ad
2821 2972 3450 3082 supplicationem
3495 2972 3820 3056 Latherii

1005 3114 1301 3197 abbatis
1346 3109 1600 3192 Sancti
1653 3108 2062 3189 Salvatoris
2111 3108 2208 3188 de
2257 3105 2553 3212 Insula,
2605 3105 3085 3216 privilegium
3134 3106 3315 3188 huic
3362 3104 3822 3189 monasterio

1006 3247 1106 3328 ab
1141 3245 1462 3326 Henrico
1511 3243 1960 3348 imperatore
1994 3247 2207 3347 patre
2244 3263 2384 3320 suo
2419 3239 2470 3319 9
2507 3237 2840 3322 octobris
2880 3242 3078 3321 1191
3124 3238 3511 3321 indultum
3533 3300 3556 3344 ‚
3604 3263 3824 3322 reno-

1007 3388 1137 3459 vat
1170 3387 1243 3458 et
1278 3375 1703 3457 confirmat.

1171 3592 1512 3671 (Memorat.
1541 3605 1638 3666 ap.
1670 3588 1986 3660 Bouana,
2017 3586 2243 3668 Reque.
2278 3587 2510 3665 imper„
2535 3603 2595 3662 p.
2628 3594 2767 3666 19⁴,
2795 3595 2862 3646 n⁰
2896 3594 3076 3666 1042,
3098 3602 3172 3647 ex
3198 3588 3364 3664 copia
3389 3601 3425 3646 a
3450 3584 3822 3646 Bethmanno

1244 3700 1309 3757 in
1335 3696 1468 3757 cod.
1497 3696 1784 3757 Vaticano
1815 3702 2002 3768 8052,
2032 3693 2215 3754 seculi
2242 3692 2479 3771 XVIII,
2506 3690 2935 3770 transumpta.)

1104 3889 1339 3957 Testes
1421 3884 1630 3975 hujus
1702 3881 1804 3952 rei
1880 3890 2044 3951 sunt
2108 3910 2125 3950 ε
2190 3879 2534 3951 Berardus
2620 3878 3176 3974 archiepisc-opus
3251 3878 3821 3966 PanormitanuS,

1006 4013 1090 4082 H.
1132 4007 1659 4102 Bambergensis
1695 4007 1983 4094 electus,
2026 4004 2400 4079 Tiboaldus
2449 4004 2851 4076 Franciscus
2887 4003 3084 4095 regni
3117 4003 3601 4092 marescalcuS,
3641 4002 3821 4072 Pan-

1092 4160 1174 4238 (a)
1219 4163 1287 4220 In
1315 4160 1513 4220 codice
1537 4174 1872 4239 reynerum,
1896 4157 2093 4215 miuus
2119 4160 2296 4215 recte.

1093 4263 1170 4343 (b)
1216 4265 1438 4324 Ibidem
1468 4271 1521 4324 te
1547 4265 1862 4338 incertum,
1900 4262 2073 4322 male.

1082 4502 1153 4573 (4)
1190 4500 1250 4556 In
1283 4498 1468 4557 codice
1495 4499 1726 4570 Pomm,
1762 4514 1889 4556 cum
1924 4498 2310 4558 abreviationis
2340 4497 2513 4571 signo.
2553 4498 2881 4555 Persuasum
2920 4494 3188 4555 habemus
3218 4495 3361 4569 quod
3404 4494 3496 4552 hic
3533 4500 3728 4568 agatur
3756 4493 3826 4553 do

1008 4600 1245 4658 Romano
1283 4595 1551 4671 quondam
1584 4595 1766 4654 Sancti
1799 4596 1991 4670 Angeli
2025 4597 2251 4654 diacono
2280 4594 2549 4653 cardinale
2565 4637 2580 4667 ,
2617 4600 2807 4668 postea
2831 4594 3116 4652 Portuensi
3149 4593 3396 4668 episeopo
3410 4636 3425 4666 ,
3463 4591 3556 4666 qui
3596 4595 3826 4661 vacante

1007 4695 1305 4772 Apostolica
1330 4693 1471 4753 Sede
1495 4707 1637 4752 anno
1661 4695 1798 4752 ⁴2⁴3
1823 4693 1935 4752 vita
1965 4693 2182 4752 functus
2209 4699 2314 4752 est.
2345 4694 2425 4750 De
2445 4692 2534 4751 die
2559 4707 2692 4751 vero
2719 4691 2837 4765 ejus
2859 4691 3044 4750 obitus
3067 4707 3175 4750 non
3198 4690 3359 4766 plane
3383 4696 3613 4749 constat.
