4364 5738
1048 573 1170 636 262
2036 577 2464 642 nimime!
2511 577 2855 643 ssscumm
3460 577 3633 664 [An.
3669 580 3847 643 1245.

1047 709 1454 783 Saracenica
1482 710 1818 804 pravitate
1853 709 2233 806 destructa,
2268 712 2431 787 fidei
2465 726 2699 789 nostre
2735 691 3151 789 detrimento
3180 714 3588 806 consulitur,
3627 716 3855 790 honor

1050 834 1388 906 excolitur
1419 833 1490 904 in
1518 855 1658 927 quo
1694 856 1824 907 vos
1861 835 2151 911 mirifica
2196 887 3104 911 ............
3159 834 3425 934 (Cetera
3451 837 3750 935 desunt.)

1153 1409 1577 1494 Fridericus
1590 1474 1615 1520 ,
1664 1412 2188 1498 Romanorum
2235 1415 2689 1522 imperator,
2725 1412 2823 1494 ad
2874 1410 3496 1520 supplicationem
3550 1409 3849 1493 Hem-ici

1045 1541 1443 1626 Misnensis
1485 1553 1559 1626 et
1605 1543 2011 1629 Orientalis
2068 1546 2568 1654 marchionis,
2624 1543 3106 1628 collationem
3158 1570 3293 1653 per
3349 1543 3600 1653 ipsum
3656 1568 3846 1627 mo-

1048 1674 1376 1757 nasterio
1421 1674 1740 1757 Cellensi
1788 1677 2064 1759 factam
2107 1679 2204 1760 de
2245 1677 2426 1760 villa
2467 1676 2840 1761 Nissewaz
2858 1737 2880 1782 ,
2929 1677 3026 1759 de
3060 1675 3514 1759 molendinis
3548 1676 3628 1758 in
3656 1675 3846 1759 Gri-

1048 1805 1314 1914 miniS,
1354 1807 1451 1888 de
1483 1807 1748 1916 viginti
1793 1818 1867 1891 et
1902 1835 2057 1893 uno
2092 1808 2381 1891 mansis
2416 1810 2495 1890 in
2535 1807 2863 1892 Ganzich
2899 1816 2974 1890 et
3008 1808 3383 1916 quasdam
3432 1807 3846 1916 emptiones

1048 1936 1147 2020 ab
1181 1938 1447 2022 eodem
1483 1941 1939 2024 monasterio
1977 1940 2246 2046 factas,
2277 1950 2480 2023 ratas
2515 1939 2746 2023 habet
2780 1950 2856 2023 et
2888 1937 3312 2022 confirmat.

1209 2150 1450 2232 (Inedit.
1482 2170 1556 2214 ex
1586 2155 1852 2232 originali
1878 2155 1943 2214 in
1967 2154 2213 2216 archivo
2244 2153 2555 2215 Dresdensi
2580 2159 2880 2215 asservato
2907 2155 3062 2213 inter
3087 2148 3390 2232 Privikq„
3418 2161 3485 2212 n⁶
3521 2160 3661 2224 418,
3690 2150 3846 2212 unde

1282 2259 1541 2338 sigillum
1574 2277 1806 2321 cereum
1833 2259 2098 2338 pendet.)

1140 2444 1216 2514 In
1262 2443 1540 2514 nomine
1577 2453 1812 2516 sancte
1858 2453 1929 2515 et
1964 2443 2322 2516 individue
2358 2441 2728 2515 Trinitatis,
2760 2442 3008 2514 Amen.
3046 2439 3431 2515 Friderious
3468 2440 3842 2530 secundus,

1046 2566 1278 2638 divina
1311 2568 1586 2640 favente
1617 2567 1980 2638 clementia
2010 2567 2478 2639 Romanorum
2510 2566 2909 2661 imperator,
2946 2587 3222 2660 semper
3259 2575 3619 2657 augustuS,
3650 2565 3843 2636 Jeru-

1047 2691 1261 2763 salem
1297 2700 1367 2763 et
1397 2691 1623 2762 Sicilie
1667 2713 1820 2762 rex.
1855 2691 2162 2785 inpensis
2193 2691 2392 2762 nobis
2431 2712 2474 2762 a
2512 2691 2808 2762 Domino
2847 2688 3201 2763 beneficiis
3242 2690 3739 2784 respondemus
3775 2698 3845 2761 et

1046 2816 1418 2908 gratiarum
1463 2816 1525 2887 ei
1561 2814 1910 2888 offerimus
1949 2815 2465 2907 holocaustum,
2506 2837 2665 2887 oum
2708 2823 3177 2887 sacrosanctas
3215 2813 3539 2886 ecclesias
3578 2823 3650 2886 et
3697 2833 3841 2885 mo-

1044 2940 1342 3012 nasteria
1378 2943 1524 3013 Deo
1577 2941 1801 3012 dicata
1841 2942 2077 3014 favore
2109 2951 2344 3014 nostre
2387 2941 2606 3032 gratie
2646 2939 3021 3027 intuentes,
3060 2961 3302 3012 eorum
3334 2937 3553 3033 quieti
3582 2947 3654 3011 et
3691 2938 3842 3034 paci

1045 3062 1573 3135 misericorditer
1599 3052 2080 3159 providemus,
2124 3073 2194 3136 et
2232 3085 2370 3157 que
2401 3073 2543 3133 tam
2576 3083 2619 3133 a
2649 3061 3074 3157 principibus
3110 3082 3322 3155 quam
3351 3084 3393 3133 a
3430 3061 3847 3155 quibuslibet

1045 3187 1196 3258 aliis
1236 3185 1487 3258 nostris
1533 3198 1603 3257 et
1645 3186 1911 3281 imperii
1941 3185 2261 3258 fidelibus
2301 3186 2467 3280 ipsis
2497 3195 2660 3258 sunt
2698 3185 2813 3281 pia
2848 3185 3257 3257 liberalitate
3285 3186 3569 3275 collata,
3612 3185 3845 3279 impe-

1046 3307 1232 3379 rialis
1273 3318 1507 3381 nostra
1552 3310 1885 3381 serenitas
1932 3308 2410 3380 ratihabitione
2461 3307 2861 3380 corroborat
2912 3317 2983 3380 et
3033 3306 3418 3379 confirmat.
3467 3308 3848 3403 Eapropter

1046 3453 1174 3527 per
1212 3453 1497 3527 presens
1532 3433 1967 3527 privilegium
2007 3441 2251 3504 notum
2283 3429 2431 3503 fieri
2462 3432 2783 3503 volumus
2827 3431 3169 3503 universis
3225 3430 3494 3527 imperii
3529 3428 3844 3503 fidelibus

1048 3565 1186 3628 tam
1216 3556 1651 3651 presentibus
1678 3566 1886 3650 quam
1918 3555 2194 3648 futuris,
2214 3554 2402 3647 quod
2426 3554 2758 3626 Henricus
2781 3554 3143 3627 Misnensis
3165 3564 3237 3627 et
3267 3554 3633 3628 Orientalis
3659 3574 3840 3625 mar-

1047 3678 1229 3767 chio,
1265 3679 1556 3749 dilectus
1586 3678 1907 3774 princeps
1938 3687 2009 3750 et
2050 3677 2602 3770 consanguineus
2634 3686 2895 3769 noster,
2933 3676 3324 3750 celsitudini
3354 3686 3587 3750 nostre
3618 3686 3842 3750 atten-

1049 3802 1183 3874 tius
1214 3802 1627 3897 supplicavit
1660 3801 1851 3895 quod
1890 3822 2048 3872 cum
2091 3801 2239 3896 ipse
2279 3803 2696 3874 monasterio
2728 3800 3021 3873 Cellensi
3050 3799 3505 3873 Cistertiensis
3543 3799 3837 3890 ordinis,

1045 3926 1237 4020 quod
1269 3925 1745 4021 progenitores
1792 3926 1941 4017 ejus
1971 3925 2086 4020 pia
2127 3924 2496 3997 devotione
2537 3923 3044 4013 fundaverunt,
3085 3923 3270 3995 bona
3300 3921 3603 4016 quedam
3632 3943 3768 4016 que
3799 3941 3842 3994 a

1045 4049 1249 4121 nobis
1287 4058 1357 4120 et
1385 4048 1676 4143 imperio
1716 4049 1789 4120 in
1830 4047 2039 4120 feudo
2088 4048 2344 4138 tenuit,
2375 4046 2699 4119 videlicet
2737 4046 2972 4119 villam
3009 4047 3400 4137 Nissewaz,
3449 4045 3845 4119 molendina

1049 4172 1120 4242 in
1154 4171 1509 4262 Criminis,
1564 4171 1805 4264 viginti
1845 4192 2121 4244 mansos
2167 4180 2242 4243 et
2284 4190 2500 4240 unum
2546 4168 2618 4240 in
2664 4169 2962 4242 Ganzioh
3000 4191 3129 4266 pro
3158 4171 3382 4241 salute
3427 4177 3499 4240 et
3540 4167 3844 4241 remedio

1049 4294 1275 4364 anime
1319 4316 1441 4365 sue
1493 4303 1562 4364 et
1622 4293 2006 4365 animarum
2063 4292 2581 4388 progenitorum
2630 4312 2952 4384 suorum,
3019 4291 3390 4363 liberaliter
3440 4290 3842 4382 contulerit,

1048 4415 1284 4487 villam
1324 4436 1600 4509 quoque
1634 4417 1954 4488 Oztrowe
1984 4436 2194 4508 quam
2234 4436 2277 4486 a
2306 4413 2745 4506 BernhardO,
2780 4415 3146 4487 Chunrado
3184 4423 3255 4486 et
3283 4412 3678 4487 Reinhardo
3710 4414 3845 4487 fra·

1051 4538 1269 4611 tribus
1303 4537 1390 4610 de
1422 4539 1682 4629 Ztrele,
1714 4550 1784 4610 et
1809 4539 2114 4631 quinque
2143 4559 2420 4610 mansos
2459 4537 2532 4608 in
2566 4537 2773 4609 Leine
2801 4559 2977 4630 quos
3006 4538 3097 4610 ab
3121 4536 3418 4610 Henrioo
3445 4537 3536 4611 de
3568 4535 3844 4610 Storch·

1048 4662 1211 4734 witz
1230 4714 1250 4751 ,
1305 4660 1555 4733 nostris
1607 4661 2199 4754 ministerialibus,
2248 4661 2465 4733 abbas
2519 4670 2591 4733 et
2637 4670 3020 4734 conventus
3081 4660 3393 4753 ejusdem
3448 4659 3844 4734 monasterii
