4364 5738
573 558 803 636 ⁸lnior.
829 555 926 637 2.]
1487 552 1888 620 HISTORIA
1937 555 2532 622 nu’houarlcs.
3305 552 3426 618 233

593 690 902 766 lionatus
927 687 1233 764 officium
1255 687 1520 785 ubique
1546 710 1676 786 per
1696 690 2067 786 imperium
2095 690 2189 766 ad
2215 690 2553 764 honorem
2582 700 2655 764 et
2681 687 3088 766 fidelitatem
3116 700 3423 766 nostram

593 813 859 889 debeat
893 811 1198 888 fideliter
1241 832 1599 886 exercere.
1638 812 1977 904 Quocirca
2015 814 2449 889 universitati
2480 823 2711 889 vestre
2740 813 3195 909 precipiendo
3225 836 3423 892 man·

598 935 848 1014 damus
872 945 1219 1032 quatenus
1245 935 1562 1033 predicto
1587 937 2008 1012 Boncambio
2037 937 2111 1010 in
2138 936 2274 1012 hiis
2298 957 2439 1033 que
2465 936 2559 1010 ad
2582 934 2901 1030 ejusdem
2924 935 3186 1031 publici
3211 935 3425 1011 tabel-

595 1060 897 1135 lionatus
915 1058 1224 1136 officium
1244 1068 1568 1154 spectare
1583 1070 2000 1152 noscuntur,
2013 1060 2394 1135 intendatis
2414 1060 2509 1134 de
2528 1070 2766 1134 cetero
2792 1069 3122 1154 tanquam
3140 1059 3421 1156 publico

594 1184 951 1258 tabellioni
979 1205 1025 1259 a
1057 1185 1418 1278 majestate
1458 1193 1697 1258 nostra
1735 1193 1995 1259 statuto
2025 1185 2120 1260 ad
2154 1185 2494 1259 honorem
2527 1194 2604 1258 et
2636 1182 3042 1258 fidelitatem
3082 1193 3418 1274 nostram,

598 1318 670 1386 et
711 1309 949 1382 nullus
988 1308 1079 1381 sit
1116 1309 1237 1401 qui
1280 1328 1442 1380 eum
1477 1329 1693 1403 super
1736 1309 1985 1384 eodem
2035 1308 2264 1386 officio
2311 1308 2572 1403 publici
2626 1306 3113 1384 tabellionatus
3160 1317 3420 1384 temere

590 1431 934 1528 impedire
966 1432 1078 1504 vel
1110 1431 1520 1527 perturbare
1545 1442 1929 1528 presumat.
1967 1433 2171 1522 Quod
2202 1431 2322 1527 qui
2350 1432 2846 1530 presumpserit
2872 1431 3419 1524 indignationem

593 1565 903 1630 nostram
938 1576 1020 1630 se
1057 1554 1335 1628 noverit
1367 1554 1833 1630 inciusumm.
1868 1556 1982 1632 Ad
2015 1555 2228 1652 hujus
2264 1565 2501 1630 autem
2534 1555 2638 1630 rei
2667 1555 3075 1630 memoriam
3104 1564 3180 1632 et
3200 1555 3416 1629 stabi-
3570 1590 3579 1600 ·

587 1679 735 1752 lem
759 1676 1184 1769 firmitatem,
1215 1698 1506 1773 presens
1532 1679 1866 1775 scriptum
1885 1677 2041 1758 fieri
2063 1689 2137 1756 et
2157 1679 2539 1773 majestatis
2568 1688 2803 1756 nostre
2830 1679 3059 1772 sigillo
3086 1680 3419 1772 iussimus

593 1799 1032 1876 communiri.

687 1925 946 2000 Datum
981 1924 1182 2016 Ρὶείε,
1210 1944 1397 1998 anno
1424 1923 1769 2000 dominice
1797 1924 2297 2000 incarnationis
2322 1926 2419 2000 Μ.
2452 1926 2573 2000 CC.
2600 1925 3005 2017 xxxxlm.
3023 1945 3266 2000 mense
3286 1946 3415 2000 an-

588 2050 803 2143 gusti,
839 2047 1147 2123 secunde
1175 2047 1601 2122 indictionis,

683 2169 977 2270 [Extant
1007 2173 1080 2246 in
1111 2172 1362 2247 eodem
1388 2171 1713 2266 registro,
1735 2171 1858 2246 fol.
1883 2172 1983 2246 98
2009 2181 2201 2246 recto
2232 2180 2306 2244 et
2335 2171 2459 2245 fol.
2494 2171 2589 2244 96
2619 2179 2848 2259 recto,
2883 2171 3031 2244 duo
3059 2173 3199 2245 alia
3226 2194 3421 2248 man-

588 2296 755 2372 data
789 2295 1109 2390 eJusdem
1147 2295 1589 2390 imperatoris
1620 2304 1695 2368 et
1725 2294 2040 2388 eJ'usdem
2069 2295 2453 2386 formulae,
2489 2315 2710 2366 unum
2751 2316 2880 2387 pro
2908 2295 3238 2370 Amatore
3274 2294 3418 2370 filio

583 2420 944 2513 quondam
979 2420 1304 2494 Scarlatti
1333 2419 1427 2492 de
1453 2419 1780 2507 Cortona,
1817 2418 2063 2492 datum
2097 2418 2295 2512 Pisis,
2334 2439 2520 2491 anno
2555 2418 2897 2491 dominice
2929 2419 3417 2494 incarnationis

582 2543 680 2620 M.
698 2543 822 2620 CC.
841 2542 1240 2634 XXXXIIH,
1267 2563 1508 2616 mense
1531 2541 1847 2637 augusti,
1875 2540 2188 2615 secunde
2214 2541 3067 2632 indictionis3--alterum
3099 2564 3266 2620 vero
3287 2565 3415 2638 pro

580 2667 858 2742 Nerone
888 2664 1033 2740 filio
1061 2665 1487 2739 Deutesalvii
1517 2665 1610 2740 de
1637 2665 1966 2757 Cortona,
1993 2664 2239 2738 datum
2268 2665 2467 2757 Pisis,
2494 2686 2681 2740 anno
2714 2665 3060 2740 dominice
3090 2666 3411 2742 incarna-

584 2790 791 2866 tionis
817 2790 911 2865 Μ.
936 2790 1402 2866 mxxxxv
1427 2788 1606 2886 (lcqe
1658 2787 1928 2887 4244),
1967 2810 2212 2866 mense
2258 2789 2579 2883 augusti,
2626 2789 2937 2864 secunde
2984 2789 3408 2866 indictionis.

582 2917 805 3007 Quae,
824 2936 988 2991 cum
1019 2916 1304 2990 easdem
1331 2923 1535 2989 notas
1565 2913 2085 3008 chronologicas
2105 2914 2531 3009 exprimant,
2548 2912 2661 2987 hic
2688 2914 3141 2991 transm-ibere
3160 2937 3408 3011 super·-

584 3060 970 3113 vacaneum
1002 3034 1393 3135 duximus]

684 3599 1117 3686 fridericus
1132 3660 1158 3709 ‚
1197 3599 1715 3685 Romanorum
1765 3599 2204 3715 imperator,
2242 3603 2345 3691 ad
2388 3603 2778 3717 querelam
2816 3605 3187 3688 Manfredi
3238 3607 3397 3689 ab-
3495 3662 3549 3701 2⁷

581 3731 782 3817 batis
820 3731 1078 3821 Sancti
1129 3731 1543 3821 silvatoris
1593 3734 1694 3819 de
1739 3732 1998 3823 Monte
2047 3733 2383 3847 Amiato‚
2418 3734 2799 3823 Pandulfo
2852 3737 2948 3819 de
3002 3738 3394 3829 Fasanella

581 3864 877 3973 imperii
913 3866 993 3946 in
1030 3864 1305 3947 Tuscia
1339 3862 1732 3972 capitaneo
1779 3865 2115 3974 generali
2160 3868 2478 3951 mandat
2516 3879 2602 3951 ut
2637 3869 2737 3951 ad
2772 3894 3135 3985 magnam
3168 3898 3393 3967 suam

579 3996 873 4085 curiam
926 3996 1104 4084 citet
1155 3997 1779 4113 communitatem
1835 3996 2066 4085 castri
2121 3998 2398 4089 Montis
2446 3999 2667 4110 Nigri
2685 4061 2710 4108 ,
2762 4003 3142 4109 quosdam
3192 4005 3393 4089 cives

571 4126 988 4238 Senensis,
1039 4130 1511 4219 vicecomites
1544 4130 1643 4219 de
1680 4129 2053 4244 Campilio
2089 4142 2172 4221 et
2218 4131 2448 4243 alios,
2488 4132 2738 4221 eidem
2791 4132 3047 4221 abbati
3076 4136 3178 4227 de
3224 4139 3394 4227 vio-

573 4260 830 4349 ienffis
853 4260 1091 4350 illatis
1124 4289 1651 4372 responsuros,

740 4459 988 4538 (Inedit.
1015 4478 1091 4522 ex
1116 4462 1384 4542 originali
1409 4479 1674 4542 pergam.
1702 4479 1801 4541 ap.
1830 4462 1993 4523 arch.
2021 4462 2331 4541 diplomat.
2363 4463 2628 4527 Floreat.
2655 4467 3003 4548 asservato.)

672 4632 1085 4726 FridericuS,
1110 4637 1237 4708 Dei
1266 4636 1490 4730 gratia
1519 4636 1986 4709 Romanorum
2018 4634 2397 4730 imperator
2423 4659 2698 4734 semper
2728 4652 3090 4735 augustus,
3119 4647 3396 4720 Jerusa-

735 4754 842 4816 VI.
3000 4774 3075 4826 80

3558 3608 3671 3650 Pisi·
3682 3636 3696 3657 ,

3572 3664 3764 3713 augusti.
