4364 5738
582 546 781 605 mmm.
814 543 907 621 2.]
1476 536 1869 597 ms'roma
1920 487 2508 598 n1PLoMA‘r1cA.
3292 537 3403 595 177

583 678 866 751 dabitur
905 678 978 748 in
1019 677 1355 747 futurum.
1404 674 1548 744 Hec
1591 672 1801 764 igitur
1849 694 1988 765 que
2032 672 2125 744 ad
2162 671 2426 743 bonum
2466 672 2657 768 pacis
2698 673 2877 744 sacta
2927 683 3090 743 sunt
3134 672 3408 743 noviter

581 827 709 900 per
753 823 986 876 sacros
1016 800 1249 895 apices
1283 798 1357 868 in
1394 797 1744 894 publicam
1779 796 2154 868 deferimus
2196 795 2588 887 notionem,
2628 796 2754 868 sed
2785 796 3176 892 specialiter
3208 797 3408 869 vobis

585 926 997 998 nunciamus
1034 923 1125 996 ad
1166 920 1496 1015 gaudium
1528 930 1609 991 ut
1648 920 1822 992 illud
1862 942 1989 1015 per
2023 917 2268 992 fideles
2300 930 2571 992 nostros
2609 919 2818 992 totius
2852 920 3214 992 Germania
3256 929 3404 991 stu-

586 1049 808 1121 deatis
842 1059 981 1119 tam
1014 1045 1187 1142 ylari
1217 1066 1427 1139 quam
1460 1044 1771 1116 studioso
1803 1053 2243 1139 programate
2276 1044 2657 1138 publicare,
2683 1065 2857 1136 quos
2893 1044 3147 1114 scimus
3178 1044 3404 1114 incre-

586 1182 823 1245 menta
862 1170 1131 1268 imperii
1179 1180 1323 1242 toto
1364 1169 1575 1241 corde
1617 1167 1903 1261 diligere
1945 1178 2016 1239 et
2045 1167 2384 1239 honorem
2425 1167 2641 1238 nostri
2683 1167 3092 1239 diadematis
3138 1189 3409 1239 summo

589 1296 935 1370 desiderio
989 1294 1378 1391 prestolari.
1426 1292 1740 1385 Denique
1791 1314 1948 1363 cum
1999 1312 2127 1388 pro
2178 1290 2574 1386 recipienda
2635 1291 3119 1364 benedictione
3175 1292 3412 1362 matris

590 1421 898 1494 Ecclesia
941 1440 1215 1491 necnon
1249 1439 1378 1515 pro
1426 1419 1660 1510 quiete
1697 1417 1974 1513 publica
2019 1416 2543 1489 communicatis
2589 1415 2891 1487 consiliis
2936 1414 3405 1509 procuranda,

590 1544 783 1616 adire
828 1566 1174 1616 summum
1231 1540 1630 1639 pontificem
1682 1541 1756 1613 in
1802 1542 2122 1638 proximo
2170 1539 2621 1637 disponamus
2666 1552 2737 1613 et
2789 1540 3043 1612 abinde
3090 1539 3163 1611 in
3208 1542 3409 1613 Lom-

591 1667 904 1739 bardiam
941 1668 1208 1762 potenti
1247 1662 1533 1738 brachio
1573 1686 1702 1736 nos
1738 1665 2087 1754 conferre,
2126 1664 2540 1737 mandamus
2588 1664 2946 1737 devotioni
2975 1674 3204 1737 vestre
3238 1685 3413 1758 qua-

477 1862 484 1868 .
594 1801 795 1862 tenus
836 1792 1044 1884 juxta
1095 1791 1286 1884 quod
1336 1812 1462 1887 per
1506 1789 1677 1861 alias
1726 1787 1989 1861 litteras
2030 1798 2303 1860 nostras
2354 1789 2551 1860 vobis
2601 1789 2955 1886 scripsisse
3000 1789 3408 1880 recolimus,

594 1914 820 1986 taliter
855 1937 984 1986 vos
1023 1915 1282 2010 paretis
1328 1914 1520 2008 quod
1564 1912 1655 1984 ad
1702 1922 2074 2008 sequentes
2126 1921 2362 1983 nostre
2413 1911 2840 1984 celsitudinis
2880 1914 3112 2009 apices
3159 1912 3251 1985 ad
3302 1936 3414 1985 so·

593 2040 945 2132 lempnem
983 2037 1246 2108 curiam
1289 2058 1499 2131 quam
1545 2035 1903 2105 vobiscum
1943 2043 2014 2105 et
2050 2033 2260 2106 etiam
2297 2057 2458 2106 cum
2494 2034 2646 2106 aliis
2691 2035 3117 2132 principibus
3166 2038 3418 2109 nostris

593 2164 866 2233 Verone
906 2161 1278 2233 tenendam
1319 2159 1736 2248 indiximuS‚
1775 2167 2012 2230 nostro
2045 2178 2171 2229 vos
2211 2157 2613 2252 conspectui
2648 2158 2934 2252 ylariter
2979 2161 3408 2254 presentetis.

1031 2455 1379 2466 ——-—-

707 2717 1035 2815 Quidam
1082 2718 1560 2827 imperatoris
1608 2717 1855 2801 fidelis
1901 2719 1999 2802 ad
2049 2720 2384 2829 captivos
2432 2719 2693 2803 scribit
2740 2722 2952 2831 quod
2992 2748 3177 2833 pace
3227 2724 3424 2806 inter

603 2874 990 2933 summum
1028 2850 1463 2960 pontificem
1500 2863 1574 2934 et
1609 2851 2028 2961 principem
2059 2854 2524 2963 composita,
2563 2880 2900 2939 carceres
2943 2856 3302 2967 utrinque
3341 2858 3419 2940 in

602 2979 809 3066 brevi
847 2984 1303 3092 aperientur.

768 3193 1012 3273 (Inedit.
1043 3212 1074 3254 e
1102 3197 1236 3258 cod.
1266 3196 1407 3256 bibl.
1445 3197 1643 3257 Cesar.
1674 3198 1934 3262 Vindob.
1967 3198 2277 3283 Philoloq„
2308 3201 2375 3261 n‘
2407 3211 2543 3280 187,
2576 3201 2680 3263 fol.
2710 3210 2782 3263 14
2813 3221 3014 3285 verso,
3046 3209 3109 3265 in
3137 3222 3257 3283 quo
3286 3223 3422 3266 cum

844 3302 1087 3378 epistola
1120 3302 1312 3378 Quum
1345 3303 1413 3361 in
1439 3301 1779 3364 Lombardie
1798 3304 2089 3384 partibus,
2113 3315 2251 3380 etc„
2274 3325 2451 3386 quam
2481 3308 2634 3370 intra
2659 3310 3096 3390 exhibebimus,
3126 3314 3290 3374 nullo
3317 3315 3422 3375 ad-

845 3411 1025 3469 misso
1051 3410 1365 3470 intervallo
1391 3426 1579 3469 unum
1606 3414 1776 3489 quasi
1801 3430 2015 3490 corpus
2041 3414 2270 3495 efficit.)

703 3594 1006 3668 Laudato
1040 3594 1142 3693 (a)
1171 3598 1538 3669 Dominum
1572 3599 1646 3669 in
1690 3601 2013 3673 omnibus
2059 3602 2385 3696 operibus
2424 3604 2611 3696 ejus,
2660 3603 3051 3678 benedicite
3097 3607 3423 3679 continue

608 3742 859 3793 nomen
884 3744 1114 3813 suum,
1137 3723 1258 3815 qui
1287 3734 1519 3818 preter
1546 3724 1753 3796 aliam
1780 3727 2073 3819 gratiam
2100 3749 2326 3822 nuper
2356 3727 2448 3799 ab
2484 3749 2569 3800 eo
2602 3728 2925 3801 collatam
2952 3730 3040 3802 de
3068 3752 3208 3824 qua
3243 3741 3427 3803 totus

609 3845 931 3917 letabitur
962 3847 1264 3942 populus
1297 3847 1735 3939 christianuS,
1775 3851 2208 3946 captivorum
2247 3851 2601 3946 angustias
2630 3852 3035 3947 respicienS,
3070 3853 3152 3924 iis
3182 3854 3426 3928 diebus

607 3969 986 4041 secundum
1033 3971 1548 4044 multitudinem
1599 3974 2120 4047 miserationum
2160 3997 2442 4048 suarum
2487 3998 2730 4049 eorum
2782 3977 3057 4050 miserie
3103 3978 3427 4072 dignatus

610 4104 714 4164 est
752 4094 1097 4186 misereri,
1135 4095 1304 4166 dum
1341 4119 1469 4193 per
1502 4107 1813 4194 optatam
1852 4098 2181 4173 universo
2227 4100 2491 4172 mundo
2532 4099 2976 4173 concordiam
3012 4100 3194 4175 inter
3235 4126 3426 4177 sum-

612 4237 801 4287 mum
841 4217 1237 4313 pontificem
1274 4230 1345 4291 et
1380 4220 1739 4294 dominum
1780 4232 2096 4295 nostrum
2131 4224 2584 4318 compositam
2631 4233 2701 4294 et
2739 4222 3079 4298 firmatam
3101 4282 3120 4319 ‚
3171 4230 3428 4323 apertis

610 4339 933 4433 utrinque
981 4345 1410 4436 carceribus,
1465 4346 1808 4438 generalis
1858 4346 2008 4418 fieri
2053 4346 2308 4418 debeat
2352 4347 2668 4420 liberatio
2718 4347 3183 4424 detentorum.
3230 4355 3427 4426 Unde

610 4484 737 4535 vos
772 4485 1042 4557 omnes,
1076 4468 1595 4549 confortationis
1631 4479 1987 4564 assumpto
2020 4469 2293 4564 spiritu,
2330 4470 2586 4564 pariter
2612 4471 2685 4543 in
2717 4475 3008 4549 Domino
3034 4479 3425 4571 gaudeatiS,

696 4639 776 4719 (a)
821 4643 890 4702 In
918 4643 1052 4703 cod.
1083 4645 1240 4705 male
1263 4642 1503 4707 adaco.

769 4748 876 4810 VI.
3035 4769 3110 4822 ²8

3564 2721 3756 2776 Merui-1
