4364 5738
540 586 743 648 Ixmc't.
773 585 867 667 4.]
1426 584 1822 648 HISTORIA
1872 587 2470 656 nlpbouATmA.
3236 591 3359 657 355

544 716 981 804 Grondulae
1038 725 1117 800 et
1171 714 1525 802 territorii
1572 713 1740 824 ejus
1784 727 1958 826 post
2001 719 2575 829 inquisitionem
2625 720 3027 832 diligenter
3080 721 3361 808 factem

545 848 1100 957 exprimuntur.

710 1063 942 1146 (Edidit
961 1063 1153 1139 Arre,
1182 1063 1339 1126 Scor.
1371 1061 1434 1123 di
1458 1063 1700 1140 Parma,
1732 1072 1780 1127 t.
1810 1065 1924 1141 111,
1956 1068 2212 1146 append.
2243 1077 2309 1128 n⁰
2337 1068 2678 1147 LXXVIII,
2705 1084 2739 1128 e
2765 1070 2956 1147 primo
2983 1068 3119 1128 libr.
3150 1074 3358 1128 statut.

787 1172 955 1231 civit.
987 1167 1218 1248 Parm.)

644 1302 1011 1375 Federicus
1035 1357 1055 1396 ,
1085 1304 1210 1375 Dei
1241 1304 1464 1398 gratia
1492 1305 1959 1377 Romanorum
1992 1304 2370 1403 imperator
2398 1329 2675 1404 semper
2700 1317 3034 1399 augustus
3052 1358 3073 1399 ,
3100 1306 3368 1378 Jerusa-

551 1427 688 1498 lem
721 1435 793 1498 et
822 1427 1051 1498 Sicilie
1088 1450 1241 1500 rex.
1279 1429 1412 1499 Per
1449 1449 1736 1524 presens
1770 1438 2017 1522 patens
2046 1426 2149 1528 (a)
2192 1431 2523 1527 scriptum
2555 1429 2991 1502 notificamus
3024 1427 3368 1500 universis

552 1549 823 1648 imperii
850 1549 1069 1621 nostri
1094 1548 1414 1622 fidelibus
1443 1561 1583 1622 tam
1608 1551 2047 1645 presentibus
2086 1572 2297 1644 quam
2327 1552 2577 1624 futuris
2604 1552 2796 1647 quod
2817 1551 3083 1625 dudum
3109 1549 3366 1623 certifi-

554 1674 694 1775 cari
728 1675 1042 1748 volentes
1073 1674 1326 1767 quibus
1351 1671 1605 1745 finibus
1633 1683 1934 1747 castrum
1967 1675 2322 1747 Grondule
2354 1676 2562 1747 situm
2597 1676 2670 1746 in
2713 1675 3003 1770 imperio
3034 1697 3193 1747 cum
3225 1684 3366 1747 ter-

555 1797 793 1880 ritorio
819 1818 977 1888 suo,
1000 1796 1192 1868 curia
1218 1806 1290 1868 et
1313 1796 1747 1892 pertinentiis
1771 1797 2256 1887 concludatur,
2281 1798 2577 1870 Henrico
2594 1799 2795 1870 Teste
2821 1809 2891 1870 et
2915 1799 3216 1871 Roberto
3243 1799 3370 1870 Ca-

557 1922 786 1994 razolo
818 1920 908 1994 de
938 1920 1228 2015 Neapoli
1259 1919 1578 1992 dedimus
1611 1920 1683 1990 in
1717 1920 2061 1992 mandatis
2089 1930 2169 1991 ut
2200 1918 2528 2012 fideliter,
2563 1922 2933 2016 diligenter
2967 1932 3036 1994 et
3066 1922 3372 1995 studiose

558 2066 686 2142 per
733 2043 977 2116 fideles
1040 2052 1113 2115 et
1154 2053 1426 2120 veteres
1491 2041 1810 2115 homines
1858 2042 2159 2137 regionis
2223 2043 2438 2142 ipsius
2503 2045 2934 2139 inquirerent
2982 2045 3072 2117 de
3121 2043 3374 2116 finibus

559 2166 998 2263 supradictiS‚
1027 2176 1100 2237 et
1127 2166 1315 2261 ipsos
1351 2165 1633 2238 demum
1660 2166 2000 2237 veraciter
2032 2177 2101 2237 et
2133 2165 2451 2238 distincte
2479 2179 2871 2262 compertos
2905 2168 3036 2239 sub
3066 2167 3375 2260 legitimo

562 2291 954 2365 testimonio
979 2289 1051 2360 in
1076 2289 1433 2386 publicum
1461 2288 1859 2382 redigerent
1882 2289 2442 2360 instrumentum.
2473 2289 2605 2373 Qui
2634 2291 3038 2362 mandatum
3063 2301 3378 2363 nostrum

562 2415 818 2509 exequi
856 2424 1343 2509 procurantes,
1394 2413 1574 2485 facta
1605 2412 1769 2485 inde
1806 2413 2119 2504 diligenti
2148 2412 2592 2508 inquisitione
2622 2434 2751 2507 per
2789 2411 3065 2504 fideleS,
3103 2424 3378 2486 veteres

562 2549 632 2611 et
657 2538 947 2611 idoneos
966 2539 1155 2609 viros
1179 2537 1483 2631 ipsarum
1511 2537 1810 2632 partium
1823 2589 1842 2627 ,
1860 2537 1962 2608 rei
1984 2537 2298 2608 conscios
2314 2545 2383 2608 et
2401 2536 2589 2609 omni
2614 2537 3025 2631 exceptione
3049 2538 3374 2629 majores,

507 2752 515 2759 .
563 2661 980 2734 invenerunt
1024 2670 1327 2732 castrum
1371 2659 1759 2754 predictum
1802 2659 2155 2732 Grondule
2206 2681 2365 2731 cum
2415 2659 2757 2731 territorio
2776 2711 2795 2749 ,
2833 2659 3264 2753 pertinentiis
3310 2669 3381 2730 et

566 2784 756 2856 curia
800 2806 927 2856 sua
966 2784 1098 2856 sub
1133 2782 1585 2878 infrascriptis
1638 2781 2025 2855 confinibus
2062 2768 2211 2855 fore
2252 2783 2656 2887 conclusum
2711 2811 2728 2854 ε
2780 2782 3039 2854 scilicet
3070 2804 3112 2853 a
3147 2792 3380 2855 monte

565 2910 849 3002 Lagulla
898 2931 1171 2980 sursum
1215 2930 1461 2980 versus
1502 2907 1930 2980 Grondulam
1973 2917 2046 2978 et
2077 2928 2118 2978 a
2162 2907 2391 2977 rivulo
2435 2906 2754 3000 Brayolle
2797 2906 2984 2978 intus
3022 2927 3245 3000 usque
3289 2906 3383 2979 ad

567 3031 826 3104 flumen
857 3032 1201 3123 Magnolle
1228 3052 1272 3101 a
1298 3052 1452 3102 sera
1476 3031 1729 3102 montis
1760 3052 1983 3124 usque
2016 3030 2108 3102 ad
2139 3030 2443 3102 rivulum
2470 3029 2764 3122 Brajolle
2792 3051 3034 3101 versus
3060 3029 3381 3101 Grondu-

567 3156 707 3226 lam
739 3152 1124 3226 secundum
1155 3152 1345 3246 quod
1378 3153 1597 3244 taJant
1620 3151 1774 3250 (sic)
1798 3162 2069 3225 montes
2101 3152 2192 3224 de
2218 3153 2505 3245 Lagulla
2535 3174 2758 3245 usque
2790 3152 2882 3224 ad
2915 3151 3175 3224 flumen
3199 3151 3384 3224 Viri-

573 3277 683 3349 dis
709 3277 896 3347 intus
921 3297 1141 3368 usque
1174 3275 1264 3347 ad
1297 3273 1554 3347 flumen
1579 3275 1832 3347 Darine
1857 3298 1901 3347 a
1927 3297 2084 3347 sera
2114 3276 2368 3348 montis
2399 3276 2658 3370 Mulpe,
2684 3286 2754 3348 et
2785 3275 3171 3348 secundum
3197 3270 3390 3369 quod

573 3399 766 3471 vadit
795 3398 1025 3471 Macra
1055 3419 1297 3470 versus
1319 3398 1625 3469 viridem
1644 3419 1868 3492 usque
1895 3398 1988 3470 ad
2016 3400 2270 3470 fossam
2301 3400 2776 3493 Tresgnesque
2809 3407 2881 3470 et
2909 3420 2952 3470 a
2983 3408 3219 3471 monte
3251 3399 3390 3471 Go-

574 3532 723 3595 tero
765 3522 937 3594 citra
983 3543 1225 3592 versus
1262 3520 1685 3593 Grondulam
1719 3531 1789 3593 et
1823 3543 1866 3593 a
1895 3520 2180 3593 flumine
2208 3521 2645 3593 Terradoane
2680 3521 2852 3593 citra
2882 3544 3125 3594 versus
3169 3522 3388 3595 Gron-

577 3646 814 3719 dulam
848 3654 918 3716 et
948 3665 991 3715 a
1025 3653 1261 3715 monte
1299 3643 1694 3715 Mulinatico
1737 3643 1923 3715 intus
1954 3666 2198 3716 versus
2229 3643 2651 3716 Grondulam
2687 3653 2757 3714 et
2786 3665 2828 3714 a
2864 3654 3099 3716 monte
3130 3645 3392 3716 Pellato

574 3768 761 3839 intus
790 3788 1035 3840 versus
1069 3764 1524 3855 Grondulam,
1560 3776 1632 3836 et
1670 3786 1714 3837 a
1754 3775 1991 3838 monte
2027 3765 2283 3838 Araole
2323 3766 2510 3838 intus
2549 3787 2792 3838 versus
2831 3765 3289 3858 Grondulam,
3321 3777 3393 3838 et

577 3914 735 3964 cum
768 3901 914 3965 toto
946 3912 1031 3965 eo
1063 3890 1254 3985 quod
1285 3890 1632 3963 clauditur
1662 3890 1842 3963 infra
1871 3890 2220 3987 predictos
2251 3889 2595 3982 confines,
2628 3890 3018 3987 specialiter
3043 3890 3392 3962 Succisam

574 4025 648 4093 et
677 4016 990 4089 Fractam
1017 4036 1177 4087 cum
1206 4035 1447 4086 eorum
1478 4012 1892 4086 coherentiis
1920 4024 1991 4086 et
2018 4023 2233 4086 totam
2265 4013 2512 4088 silvam
2534 4014 2806 4086 Tedorii
2832 4014 3066 4109 Mulpe
3086 4067 3107 4102 ‚
3132 4012 3393 4088 scilicet

577 4139 968 4213 Cerveriam
983 4191 1003 4229 ‚
1037 4137 1578 4213 Montinavolam
1595 4191 1615 4229 ‚
1656 4147 1972 4211 sanctum
1999 4138 2476 4227 Laurentium,
2506 4138 2979 4229 Raxebegam,
3011 4136 3387 4231 Aghinam,

579 4258 950 4334 Coblobam
964 4258 1089 4357 (b),
1108 4260 1602 4353 Theoblebam,
1621 4262 1915 4358 Brayam
1934 4270 2007 4333 et
2016 4262 2325 4352 Bratum,
2349 4283 2487 4357 que
2507 4281 2749 4333 omnes
2767 4272 3106 4334 vocantur
3115 4262 3386 4357 Mulpe;

580 4380 746 4457 item
788 4384 1249 4476 Gravagnam,
1288 4385 1883 4478 Montemlongum
1922 4404 2083 4455 cum
2127 4404 2372 4456 eorum
2413 4383 2853 4476 coherentiis,
2891 4386 3085 4460 salva
3126 4384 3394 4457 ratione

670 4554 757 4635 (ο)
795 4556 868 4618 1¹¹
896 4558 1181 4634 imvm-0
1202 4556 1590 4641 pdoehqiun.

668 4657 752 4740 (b)
780 4660 1055 4725 Forsitan
1083 4660 1381 4727 Gobann-
1402 4664 1736 4744 (Govlnte).
1758 4664 2047 4743 Pleraque
2072 4664 2221 4728 haee
2241 4667 2487 4728 nomine.
2510 4666 2722 4729 mutlln
2748 4674 2911 4728 suut.
