4364 5738
572 587 776 648 lumem
807 585 900 664 2.]
1457 583 1856 646 HISTORIA
1907 582 2502 646 DIPLOMATICA.
3277 582 3399 644 209

575 730 648 794 et
667 719 939 794 Ottonis
965 718 1446 809 cardinalium,
1467 719 1589 812 qui
1613 731 1910 815 excepta
1941 739 2241 815 persona
2273 727 2508 790 nostra
2540 718 2965 813 supplebunt
2989 719 3061 789 in
3084 717 3396 789 satisfac-

577 845 765 918 tione
803 853 874 916 et
911 843 1279 916 securitate
1320 841 1513 936 quod
1539 842 1844 916 viderint
1876 864 2026 915 esse
2066 840 2562 938 supplendum,
2599 841 2697 913 ita
2731 852 2965 914 tamen
2996 841 3189 937 quod
3225 840 3399 914 nihil

577 968 837 1042 faciant
860 968 1010 1041 sine
1035 966 1325 1041 consilio
1354 975 1427 1039 et
1455 967 1783 1040 mandato
1813 966 2078 1040 domini
2106 988 2327 1062 pape3
2358 976 2430 1037 et
2457 966 2785 1062 predictis
2816 966 3053 1058 salvis,
3081 966 3170 1039 de
3184 968 3397 1039 satis-

578 1092 878 1165 factione
913 1102 985 1164 et
1014 1091 1381 1164 securitate
1409 1090 1703 1186 predicti
1734 1101 2141 1165 tractatores
2162 1090 2420 1162 faciant
2448 1089 2639 1184 quod
2669 1089 2757 1165 de
2790 1091 3077 1163 consilio
3109 1091 3401 1164 fratrum

576 1214 899 1289 dominus
932 1237 1113 1312 papa
1145 1215 1539 1289 decreverit
1570 1215 1994 1288 faciendum.
2032 1216 2258 1310 Super
2295 1213 2795 1288 adherentibus
2833 1226 3072 1287 autem
3096 1216 3402 1289 Ecclesie

575 1341 674 1413 ita
700 1339 995 1413 dicimus
1019 1340 1210 1434 quod
1241 1339 1565 1412 omnibus
1588 1339 1723 1412 hiis
1746 1339 1869 1434 qui
1896 1348 2054 1436 post
2077 1349 2302 1412 ortam
2334 1338 2750 1412 discordiam
2773 1339 3079 1411 Ecclesie
3111 1340 3405 1412 adhese-

580 1474 743 1536 runt
772 1464 1265 1558 undecumque
1297 1463 1462 1553 sint,
1494 1485 1589 1535 ex
1618 1485 1808 1535 nuuc
1844 1464 2053 1558 plene
2086 1463 2312 1535 omnis
2350 1462 2613 1535 offensa
2644 1463 3036 1534 remittetur
3068 1474 3210 1534 tam
3239 1472 3402 1535 ante

581 1585 1000 1694 discordiam
1043 1608 1254 1680 quam
1302 1597 1494 1681 post,
1540 1586 1690 1660 sive
1734 1587 2099 1660 occasione
2125 1585 2434 1659 Ecclesie
2476 1586 2622 1658 sive
2662 1586 2835 1679 alia,
2881 1587 3291 1678 commissa3
3335 1599 3406 1660 et

582 1712 816 1785 omnia
842 1712 1076 1783 banna
1104 1720 1174 1783 et
1204 1710 1585 1783 sententias
1616 1722 1858 1785 contra
1888 1733 2010 1785 eos
2032 1712 2208 1784 latas
2236 1711 2747 1783 revocabimus,
2772 1712 2860 1784 Et
2886 1711 2942 1782 si
2974 1733 3150 1806 quas
3181 1711 3404 1785 dona-

585 1835 809 1908 tiones
845 1834 960 1906 vel
997 1834 1455 1927 obligationes
1491 1835 1592 1907 eis
1628 1831 2078 1931 [contrarias]
2111 1836 2513 1907 fecissemus
2543 1845 2704 1930 post
2740 1835 2952 1907 latam
2985 1820 3408 1908 'sententiam

583 1961 698 2031 vel
716 1969 1085 2055 postquam
1098 1958 1405 2030 Ecclesie
1423 1958 1878 2049 adheserunt,
1897 1959 2393 2050 relaxabimus,
2409 1969 2480 2030 et
2497 1959 2567 2029 in
2591 1958 2870 2053 plenam
2892 1960 3187 2050 gratiam
3209 1958 3412 2032 redu-

585 2092 860 2170 centur,
892 2081 1439 2177 possessionibus
1470 2103 1710 2154 eorum
1726 2135 1747 2174 ,
1776 2082 2052 2175 juribus
2084 2090 2156 2153 et
2184 2081 2569 2155 honoribus
2605 2083 2706 2153 eis
2736 2082 3004 2174 integre
3037 2083 3405 2175 restitutiS,

587 2207 718 2279 etsi
771 2206 924 2277 aliis
979 2206 1117 2277 sint
1167 2226 1521 2278 concessa.
1580 2206 1806 2301 Super
1848 2205 2001 2277 aliis
2044 2215 2280 2277 autem
2325 2206 2446 2298 qui
2499 2215 2661 2277 ante
2717 2216 2939 2277 ortam
2996 2205 3413 2279 discordiam

586 2330 883 2403 rebelles
910 2330 1113 2403 nobis
1140 2330 1423 2401 fuerunt
1451 2341 1522 2401 et
1553 2338 1754 2402 erant
1783 2307 1947 2401 tunc
1973 2329 2045 2400 in
2077 2349 2329 2422 guerra
2352 2328 2744 2420 nobiscum,
2770 2329 2867 2401 ita
2897 2329 3191 2402 dicimus
3225 2329 3416 2424 quod

587 2455 976 2528 remittetur
1002 2455 1102 2526 eis
1134 2453 1360 2525 omnis
1390 2453 1654 2525 offensa
1684 2473 1899 2547 quam
1925 2461 2168 2548 postea
2200 2462 2441 2525 contra
2472 2475 2602 2526 nos
2635 2462 2707 2525 et
2735 2453 3103 2549 imperium
3129 2455 3416 2526 commi-

589 2588 852 2677 serunt.
899 2580 1002 2651 De
1031 2576 1310 2650 offensis
1342 2597 1513 2650 vero
1538 2576 1923 2649 commissis
1960 2585 2125 2649 ante
2164 2588 2389 2648 ortam
2427 2576 2844 2650 discordiam
2885 2578 3221 2650 stabimus
3251 2600 3415 2674 pro-

589 2703 839 2775 visioni
888 2712 963 2773 et
1007 2700 1428 2774 ordinationi
1477 2700 1743 2773 domini
1792 2721 1973 2796 pape
2022 2710 2095 2773 et
2133 2701 2426 2771 fratrum
2466 2700 2782 2774 faciende
2836 2701 3015 2773 infra
3065 2710 3337 2798 tempus
3374 2725 3419 2775 a

593 2826 876 2901 domino
920 2846 1101 2923 papa
1141 2822 1660 2921 prefigendum3
1697 2824 1865 2921 ipsis
1897 2833 1970 2898 et
1992 2821 2096 2922 (a)
2128 2824 2452 2897 omnibus
2483 2824 2802 2898 dabimus
2834 2827 3113 2921 plenam
3142 2847 3410 2923 pacem.

591 2951 815 3048 Super
845 2950 1214 3023 securitate
1241 2970 1411 3021 vero
1448 2949 1724 3021 illorum
1758 2948 1848 3022 de
1882 2948 2339 3022 Romandiola
2380 2949 2502 3043 qui
2543 2960 2701 3045 post
2735 2959 2960 3022 ortam
3000 2950 3419 3025 discordiam
3490 2936 3497 2949 ’

590 3075 895 3148 Ecclesie
923 3072 1346 3146 adheserunt
1375 3083 1448 3145 et
1471 3073 1929 3147 nobiliumde
1942 3072 2250 3147 Marchia
2277 3074 2648 3145 Trevisana
2677 3084 2747 3145 et
2774 3073 3195 3148 marchionis
3220 3076 3417 3150 Mon·

595 3195 918 3268 tisferrati
945 3204 1017 3266 et
1045 3195 1342 3268 aliomm
1373 3197 1709 3270 nobilium
1740 3197 2030 3292 ubique,
2066 3198 2163 3269 ita
2200 3198 2491 3269 credant
2515 3219 2644 3270 nos
2671 3199 2972 3271 facturos
3007 3200 3184 3272 sicut
3212 3200 3415 3273 dixe-

595 3317 736 3390 rint
761 3317 1000 3389 nuncii
1029 3317 1143 3390 isti
1167 3316 1292 3414 (b),
1331 3319 1595 3392 scilicet
1628 3321 1822 3413 quod
1856 3320 2148 3416 predicti
2188 3321 2459 3393 nobiles
2494 3321 2568 3393 iu
2602 3323 2901 3418 propriis·
2926 3325 3242 3418 personis
3285 3326 3419 3399 nisi

591 3441 685 3515 ad
716 3441 1183 3537 provisionem
1232 3441 1495 3514 domini
1536 3464 1718 3539 pape
1735 3496 1756 3535 ,
1800 3444 1929 3516 sed
1970 3467 2096 3541 per
2140 3445 2549 3518 substitutos
2591 3446 2852 3518 servire
2887 3448 3088 3521 nobis
3135 3450 3419 3523 minime

595 3576 1002 3657 teneantur;
1047 3566 1122 3637 in
1155 3566 1499 3659 judicium
1538 3578 1773 3640 autem
1807 3568 2037 3641 vocati
2082 3590 2211 3664 per
2248 3569 2517 3642 nobiles
2558 3579 2629 3642 et
2668 3591 2871 3664 pares
2912 3591 3076 3642 suos
3116 3572 3420 3666 reliquos

595 3689 898 3785 regionis
941 3686 1035 3786 (c)
1074 3690 1423 3783 ejusdem,
1469 3691 1623 3763 aliis
1663 3690 2162 3765 adherentibus
2202 3693 2506 3766 Ecclesie
2549 3715 2693 3766 nou
2736 3694 3037 3766 exclusis
3053 3747 3074 3784 ‚
3119 3694 3422 3768 debeant

588 3814 912 3906 judicari.
948 3815 1053 3886 De
1086 3814 1569 3909 personalibus
1601 3825 1673 3887 et
1697 3815 2002 3888 realibus
2033 3817 2423 3892 actionibus
2458 3816 2772 3913 impediti
2803 3827 2875 3889 et
2909 3818 3118 3889 etiam
3151 3817 3241 3889 de
3281 3819 3417 3890 cri-

594 3938 965 4011 minalibus
995 3938 1336 4030 accusati,
1373 3939 1765 4033 specialiter
1794 3951 2032 4012 autem
2068 3940 2142 4012 in
2171 3942 2612 4033 Romaniola‚
2649 3942 2744 4015 ad
2779 3943 3115 4034 maJorem
3159 3944 3420 4015 securi-

601 4072 810 4136 tatem
843 4082 1086 4134 eorum
1122 4063 1244 4156 qui
1275 4064 1580 4135 Ecclesie
1607 4062 2072 4156 adheserunt,
2108 4075 2494 4138 statuemus
2530 4065 2967 4160 capitaneum
3002 4066 3306 4162 aliquem
3330 4065 3421 4140 de

602 4184 883 4276 prelatis
909 4184 1101 4257 Italie
1140 4194 1342 4257 extra
1381 4208 1719 4279 regnum;
1754 4188 1886 4261 sub
1929 4190 2129 4281 cujus
2172 4189 2386 4261 solius
2418 4188 2740 4260 examine
2790 4188 3160 4282 litigabunt
3199 4212 3421 4285 usque

598 4307 691 4378 ad
712 4307 1223 4402 beneplacitum
1247 4310 1510 4381 domini
1532 4332 1713 4405 pape
1736 4320 1877 4383 tam
1903 4310 1976 4382 in
2004 4312 2322 4384 civilibus
2344 4332 2556 4404 quam
2579 4311 2650 4382 in
2674 4311 3147 4386 criminalibus
3166 4315 3416 4389 causis.

684 4481 768 4563 (a)
813 4485 888 4545 In
910 4485 1044 4545 eoa.
1075 4485 1274 4548 etiam.

686 4587 768 4668 (b)
815 4590 973 4651 Haec
1002 4598 1257 4668 quatuor
1284 4592 1463 4654 verba
1490 4609 1583 4669 ap.
1624 4591 1842 4654 matth.
1872 4592 2060 4654 Paris.
2101 4591 2337 4655 desunt.

684 4694 761 4776 (c)
804 4697 878 4757 In
903 4697 1040 4758 cod.
1069 4695 1384 4779 relifionis,
1417 4699 1593 4759 male.

759 4800 870 4864 VI.
3035 4816 3109 4872 υ
