4364 5738
1009 596 1134 660 496
2007 593 2439 658 rmnsmci
2487 594 2835 658 sis-cunm
3453 597 3618 680 [Am
3655 596 3831 663 ηπ.

1010 731 1367 826 quondam
1397 729 1809 804 Riccardum
1836 728 1926 801 de
1952 729 2458 803 Montesusculo
2490 729 2833 803 ahoiende
2863 730 3194 803 memorie
3226 739 3299 802 et
3330 731 3545 803 etiam
3571 733 3837 829 cohap-

1013 863 1183 943 tata‚
1218 853 1409 926 omni
1435 852 1834 925 monasterii
1845 905 3002 928 ...............
3040 876 3168 927 sua
3197 856 3333 928 subw
3355 878 3597 930 annuo
3621 879 3843 930 censu

1010 977 1344 1074 palatium
1401 975 1757 1072 quoddam
1826 999 2028 1048 suum
2080 976 2151 1048 in
2208 979 2385 1051 Baro
2434 999 2596 1050 cum
2645 967 2950 1050 casalino
3012 978 3164 1072 ipso
3225 979 3605 1071 conjuncto
3664 1001 3839 1052 cen-

1011 1100 1218 1174 cessit
1251 1100 1386 1198 (l),
1421 1100 1738 1173 fidelitati
1780 1110 1895 1174 tue
1941 1103 2167 1174 taliter
2198 1103 2699 1199 respondemus
2730 1104 3055 1195 quatinus
3095 1125 3236 1176 non
3278 1102 3603 1175 obstante
3644 1105 3839 1198 quod

1010 1226 1083 1296 in
1124 1226 1428 1298 casalino
1472 1226 1622 1320 ipso
1663 1223 1981 1297 edificate
1990 1278 3143 1298 ...............
3199 1248 3328 1322 per
3372 1226 3633 1299 dictum
3673 1228 3830 1300 Ric-

1009 1350 1298 1424 cardum
1340 1350 1767 1445 proditorem
1807 1361 2154 1441 nostrum,
2213 1351 2595 1422 casalinum
2641 1351 2868 1446 ipsum
2908 1349 3139 1422 eidem
3183 1351 3377 1422 fratri
3413 1352 3663 1423 Mauro
3703 1374 3839 1447 pro

1010 1484 1207 1570 parte
1244 1473 1643 1546 monasterii
1678 1473 2055 1568 supradicti
2095 1475 2452 1566 restituas,
2498 1497 2658 1547 cum
2702 1483 2856 1570 post
2900 1488 3195 1546 mortem
3236 1474 3453 1569 ipsius
3497 1476 3834 1569 palatium

1011 1600 1240 1692 ipsum
1304 1607 1376 1669 et
1441 1596 1820 1668 casalinum
1884 1618 2043 1668 cum
2097 1598 2288 1669 omni
2295 1650 3370 1671 ..............
3426 1598 3663 1671 redire
3705 1597 3830 1671 de-

1010 1723 1257 1813 beant,
1314 1721 1491 1793 sicut
1538 1743 1628 1792 ex
1677 1721 2138 1793 conventione
2188 1732 2499 1817 tempore
2544 1721 2878 1794 contracti
2922 1721 3160 1794 habita
3192 1722 3377 1794 inter
3415 1743 3576 1812 eos,
3625 1734 3833 1821 prout

1010 1847 1084 1918 in
1128 1847 1587 1917 instrumento
1628 1864 1756 1916 suo
1799 1856 2127 1939 apparet,
2175 1846 2403 1918 extitit
2443 1845 2846 1918 stabilitum.

1109 1972 1362 2043 Datum
1398 1969 1656 2064 Capue,
1693 1968 1907 2040 xvm
1942 1969 2175 2064 aprilis
2205 1967 2339 2066 (2),
2380 1970 2443 2042 V
2476 1968 2896 2042 indictionis,

1107 2095 1414 2181 Quarum
1457 2114 1809 2165 sacrarum
1851 2092 2313 2186 imperialium
2357 2093 2745 2165 litterarum
2751 2144 3815 2164 ..............

1008 2217 1400 2313 Stephanus
1431 2217 1499 2287 in
1529 2226 1876 2312 presentia
1905 2215 2375 2312 predictorum
2400 2217 2717 2310 judicum
2747 2225 2817 2289 et
2847 2215 3151 2307 testium,
3189 2216 3337 2288 viso
3365 2226 3439 2287 et
3466 2216 3827 2308 diligenter

1007 2343 1322 2438 inspecto
1356 2341 1661 2437 presenti
1702 2341 1958 2436 scripto
2003 2341 2349 2414 sententie
2390 2363 2512 2437 per
2551 2363 2762 2437 quam
2807 2342 3034 2414 dictus
3081 2341 3294 2412 frater
3334 2341 3617 2412 Maurus
3661 2360 3827 2435 pm-

1008 2477 1292 2539 curator
1322 2465 1719 2538 monasterii
1750 2466 2005 2537 montis
2030 2465 2328 2558 Virginis
2356 2487 2483 2560 pro
2515 2476 2713 2561 parte
2747 2465 2961 2560 ipsius
2992 2465 3389 2537 monasterii
3398 2516 3816 2536 ......

1012 2642 2001 2662 .............
2077 2590 2267 2661 curie
2320 2600 2560 2661 contra
2618 2599 3132 2684 procuratorem
3190 2590 3383 2661 curie
3443 2589 3823 2685 predictam

1006 2713 1292 2787 domum
1339 2715 1739 2808 palatiotam
1784 2714 1985 2786 sitam
2035 2714 2107 2784 in
2153 2715 2329 2785 Baro
2375 2735 2534 2785 cum
2588 2714 2893 2786 casalino
2938 2714 3001 2785 ei
3048 2715 3458 2806 conjuncto,
3507 2723 3715 2809 prout
3749 2714 3819 2784 in

1007 2838 1156 2934 ipso
1185 2838 1442 2934 scripto
1484 2837 1820 2910 sententie
1861 2837 2025 2911 inde
2066 2840 2384 2911 confecto
2417 2837 3039 2934 subscriptionibus
3068 2837 3351 2909 illustris
3390 2836 3522 2910 viri
3565 2837 3817 2911 domini

1004 2963 1318 3034 Riccardi
1352 3014 2343 3034 .............
2394 2962 2768 3057 imperialis
2800 2962 2991 3034 curie
3026 2962 3335 3054 magistri
3356 2963 3717 3055 justiciarii
3751 2974 3818 3034 et

996 3084 1315 3178 judicum
1362 3084 1672 3176 ejusdem
1722 3105 1971 3177 magne
2021 3085 2396 3179 imperialis
2449 3088 2639 3158 curie
2689 3087 3013 3157 roborato
3068 3086 3341 3181 plenius
3399 3087 3809 3175 continetur,

1005 3208 1274 3281 restitui
1324 3208 1554 3279 eidem
1612 3208 1802 3280 fratri
1853 3209 2094 3281 Mauro
2153 3210 2533 3282 vestarario
2589 3209 2993 3283 monasterii·
3041 3210 3294 3282 Montis
3346 3209 3646 3302 Virginis
3694 3229 3816 3303 pro

1004 3343 1204 3428 parte
1242 3333 1640 3405 monasterii
1647 3385 3290 3407 .....................
3340 3342 3413 3405 et
3442 3334 3817 3406 casalinum

1003 3459 1067 3530 ei
1107 3459 1554 3550 conjunctum
1593 3481 1752 3530 cum
1791 3460 2052 3554 pariete
2084 3459 2179 3539 ibi
2219 3457 2535 3531 edificata
2585 3470 2655 3529 et
2692 3457 3063 3553 cohaptata
3112 3467 3185 3529 et
3231 3479 3387 3528 cum
3442 3460 3595 3550 ejus
3636 3458 3814 3529 revi-

998 3583 1398 3654 clioratione
1424 3580 1534 3679 (3)
1563 3604 1716 3672 sua,
1748 3583 1926 3654 sicut
1960 3584 2033 3653 iu
2062 3582 2324 3654 eisdem
2358 3583 2572 3654 sacris
2605 3582 3080 3677 imperialibus
3105 3581 3362 3654 licteris
3394 3582 3807 3671 continetur,

873 3722 878 3726 ·
998 3728 1137 3801 que
1183 3707 1432 3779 domus
1477 3729 1636 3778 cum
1689 3707 1996 3779 casalino
2052 3707 2185 3779 sita
2240 3716 2348 3778 est
2353 3758 3589 3778 ................
3644 3704 3813 3777 fines

3652 3893 3803 3911 ——-·

1070 4017 1146 4091 (4)
1182 4015 1407 4073 Constat
1436 4014 1634 4070 etenim
1671 4028 1739 4070 ex
1772 4014 2123 4070 instrumento
2150 4011 2282 4069 ibid.
2314 4018 2529 4070 servato
2548 4056 2561 4083 ,
2598 4023 2662 4069 n⁰
2685 4016 2809 4084 ⁴⁴9,
2843 4012 3143 4072 Iohannem
3167 4013 3236 4071 de
3269 4013 3441 4070 Bbulo
3466 4014 3659 4072 Montis
3689 4013 3807 4070 Vir·

997 4114 1137 4187 ginis
1160 4113 1522 4187 praepositum
1547 4126 1647 4184 pro
1671 4115 1827 4184 parte
1846 4110 2153 4167 monasterii
2179 4109 2348 4183 ipsius
2377 4125 2561 4166 mense
2585 4110 2719 4183 julio
2748 4111 2873 4167 anni
2905 4113 3044 4168 ⁴234
3075 4110 3339 4169 locavisse
3367 4110 3529 4168 istum
3556 4111 3805 4185 palafium

995 4210 1253 4267 Ricoerdo
1271 4210 1340 4266 de
1368 4209 1749 4267 montefusculo
1773 4207 1879 4265 sub
1913 4223 2090 4265 annuo
2126 4223 2293 4266 censu
2319 4207 2572 4267 dimidiae
2602 4209 2797 4266 unciae
2824 4209 2945 4267 auri
2973 4215 3030 4267 et
3056 4224 3120 4267 ea
3142 4209 3447 4268 conditione
3470 4215 3530 4264 ut
3554 4208 3807 4282 quidquid

999 4309 1212 4364 ruinam
1238 4308 1532 4364 minaretur
1556 4306 1838 4363 relevaret.

1067 4404 1140 4478 (Ξ)
1181 4404 1533 4460 Amanuensis
1552 4403 1830 4462 oscitantia
1848 4403 1921 4461 ibi
1944 4403 2243 4462 certissime
2269 4404 2502 4462 notania
2522 4406 2848 4477 est.Nempe
2869 4403 3161 4477 imperator
3187 4407 3259 4459 18
3283 4402 3471 4477 aprilis
3489 4402 3803 4469 Cremonae,

996 4518 1105 4560 non
1129 4516 1257 4558 vero
1283 4499 1494 4572 Capuae
1521 4500 1861 4569 morabatur;
1904 4501 2046 4558 unde
2081 4517 2179 4575 pro
2207 4501 2411 4576 aprilis
2437 4502 2726 4575 legendum
2751 4501 3101 4576 proponimus
3128 4500 3423 4576 februarii.
3451 4500 3590 4557 Nota
3612 4498 3807 4557 mensis

994 4615 1136 4673 quae
1159 4599 1212 4655 in
1237 4598 1572 4654 instrumenti
1595 4599 1793 4655 corrosi
1816 4599 1965 4656 initio
1992 4599 2163 4669 deest,
2197 4600 2268 4656 ad
2294 4615 2411 4657 rem
2442 4600 2655 4674 plenius
2682 4600 3053 4657 elucidandam
3080 4598 3276 4658 deficit.

1061 4699 1136 4772 (3)
1172 4698 1286 4756 Vox
1300 4695 1448 4753 deest
1471 4694 1525 4752 in
1543 4695 1726 4768 cangii
1750 4696 2032 4769 glossari03
2063 4696 2286 4754 forsitan
2303 4711 2399 4770 pro
2422 4712 2478 4753 re
2486 4697 2825 4769 viget-attone
2840 4737 2857 4767 ,
2882 4711 2950 4754 ex
2970 4694 3140 4755 verbo
3156 4695 3484 4769 reciperare,
3504 4692 3800 4767 rcffermt‘r.
