<?xml version="1.0" encoding="UTF-8"?>
<!DOCTYPE html PUBLIC "-//W3C//DTD XHTML 1.0 Transitional//EN"
    "http://www.w3.org/TR/xhtml1/DTD/xhtml1-transitional.dtd">
<html xmlns="http://www.w3.org/1999/xhtml" xml:lang="en" lang="en">
 <head>
  <title>
</title>
<meta http-equiv="Content-Type" content="text/html;charset=utf-8" />
  <meta name='ocr-system' content='tesseract 3.04.00' />
  <meta name='ocr-capabilities' content='ocr_page ocr_carea ocr_par ocr_line ocrx_word'/>
</head>
<body>
  <div class='ocr_page' id='page_1' title='image "./historiadiploma00degoog_0309.png"; bbox 0 0 4364 5738; ppageno 0'>
   <div class='ocr_carea' id='block_1_1' title="bbox 579 544 3404 623">
    <p class='ocr_par' dir='ltr' id='par_1_1' title="bbox 579 544 3404 623">
     <span class='ocr_line' id='line_1_1' title="bbox 579 544 3404 623; baseline -0 -16"><span class='ocrx_word' id='word_1_1' title='bbox 579 548 783 608; x_wconf 75' lang='lat' dir='ltr'><strong>lsmcr.</strong></span> <span class='ocrx_word' id='word_1_2' title='bbox 816 546 919 623; x_wconf 86' lang='lat'><strong>3.]·</strong></span> <span class='ocrx_word' id='word_1_3' title='bbox 1480 548 1873 610; x_wconf 82' lang='lat' dir='ltr'>HISTORIA</span> <span class='ocrx_word' id='word_1_4' title='bbox 1929 548 2520 611; x_wconf 74' lang='lat' dir='ltr'><strong>DIPLOMATICA.</strong></span> <span class='ocrx_word' id='word_1_5' title='bbox 3284 544 3404 623; x_wconf 80' lang='lat'><strong>295</strong></span> 
     </span>
    </p>
   </div>
   <div class='ocr_carea' id='block_1_2' title="bbox 817 678 3408 1499">
    <p class='ocr_par' dir='ltr' id='par_1_2' title="bbox 817 678 3408 1499">
     <span class='ocr_line' id='line_1_2' title="bbox 822 678 3403 761; baseline 0 -20"><span class='ocrx_word' id='word_1_6' title='bbox 822 678 1243 756; x_wconf 86' lang='lat' dir='ltr'><strong>Notizenblatt,</strong></span> <span class='ocrx_word' id='word_1_7' title='bbox 1270 696 1413 740; x_wconf 90' lang='lat' dir='ltr'><strong>ann.</strong></span> <span class='ocrx_word' id='word_1_8' title='bbox 1457 691 1634 758; x_wconf 82' lang='lat'><strong>¹856,</strong></span> <span class='ocrx_word' id='word_1_9' title='bbox 1665 692 1732 742; x_wconf 83' lang='lat' dir='ltr'><strong>n⁰</strong></span> <span class='ocrx_word' id='word_1_10' title='bbox 1763 692 1818 743; x_wconf 87' lang='lat'><strong>5.</strong></span> <span class='ocrx_word' id='word_1_11' title='bbox 1866 686 1992 744; x_wconf 84' lang='lat' dir='ltr'><strong>Hoc</strong></span> <span class='ocrx_word' id='word_1_12' title='bbox 2032 685 2298 761; x_wconf 86' lang='lat' dir='ltr'><strong>spurium</strong></span> <span class='ocrx_word' id='word_1_13' title='bbox 2334 682 2598 759; x_wconf 80' lang='lat' dir='ltr'><strong>profecto</strong></span> <span class='ocrx_word' id='word_1_14' title='bbox 2631 681 3052 740; x_wconf 83' lang='lat' dir='ltr'><strong>documentum</strong></span> <span class='ocrx_word' id='word_1_15' title='bbox 3100 694 3221 738; x_wconf 89' lang='lat' dir='ltr'><strong>una</strong></span> <span class='ocrx_word' id='word_1_16' title='bbox 3264 695 3403 741; x_wconf 90' lang='lat' dir='ltr'><strong>cum</strong></span> 
     </span>
     <span class='ocr_line' id='line_1_3' title="bbox 823 785 3402 866; baseline -0.001 -19"><span class='ocrx_word' id='word_1_17' title='bbox 823 786 954 847; x_wconf 88' lang='lat' dir='ltr'><strong>aliis</strong></span> <span class='ocrx_word' id='word_1_18' title='bbox 981 785 1245 863; x_wconf 75' lang='lat' dir='ltr'><strong>ejusdem</strong></span> <span class='ocrx_word' id='word_1_19' title='bbox 1285 789 1514 864; x_wconf 87' lang='lat' dir='ltr'><strong>generis</strong></span> <span class='ocrx_word' id='word_1_20' title='bbox 1557 791 1964 849; x_wconf 81' lang='lat' dir='ltr'><strong>instrumentis</strong></span> <span class='ocrx_word' id='word_1_21' title='bbox 2007 790 2116 850; x_wconf 90' lang='lat' dir='ltr'><strong>sub</strong></span> <span class='ocrx_word' id='word_1_22' title='bbox 2152 791 2483 866; x_wconf 83' lang='lat' dir='ltr'><strong>principatu</strong></span> <span class='ocrx_word' id='word_1_23' title='bbox 2511 786 2748 847; x_wconf 85' lang='lat' dir='ltr'><strong>Rudolfl</strong></span> <span class='ocrx_word' id='word_1_24' title='bbox 2778 787 2883 856; x_wconf 86' lang='lat' dir='ltr'><strong>IV,</strong></span> <span class='ocrx_word' id='word_1_25' title='bbox 2915 787 3184 845; x_wconf 85' lang='lat' dir='ltr'><strong>Austriae</strong></span> <span class='ocrx_word' id='word_1_26' title='bbox 3209 786 3402 861; x_wconf 70' lang='lat' dir='ltr'><strong>ducis,</strong></span> 
     </span>
     <span class='ocr_line' id='line_1_4' title="bbox 821 892 3403 955; baseline 0 -4"><span class='ocrx_word' id='word_1_27' title='bbox 821 893 976 951; x_wconf 89' lang='lat' dir='ltr'><strong>circa</strong></span> <span class='ocrx_word' id='word_1_28' title='bbox 996 907 1221 951; x_wconf 89' lang='lat' dir='ltr'><strong>annum</strong></span> <span class='ocrx_word' id='word_1_29' title='bbox 1248 901 1396 953; x_wconf 79' lang='lat'>1358</span> <span class='ocrx_word' id='word_1_30' title='bbox 1415 893 1510 952; x_wconf 87' lang='lat' dir='ltr'><strong>vel</strong></span> <span class='ocrx_word' id='word_1_31' title='bbox 1527 902 1678 954; x_wconf 79' lang='grc'><strong>1359</strong></span> <span class='ocrx_word' id='word_1_32' title='bbox 1701 897 1879 955; x_wconf 79' lang='lat' dir='ltr'><strong>fuisse</strong></span> <span class='ocrx_word' id='word_1_33' title='bbox 1909 895 2261 955; x_wconf 78' lang='lat' dir='ltr'><strong>fabricatum</strong></span> <span class='ocrx_word' id='word_1_34' title='bbox 2288 894 2540 953; x_wconf 80' lang='lat' dir='ltr'><strong>libenter</strong></span> <span class='ocrx_word' id='word_1_35' title='bbox 2567 899 2820 952; x_wconf 88' lang='lat' dir='ltr'><strong>testante</strong></span> <span class='ocrx_word' id='word_1_36' title='bbox 2842 892 3163 952; x_wconf 90' lang='lat' dir='ltr'><strong>Boehmero</strong></span> <span class='ocrx_word' id='word_1_37' title='bbox 3186 908 3403 952; x_wconf 89' lang='lat' dir='ltr'><strong>conce-</strong></span> 
     </span>
     <span class='ocr_line' id='line_1_5' title="bbox 819 996 3407 1078; baseline 0 -23"><span class='ocrx_word' id='word_1_38' title='bbox 819 996 1031 1057; x_wconf 85' lang='lat' dir='ltr'><strong>dimus.</strong></span> <span class='ocrx_word' id='word_1_39' title='bbox 1053 996 1351 1075; x_wconf 81' lang='lat' dir='ltr'><strong>originale</strong></span> <span class='ocrx_word' id='word_1_40' title='bbox 1376 1001 1533 1058; x_wconf 89' lang='lat' dir='ltr'><strong>enim</strong></span> <span class='ocrx_word' id='word_1_41' title='bbox 1561 1016 1866 1076; x_wconf 87' lang='lat' dir='ltr'><strong>nunquam</strong></span> <span class='ocrx_word' id='word_1_42' title='bbox 1895 1002 2135 1078; x_wconf 86' lang='lat' dir='ltr'><strong>prodiit,</strong></span> <span class='ocrx_word' id='word_1_43' title='bbox 2159 1016 2348 1077; x_wconf 88' lang='lat' dir='ltr'><strong>neque</strong></span> <span class='ocrx_word' id='word_1_44' title='bbox 2375 1001 2555 1057; x_wconf 90' lang='lat' dir='ltr'><strong>etiam</strong></span> <span class='ocrx_word' id='word_1_45' title='bbox 2576 998 2934 1073; x_wconf 87' lang='lat' dir='ltr'><strong>ubicumque</strong></span> <span class='ocrx_word' id='word_1_46' title='bbox 2960 1003 3098 1057; x_wconf 87' lang='lat' dir='ltr'><strong>ante</strong></span> <span class='ocrx_word' id='word_1_47' title='bbox 3123 997 3237 1056; x_wconf 90' lang='lat' dir='ltr'><strong>hoc</strong></span> <span class='ocrx_word' id='word_1_48' title='bbox 3268 1003 3407 1056; x_wconf 89' lang='lat' dir='ltr'><strong>tem·</strong></span> 
     </span>
     <span class='ocr_line' id='line_1_6' title="bbox 818 1094 3403 1183; baseline -0 -21"><span class='ocrx_word' id='word_1_49' title='bbox 818 1119 931 1179; x_wconf 88' lang='lat' dir='ltr'><strong>pus</strong></span> <span class='ocrx_word' id='word_1_50' title='bbox 955 1106 1375 1178; x_wconf 81' lang='lat' dir='ltr'><strong>transcriptum</strong></span> <span class='ocrx_word' id='word_1_51' title='bbox 1403 1107 1725 1165; x_wconf 82' lang='lat' dir='ltr'><strong>invenitur.</strong></span> <span class='ocrx_word' id='word_1_52' title='bbox 1753 1106 2034 1166; x_wconf 83' lang='lat' dir='ltr'><strong>Friderici</strong></span> <span class='ocrx_word' id='word_1_53' title='bbox 2057 1094 2627 1183; x_wconf 72' lang='lat' dir='ltr'><strong>primi&#39;privilegium</strong></span> <span class='ocrx_word' id='word_1_54' title='bbox 2649 1110 2779 1162; x_wconf 90' lang='lat' dir='ltr'><strong>tum</strong></span> <span class='ocrx_word' id='word_1_55' title='bbox 2806 1118 3004 1175; x_wconf 87' lang='lat' dir='ltr'><strong>sensu,</strong></span> <span class='ocrx_word' id='word_1_56' title='bbox 3029 1108 3158 1161; x_wconf 87' lang='lat' dir='ltr'><strong>tum</strong></span> <span class='ocrx_word' id='word_1_57' title='bbox 3187 1100 3403 1178; x_wconf 78' lang='lat' dir='ltr'><strong>forma,</strong></span> 
     </span>
     <span class='ocr_line' id='line_1_7' title="bbox 818 1208 3408 1291; baseline 0 -24"><span class='ocrx_word' id='word_1_58' title='bbox 818 1214 947 1268; x_wconf 90' lang='lat' dir='ltr'><strong>tum</strong></span> <span class='ocrx_word' id='word_1_59' title='bbox 975 1224 1247 1269; x_wconf 80' lang='lat' dir='ltr'><strong>sermone</strong></span> <span class='ocrx_word' id='word_1_60' title='bbox 1273 1208 1685 1291; x_wconf 83' lang='lat' dir='ltr'><strong>falsissimum,</strong></span> <span class='ocrx_word' id='word_1_61' title='bbox 1712 1212 1792 1271; x_wconf 85' lang='lat' dir='ltr'><strong>ad</strong></span> <span class='ocrx_word' id='word_1_62' title='bbox 1818 1213 1881 1271; x_wconf 88' lang='lat' dir='ltr'><strong>id</strong></span> <span class='ocrx_word' id='word_1_63' title='bbox 1911 1211 2244 1283; x_wconf 81' lang='lat' dir='ltr'><strong>confectum</strong></span> <span class='ocrx_word' id='word_1_64' title='bbox 2280 1210 2462 1270; x_wconf 82' lang='lat' dir='ltr'><strong>fuisse</strong></span> <span class='ocrx_word' id='word_1_65' title='bbox 2493 1209 2724 1268; x_wconf 83' lang='lat' dir='ltr'><strong>videtur</strong></span> <span class='ocrx_word' id='word_1_66' title='bbox 2752 1215 2819 1267; x_wconf 87' lang='lat' dir='ltr'><strong>ut</strong></span> <span class='ocrx_word' id='word_1_67' title='bbox 2845 1208 3134 1284; x_wconf 85' lang='lat' dir='ltr'><strong>imperitis</strong></span> <span class='ocrx_word' id='word_1_68' title='bbox 3158 1222 3408 1283; x_wconf 58' lang='lat' dir='ltr'><strong>persua-2</strong></span> 
     </span>
     <span class='ocr_line' id='line_1_8' title="bbox 819 1312 3407 1394; baseline 0 -21"><span class='ocrx_word' id='word_1_69' title='bbox 819 1330 950 1374; x_wconf 85' lang='lat' dir='ltr'><strong>sum</strong></span> <span class='ocrx_word' id='word_1_70' title='bbox 977 1314 1145 1375; x_wconf 84' lang='lat' dir='ltr'><strong>fieret</strong></span> <span class='ocrx_word' id='word_1_71' title='bbox 1171 1317 1445 1376; x_wconf 81' lang='lat' dir='ltr'><strong>Austriae</strong></span> <span class='ocrx_word' id='word_1_72' title='bbox 1472 1318 1753 1378; x_wconf 83' lang='lat' dir='ltr'><strong>ducatum</strong></span> <span class='ocrx_word' id='word_1_73' title='bbox 1788 1318 1900 1377; x_wconf 90' lang='lat' dir='ltr'><strong>sub</strong></span> <span class='ocrx_word' id='word_1_74' title='bbox 1933 1317 2351 1394; x_wconf 84' lang='lat' dir='ltr'><strong>Bambergensi</strong></span> <span class='ocrx_word' id='word_1_75' title='bbox 2392 1316 2569 1376; x_wconf 90' lang='lat' dir='ltr'><strong>domo</strong></span> <span class='ocrx_word' id='word_1_76' title='bbox 2596 1314 2976 1391; x_wconf 82' lang='lat' dir='ltr'><strong>amplioribus</strong></span> <span class='ocrx_word' id='word_1_77' title='bbox 3010 1328 3183 1373; x_wconf 89' lang='lat' dir='ltr'><strong>usum</strong></span> <span class='ocrx_word' id='word_1_78' title='bbox 3227 1312 3407 1373; x_wconf 81' lang='lat' dir='ltr'><strong>fuisse</strong></span> 
     </span>
     <span class='ocr_line' id='line_1_9' title="bbox 817 1417 2950 1499; baseline -0.001 -20"><span class='ocrx_word' id='word_1_79' title='bbox 817 1421 1135 1498; x_wconf 83' lang='lat' dir='ltr'><strong>privilegiis</strong></span> <span class='ocrx_word' id='word_1_80' title='bbox 1163 1438 1343 1498; x_wconf 90' lang='lat' dir='ltr'><strong>quam</strong></span> <span class='ocrx_word' id='word_1_81' title='bbox 1371 1438 1524 1499; x_wconf 89' lang='lat' dir='ltr'><strong>quae</strong></span> <span class='ocrx_word' id='word_1_82' title='bbox 1551 1423 1714 1483; x_wconf 89' lang='lat' dir='ltr'><strong>bulla</strong></span> <span class='ocrx_word' id='word_1_83' title='bbox 1740 1439 1918 1483; x_wconf 86' lang='lat' dir='ltr'><strong>aurea</strong></span> <span class='ocrx_word' id='word_1_84' title='bbox 1944 1423 2138 1484; x_wconf 86' lang='lat' dir='ltr'><strong>Caroli</strong></span> <span class='ocrx_word' id='word_1_85' title='bbox 2164 1422 2249 1483; x_wconf 91' lang='lat' dir='ltr'><strong>IV</strong></span> <span class='ocrx_word' id='word_1_86' title='bbox 2275 1423 2575 1499; x_wconf 85' lang='lat' dir='ltr'><strong>recognita</strong></span> <span class='ocrx_word' id='word_1_87' title='bbox 2601 1417 2950 1496; x_wconf 80' lang='lat' dir='ltr'><strong>habuisset.)</strong></span> 
     </span>
    </p>
   </div>
   <div class='ocr_carea' id='block_1_3' title="bbox 560 1656 3408 4709">
    <p class='ocr_par' dir='ltr' id='par_1_3' title="bbox 571 1656 3408 3108">
     <span class='ocr_line' id='line_1_10' title="bbox 674 1656 3398 1751; baseline 0.001 -26"><span class='ocrx_word' id='word_1_88' title='bbox 674 1656 752 1726; x_wconf 88' lang='lat' dir='ltr'><strong>ln</strong></span> <span class='ocrx_word' id='word_1_89' title='bbox 799 1657 1080 1728; x_wconf 89' lang='lat' dir='ltr'><strong>nomine</strong></span> <span class='ocrx_word' id='word_1_90' title='bbox 1124 1668 1360 1730; x_wconf 88' lang='lat' dir='ltr'><strong>sancte</strong></span> <span class='ocrx_word' id='word_1_91' title='bbox 1394 1667 1463 1730; x_wconf 92' lang='lat' dir='ltr'><strong>et</strong></span> <span class='ocrx_word' id='word_1_92' title='bbox 1494 1659 1851 1732; x_wconf 90' lang='lat' dir='ltr'><strong>individue</strong></span> <span class='ocrx_word' id='word_1_93' title='bbox 1886 1660 2258 1749; x_wconf 86' lang='lat' dir='ltr'><strong>Trinitatis,</strong></span> <span class='ocrx_word' id='word_1_94' title='bbox 2298 1657 2548 1729; x_wconf 91' lang='lat' dir='ltr'><strong>Amen.</strong></span> <span class='ocrx_word' id='word_1_95' title='bbox 2585 1657 2977 1730; x_wconf 90' lang='lat' dir='ltr'><strong>Fridericus</strong></span> <span class='ocrx_word' id='word_1_96' title='bbox 3025 1657 3398 1751; x_wconf 80' lang='lat' dir='ltr'><strong>secunduS,</strong></span> 
     </span>
     <span class='ocr_line' id='line_1_11' title="bbox 578 1778 3408 1877; baseline 0 -27"><span class='ocrx_word' id='word_1_97' title='bbox 578 1778 812 1850; x_wconf 90' lang='lat' dir='ltr'><strong>divina</strong></span> <span class='ocrx_word' id='word_1_98' title='bbox 836 1781 1112 1853; x_wconf 83' lang='lat' dir='ltr'><strong>favente</strong></span> <span class='ocrx_word' id='word_1_99' title='bbox 1136 1782 1501 1853; x_wconf 90' lang='lat' dir='ltr'><strong>clementia</strong></span> <span class='ocrx_word' id='word_1_100' title='bbox 1517 1784 1984 1854; x_wconf 91' lang='lat' dir='ltr'><strong>Romanorum</strong></span> <span class='ocrx_word' id='word_1_101' title='bbox 2010 1783 2388 1877; x_wconf 89' lang='lat' dir='ltr'><strong>imperator</strong></span> <span class='ocrx_word' id='word_1_102' title='bbox 2414 1802 2689 1875; x_wconf 85' lang='lat' dir='ltr'><strong>semper</strong></span> <span class='ocrx_word' id='word_1_103' title='bbox 2715 1781 3408 1872; x_wconf 82' lang='lat' dir='ltr'><strong>augustuS,Hierusa·</strong></span> 
     </span>
     <span class='ocr_line' id='line_1_12' title="bbox 576 1902 3404 2001; baseline 0.001 -29"><span class='ocrx_word' id='word_1_104' title='bbox 576 1902 714 1974; x_wconf 91' lang='lat' dir='ltr'><strong>lem</strong></span> <span class='ocrx_word' id='word_1_105' title='bbox 740 1912 811 1973; x_wconf 90' lang='lat' dir='ltr'><strong>et</strong></span> <span class='ocrx_word' id='word_1_106' title='bbox 835 1903 1064 1975; x_wconf 84' lang='lat' dir='ltr'><strong>Sicilie</strong></span> <span class='ocrx_word' id='word_1_107' title='bbox 1089 1906 1266 1976; x_wconf 84' lang='lat' dir='ltr'><strong>Rex.</strong></span> <span class='ocrx_word' id='word_1_108' title='bbox 1293 1905 1503 1976; x_wconf 86' lang='lat' dir='ltr'><strong>Iustis</strong></span> <span class='ocrx_word' id='word_1_109' title='bbox 1528 1905 1919 2001; x_wconf 83' lang='lat' dir='ltr'><strong>principum</strong></span> <span class='ocrx_word' id='word_1_110' title='bbox 1946 1915 2342 1977; x_wconf 89' lang='lat' dir='ltr'><strong>nostrorum</strong></span> <span class='ocrx_word' id='word_1_111' title='bbox 2371 1904 2818 1998; x_wconf 85' lang='lat' dir='ltr'><strong>petitionibus</strong></span> <span class='ocrx_word' id='word_1_112' title='bbox 2845 1903 3404 1976; x_wconf 87' lang='lat' dir='ltr'><strong>condescendere</strong></span> 
     </span>
     <span class='ocr_line' id='line_1_13' title="bbox 576 2026 3407 2121; baseline 0.001 -25"><span class='ocrx_word' id='word_1_113' title='bbox 576 2026 915 2118; x_wconf 81' lang='lat' dir='ltr'><strong>cogimur,</strong></span> <span class='ocrx_word' id='word_1_114' title='bbox 947 2049 1122 2120; x_wconf 91' lang='lat' dir='ltr'><strong>quas</strong></span> <span class='ocrx_word' id='word_1_115' title='bbox 1157 2028 1290 2098; x_wconf 91' lang='lat' dir='ltr'><strong>nisi</strong></span> <span class='ocrx_word' id='word_1_116' title='bbox 1325 2029 1793 2099; x_wconf 78' lang='lat' dir='ltr'><strong>favorabiliter</strong></span> <span class='ocrx_word' id='word_1_117' title='bbox 1826 2029 2261 2116; x_wconf 90' lang='lat' dir='ltr'><strong>audiremus,</strong></span> <span class='ocrx_word' id='word_1_118' title='bbox 2301 2026 2635 2099; x_wconf 86' lang='lat' dir='ltr'><strong>obaudire</strong></span> <span class='ocrx_word' id='word_1_119' title='bbox 2681 2027 2878 2121; x_wconf 51' lang='lat' dir='ltr'><strong>quod¹</strong></span> <span class='ocrx_word' id='word_1_120' title='bbox 2913 2028 3099 2117; x_wconf 89' lang='lat' dir='ltr'><strong>juste</strong></span> <span class='ocrx_word' id='word_1_121' title='bbox 3148 2029 3407 2121; x_wconf 86' lang='lat' dir='ltr'><strong>petitur</strong></span> 
     </span>
     <span class='ocr_line' id='line_1_14' title="bbox 574 2148 3406 2246; baseline 0.001 -27"><span class='ocrx_word' id='word_1_122' title='bbox 574 2168 705 2219; x_wconf 88' lang='lat' dir='ltr'><strong>nos</strong></span> <span class='ocrx_word' id='word_1_123' title='bbox 733 2149 916 2220; x_wconf 90' lang='lat' dir='ltr'><strong>velle</strong></span> <span class='ocrx_word' id='word_1_124' title='bbox 947 2148 1369 2222; x_wconf 88' lang='lat' dir='ltr'><strong>videremur.</strong></span> <span class='ocrx_word' id='word_1_125' title='bbox 1409 2151 1798 2246; x_wconf 89' lang='lat' dir='ltr'><strong>Eapropter</strong></span> <span class='ocrx_word' id='word_1_126' title='bbox 1829 2173 1955 2245; x_wconf 90' lang='lat' dir='ltr'><strong>per</strong></span> <span class='ocrx_word' id='word_1_127' title='bbox 1985 2171 2274 2244; x_wconf 86' lang='lat' dir='ltr'><strong>presens</strong></span> <span class='ocrx_word' id='word_1_128' title='bbox 2302 2149 2736 2243; x_wconf 89' lang='lat' dir='ltr'><strong>privilegium</strong></span> <span class='ocrx_word' id='word_1_129' title='bbox 2772 2149 3045 2220; x_wconf 90' lang='lat' dir='ltr'><strong>noverit</strong></span> <span class='ocrx_word' id='word_1_130' title='bbox 3078 2159 3218 2220; x_wconf 88' lang='lat' dir='ltr'><strong>tam</strong></span> <span class='ocrx_word' id='word_1_131' title='bbox 3252 2173 3406 2244; x_wconf 89' lang='lat' dir='ltr'><strong>pre·</strong></span> 
     </span>
     <span class='ocr_line' id='line_1_15' title="bbox 573 2273 3401 2369; baseline 0.001 -26"><span class='ocrx_word' id='word_1_132' title='bbox 573 2293 734 2345; x_wconf 91' lang='lat' dir='ltr'><strong>sens</strong></span> <span class='ocrx_word' id='word_1_133' title='bbox 769 2283 918 2345; x_wconf 88' lang='lat' dir='ltr'><strong>etas</strong></span> <span class='ocrx_word' id='word_1_134' title='bbox 950 2295 1159 2366; x_wconf 91' lang='lat' dir='ltr'><strong>quam</strong></span> <span class='ocrx_word' id='word_1_135' title='bbox 1194 2295 1598 2346; x_wconf 90' lang='lat' dir='ltr'><strong>successura</strong></span> <span class='ocrx_word' id='word_1_136' title='bbox 1638 2275 2004 2369; x_wconf 81' lang='lat' dir='ltr'><strong>posteritas</strong></span> <span class='ocrx_word' id='word_1_137' title='bbox 2046 2273 2238 2368; x_wconf 91' lang='lat' dir='ltr'><strong>quod</strong></span> <span class='ocrx_word' id='word_1_138' title='bbox 2277 2283 2515 2344; x_wconf 90' lang='lat' dir='ltr'><strong>noster</strong></span> <span class='ocrx_word' id='word_1_139' title='bbox 2552 2274 3172 2345; x_wconf 85' lang='lat' dir='ltr'><strong>excellentissimus</strong></span> <span class='ocrx_word' id='word_1_140' title='bbox 3211 2275 3401 2369; x_wconf 90' lang='lat' dir='ltr'><strong>prin-</strong></span> 
     </span>
     <span class='ocr_line' id='line_1_16' title="bbox 574 2395 3403 2492; baseline 0 -24"><span class='ocrx_word' id='word_1_141' title='bbox 574 2417 738 2492; x_wconf 89' lang='lat' dir='ltr'><strong>ceps</strong></span> <span class='ocrx_word' id='word_1_142' title='bbox 758 2397 1146 2469; x_wconf 89' lang='lat' dir='ltr'><strong>Fridericus</strong></span> <span class='ocrx_word' id='word_1_143' title='bbox 1163 2397 1312 2468; x_wconf 85' lang='lat' dir='ltr'><strong>dux</strong></span> <span class='ocrx_word' id='word_1_144' title='bbox 1338 2397 1615 2469; x_wconf 89' lang='lat' dir='ltr'><strong>Austrie</strong></span> <span class='ocrx_word' id='word_1_145' title='bbox 1640 2407 1711 2469; x_wconf 89' lang='lat' dir='ltr'><strong>et</strong></span> <span class='ocrx_word' id='word_1_146' title='bbox 1729 2398 1931 2469; x_wconf 90' lang='lat' dir='ltr'><strong>Stirie</strong></span> <span class='ocrx_word' id='word_1_147' title='bbox 1955 2418 2038 2468; x_wconf 91' lang='lat' dir='ltr'><strong>ac</strong></span> <span class='ocrx_word' id='word_1_148' title='bbox 2061 2397 2386 2469; x_wconf 89' lang='lat' dir='ltr'><strong>dominus</strong></span> <span class='ocrx_word' id='word_1_149' title='bbox 2408 2395 2751 2484; x_wconf 88' lang='lat' dir='ltr'><strong>Carniole,</strong></span> <span class='ocrx_word' id='word_1_150' title='bbox 2771 2396 3403 2492; x_wconf 70' lang='lat' dir='ltr'><strong>dilectus-princeps</strong></span> 
     </span>
     <span class='ocr_line' id='line_1_17' title="bbox 572 2519 3401 2615; baseline 0.001 -26"><span class='ocrx_word' id='word_1_151' title='bbox 572 2541 657 2591; x_wconf 89' lang='lat' dir='ltr'><strong>ac</strong></span> <span class='ocrx_word' id='word_1_152' title='bbox 690 2521 1247 2613; x_wconf 89' lang='lat' dir='ltr'><strong>consanguineus</strong></span> <span class='ocrx_word' id='word_1_153' title='bbox 1287 2531 1552 2612; x_wconf 88' lang='lat' dir='ltr'><strong>noster,</strong></span> <span class='ocrx_word' id='word_1_154' title='bbox 1579 2521 1934 2614; x_wconf 86' lang='lat' dir='ltr'><strong>quoddam</strong></span> <span class='ocrx_word' id='word_1_155' title='bbox 1977 2520 2416 2615; x_wconf 84' lang='lat' dir='ltr'><strong>privilegium</strong></span> <span class='ocrx_word' id='word_1_156' title='bbox 2459 2519 2605 2591; x_wconf 90' lang='lat' dir='ltr'><strong>divi</strong></span> <span class='ocrx_word' id='word_1_157' title='bbox 2651 2521 2925 2610; x_wconf 89' lang='lat' dir='ltr'><strong>augusti</strong></span> <span class='ocrx_word' id='word_1_158' title='bbox 2968 2520 3401 2613; x_wconf 88' lang='lat' dir='ltr'><strong>imperatoris</strong></span> 
     </span>
     <span class='ocr_line' id='line_1_18' title="bbox 579 2643 3402 2736; baseline -0 -21"><span class='ocrx_word' id='word_1_159' title='bbox 579 2645 933 2736; x_wconf 90' lang='lat' dir='ltr'><strong>quondam</strong></span> <span class='ocrx_word' id='word_1_160' title='bbox 976 2644 1305 2717; x_wconf 90' lang='lat' dir='ltr'><strong>Friderici</strong></span> <span class='ocrx_word' id='word_1_161' title='bbox 1344 2645 1456 2716; x_wconf 90' lang='lat' dir='ltr'><strong>avi</strong></span> <span class='ocrx_word' id='word_1_162' title='bbox 1493 2645 1711 2718; x_wconf 87' lang='lat' dir='ltr'><strong>nostri</strong></span> <span class='ocrx_word' id='word_1_163' title='bbox 1750 2644 2082 2717; x_wconf 89' lang='lat' dir='ltr'><strong>memorie</strong></span> <span class='ocrx_word' id='word_1_164' title='bbox 2124 2643 2493 2715; x_wconf 89' lang='lat' dir='ltr'><strong>recolende</strong></span> <span class='ocrx_word' id='word_1_165' title='bbox 2526 2644 2822 2715; x_wconf 89' lang='lat' dir='ltr'><strong>Henrico</strong></span> <span class='ocrx_word' id='word_1_166' title='bbox 2855 2644 3207 2735; x_wconf 90' lang='lat' dir='ltr'><strong>quondam</strong></span> <span class='ocrx_word' id='word_1_167' title='bbox 3241 2644 3402 2717; x_wconf 91' lang='lat' dir='ltr'><strong>duci</strong></span> 
     </span>
     <span class='ocr_line' id='line_1_19' title="bbox 573 2766 3398 2862; baseline -0.001 -24"><span class='ocrx_word' id='word_1_168' title='bbox 573 2766 847 2839; x_wconf 89' lang='lat' dir='ltr'><strong>Austrie</strong></span> <span class='ocrx_word' id='word_1_169' title='bbox 884 2789 1146 2862; x_wconf 90' lang='lat' dir='ltr'><strong>proavo</strong></span> <span class='ocrx_word' id='word_1_170' title='bbox 1189 2790 1317 2840; x_wconf 90' lang='lat' dir='ltr'><strong>suo</strong></span> <span class='ocrx_word' id='word_1_171' title='bbox 1360 2769 1625 2841; x_wconf 90' lang='lat' dir='ltr'><strong>dudum</strong></span> <span class='ocrx_word' id='word_1_172' title='bbox 1669 2767 2020 2840; x_wconf 86' lang='lat' dir='ltr'><strong>indultum</strong></span> <span class='ocrx_word' id='word_1_173' title='bbox 2052 2777 2289 2838; x_wconf 89' lang='lat' dir='ltr'><strong>nostro</strong></span> <span class='ocrx_word' id='word_1_174' title='bbox 2323 2766 2608 2837; x_wconf 88' lang='lat' dir='ltr'><strong>culmini</strong></span> <span class='ocrx_word' id='word_1_175' title='bbox 2642 2767 3103 2860; x_wconf 86' lang='lat' dir='ltr'><strong>presentavit,</strong></span> <span class='ocrx_word' id='word_1_176' title='bbox 3134 2767 3398 2861; x_wconf 90' lang='lat' dir='ltr'><strong>suppli-</strong></span> 
     </span>
     <span class='ocr_line' id='line_1_20' title="bbox 572 2888 3399 2982; baseline -0.002 -18"><span class='ocrx_word' id='word_1_177' title='bbox 572 2911 737 2964; x_wconf 85' lang='lat' dir='ltr'><strong>cans</strong></span> <span class='ocrx_word' id='word_1_178' title='bbox 774 2893 1106 2965; x_wconf 87' lang='lat' dir='ltr'><strong>attentius</strong></span> <span class='ocrx_word' id='word_1_179' title='bbox 1132 2901 1212 2964; x_wconf 89' lang='lat' dir='ltr'><strong>ut</strong></span> <span class='ocrx_word' id='word_1_180' title='bbox 1241 2893 1304 2964; x_wconf 89' lang='lat' dir='ltr'><strong>ei</strong></span> <span class='ocrx_word' id='word_1_181' title='bbox 1336 2893 1510 2964; x_wconf 91' lang='lat' dir='ltr'><strong>illud</strong></span> <span class='ocrx_word' id='word_1_182' title='bbox 1542 2892 1877 2964; x_wconf 90' lang='lat' dir='ltr'><strong>innovare</strong></span> <span class='ocrx_word' id='word_1_183' title='bbox 1921 2901 1992 2964; x_wconf 89' lang='lat' dir='ltr'><strong>et</strong></span> <span class='ocrx_word' id='word_1_184' title='bbox 2023 2890 2255 2963; x_wconf 92' lang='lat' dir='ltr'><strong>omnia</strong></span> <span class='ocrx_word' id='word_1_185' title='bbox 2282 2912 2419 2982; x_wconf 93' lang='lat' dir='ltr'><strong>que</strong></span> <span class='ocrx_word' id='word_1_186' title='bbox 2451 2889 2895 2961; x_wconf 89' lang='lat' dir='ltr'><strong>continentur</strong></span> <span class='ocrx_word' id='word_1_187' title='bbox 2927 2890 2996 2959; x_wconf 93' lang='lat' dir='ltr'><strong>in</strong></span> <span class='ocrx_word' id='word_1_188' title='bbox 3030 2910 3114 2961; x_wconf 92' lang='lat' dir='ltr'><strong>eo</strong></span> <span class='ocrx_word' id='word_1_189' title='bbox 3147 2888 3399 2961; x_wconf 88' lang='lat' dir='ltr'><strong>confir-</strong></span> 
     </span>
     <span class='ocr_line' id='line_1_21' title="bbox 571 3013 3176 3108; baseline -0.001 -23"><span class='ocrx_word' id='word_1_190' title='bbox 571 3034 763 3086; x_wconf 90' lang='lat' dir='ltr'><strong>mare</strong></span> <span class='ocrx_word' id='word_1_191' title='bbox 800 3015 890 3086; x_wconf 93' lang='lat' dir='ltr'><strong>de</strong></span> <span class='ocrx_word' id='word_1_192' title='bbox 917 3024 1152 3088; x_wconf 90' lang='lat' dir='ltr'><strong>nostra</strong></span> <span class='ocrx_word' id='word_1_193' title='bbox 1185 3017 1404 3107; x_wconf 86' lang='lat' dir='ltr'><strong>gratia</strong></span> <span class='ocrx_word' id='word_1_194' title='bbox 1431 3017 1915 3108; x_wconf 89' lang='lat' dir='ltr'><strong>dignaremur;</strong></span> <span class='ocrx_word' id='word_1_195' title='bbox 1950 3016 2150 3106; x_wconf 91' lang='lat' dir='ltr'><strong>cujus</strong></span> <span class='ocrx_word' id='word_1_196' title='bbox 2176 3024 2376 3086; x_wconf 89' lang='lat' dir='ltr'><strong>tenor</strong></span> <span class='ocrx_word' id='word_1_197' title='bbox 2401 3036 2528 3108; x_wconf 90' lang='lat' dir='ltr'><strong>per</strong></span> <span class='ocrx_word' id='word_1_198' title='bbox 2561 3013 2793 3085; x_wconf 89' lang='lat' dir='ltr'><strong>omnia</strong></span> <span class='ocrx_word' id='word_1_199' title='bbox 2827 3014 2981 3084; x_wconf 83' lang='lat' dir='ltr'><strong>talis</strong></span> <span class='ocrx_word' id='word_1_200' title='bbox 3017 3024 3121 3085; x_wconf 87' lang='lat' dir='ltr'><strong>est</strong></span> <span class='ocrx_word' id='word_1_201' title='bbox 3160 3040 3176 3083; x_wconf 77' lang='grc' dir='ltr'><strong><em>ε</em></strong></span> 
     </span>
    </p>

    <p class='ocr_par' dir='ltr' id='par_1_4' title="bbox 560 3137 3401 4709">
     <span class='ocr_line' id='line_1_22' title="bbox 666 3137 3398 3230; baseline -0 -21"><span class='ocrx_word' id='word_1_202' title='bbox 666 3140 745 3209; x_wconf 92' lang='lat' dir='ltr'><strong>In</strong></span> <span class='ocrx_word' id='word_1_203' title='bbox 767 3137 1049 3209; x_wconf 88' lang='lat' dir='ltr'><strong>nomine</strong></span> <span class='ocrx_word' id='word_1_204' title='bbox 1072 3148 1307 3210; x_wconf 89' lang='lat' dir='ltr'><strong>sancte</strong></span> <span class='ocrx_word' id='word_1_205' title='bbox 1333 3148 1405 3210; x_wconf 90' lang='lat' dir='ltr'><strong>et</strong></span> <span class='ocrx_word' id='word_1_206' title='bbox 1427 3140 1783 3211; x_wconf 89' lang='lat' dir='ltr'><strong>individue</strong></span> <span class='ocrx_word' id='word_1_207' title='bbox 1793 3139 2166 3230; x_wconf 81' lang='lat' dir='ltr'><strong>TrinitatiS,</strong></span> <span class='ocrx_word' id='word_1_208' title='bbox 2186 3137 2437 3209; x_wconf 91' lang='lat' dir='ltr'><strong>Amen.</strong></span> <span class='ocrx_word' id='word_1_209' title='bbox 2458 3137 2846 3209; x_wconf 90' lang='lat' dir='ltr'><strong>Fridericus</strong></span> <span class='ocrx_word' id='word_1_210' title='bbox 2871 3137 3105 3209; x_wconf 89' lang='lat' dir='ltr'><strong>divina</strong></span> <span class='ocrx_word' id='word_1_211' title='bbox 3123 3139 3398 3209; x_wconf 83' lang='lat' dir='ltr'><strong>favente</strong></span> 
     </span>
     <span class='ocr_line' id='line_1_23' title="bbox 571 3261 3399 3358; baseline 0.001 -25"><span class='ocrx_word' id='word_1_212' title='bbox 571 3261 937 3333; x_wconf 89' lang='lat' dir='ltr'><strong>clementia</strong></span> <span class='ocrx_word' id='word_1_213' title='bbox 961 3264 1426 3334; x_wconf 89' lang='lat' dir='ltr'><strong>Romanorum</strong></span> <span class='ocrx_word' id='word_1_214' title='bbox 1460 3263 1837 3358; x_wconf 87' lang='lat' dir='ltr'><strong>imperator</strong></span> <span class='ocrx_word' id='word_1_215' title='bbox 1866 3273 2225 3356; x_wconf 80' lang='lat' dir='ltr'><strong>augustus,</strong></span> <span class='ocrx_word' id='word_1_216' title='bbox 2248 3264 2661 3357; x_wconf 88' lang='lat' dir='ltr'><strong>Quanquam</strong></span> <span class='ocrx_word' id='word_1_217' title='bbox 2689 3284 2921 3333; x_wconf 85' lang='lat' dir='ltr'><strong>rerum</strong></span> <span class='ocrx_word' id='word_1_218' title='bbox 2953 3264 3399 3335; x_wconf 88' lang='lat' dir='ltr'><strong>commutatio</strong></span> 
     </span>
     <span class='ocr_line' id='line_1_24' title="bbox 577 3385 3399 3482; baseline 0.001 -26"><span class='ocrx_word' id='word_1_219' title='bbox 577 3405 670 3456; x_wconf 83' lang='lat' dir='ltr'><strong>ex</strong></span> <span class='ocrx_word' id='word_1_220' title='bbox 701 3385 852 3480; x_wconf 91' lang='lat' dir='ltr'><strong>ipsa</strong></span> <span class='ocrx_word' id='word_1_221' title='bbox 889 3386 1231 3481; x_wconf 88' lang='lat' dir='ltr'><strong>corporali</strong></span> <span class='ocrx_word' id='word_1_222' title='bbox 1258 3385 1687 3459; x_wconf 89' lang='lat' dir='ltr'><strong>institutione</strong></span> <span class='ocrx_word' id='word_1_223' title='bbox 1728 3388 1944 3482; x_wconf 89' lang='lat' dir='ltr'><strong>possit</strong></span> <span class='ocrx_word' id='word_1_224' title='bbox 1973 3386 2169 3458; x_wconf 84' lang='lat' dir='ltr'><strong>firma</strong></span> <span class='ocrx_word' id='word_1_225' title='bbox 2207 3386 2583 3460; x_wconf 89' lang='lat' dir='ltr'><strong>consistere</strong></span> <span class='ocrx_word' id='word_1_226' title='bbox 2620 3408 2750 3457; x_wconf 91' lang='lat' dir='ltr'><strong>nec</strong></span> <span class='ocrx_word' id='word_1_227' title='bbox 2791 3407 2874 3456; x_wconf 92' lang='lat' dir='ltr'><strong>ea</strong></span> <span class='ocrx_word' id='word_1_228' title='bbox 2917 3408 3054 3478; x_wconf 91' lang='lat' dir='ltr'><strong>que</strong></span> <span class='ocrx_word' id='word_1_229' title='bbox 3095 3386 3399 3478; x_wconf 83' lang='lat' dir='ltr'><strong>legitime</strong></span> 
     </span>
     <span class='ocr_line' id='line_1_25' title="bbox 572 3495 3401 3604; baseline -0 -23"><span class='ocrx_word' id='word_1_230' title='bbox 572 3518 911 3603; x_wconf 88' lang='lat' dir='ltr'><strong>geruntur</strong></span> <span class='ocrx_word' id='word_1_231' title='bbox 935 3510 1077 3581; x_wconf 89' lang='lat' dir='ltr'><strong>ulla</strong></span> <span class='ocrx_word' id='word_1_232' title='bbox 1107 3509 1374 3603; x_wconf 84' lang='lat' dir='ltr'><strong>possint</strong></span> <span class='ocrx_word' id='word_1_233' title='bbox 1404 3511 1866 3601; x_wconf 82' lang='lat' dir='ltr'><strong>refragatione</strong></span> <span class='ocrx_word' id='word_1_234' title='bbox 1899 3511 2222 3602; x_wconf 91' lang='lat' dir='ltr'><strong>convelli,</strong></span> <span class='ocrx_word' id='word_1_235' title='bbox 2258 3495 2349 3582; x_wconf 88' lang='lat' dir='ltr'><strong>ne</strong></span> <span class='ocrx_word' id='word_1_236' title='bbox 2382 3519 2616 3580; x_wconf 87' lang='lat' dir='ltr'><strong>tamen</strong></span> <span class='ocrx_word' id='word_1_237' title='bbox 2653 3509 2749 3579; x_wconf 89' lang='lat' dir='ltr'><strong>rei</strong></span> <span class='ocrx_word' id='word_1_238' title='bbox 2790 3519 2984 3600; x_wconf 89' lang='lat' dir='ltr'><strong>geste</strong></span> <span class='ocrx_word' id='word_1_239' title='bbox 3014 3511 3154 3580; x_wconf 84' lang='lat' dir='ltr'><strong>ulla</strong></span> <span class='ocrx_word' id='word_1_240' title='bbox 3186 3510 3401 3604; x_wconf 91' lang='lat' dir='ltr'><strong>possit</strong></span> 
     </span>
     <span class='ocr_line' id='line_1_26' title="bbox 579 3631 3394 3727; baseline 0 -25"><span class='ocrx_word' id='word_1_241' title='bbox 579 3652 730 3703; x_wconf 90' lang='lat' dir='ltr'><strong>esse</strong></span> <span class='ocrx_word' id='word_1_242' title='bbox 767 3631 1112 3723; x_wconf 85' lang='lat' dir='ltr'><strong>dubietas,</strong></span> <span class='ocrx_word' id='word_1_243' title='bbox 1140 3633 1514 3727; x_wconf 88' lang='lat' dir='ltr'><strong>imperialis</strong></span> <span class='ocrx_word' id='word_1_244' title='bbox 1543 3632 1752 3704; x_wconf 91' lang='lat' dir='ltr'><strong>debet</strong></span> <span class='ocrx_word' id='word_1_245' title='bbox 1785 3632 2204 3705; x_wconf 89' lang='lat' dir='ltr'><strong>intervenire</strong></span> <span class='ocrx_word' id='word_1_246' title='bbox 2242 3633 2636 3704; x_wconf 64' lang='lat' dir='ltr'><strong>auctoritas</strong></span> <span class='ocrx_word' id='word_1_247' title='bbox 2670 3631 2958 3703; x_wconf 87' lang='lat' dir='ltr'><strong>Noverit</strong></span> <span class='ocrx_word' id='word_1_248' title='bbox 2997 3632 3205 3723; x_wconf 86' lang='lat' dir='ltr'><strong>igitur</strong></span> <span class='ocrx_word' id='word_1_249' title='bbox 3245 3653 3394 3703; x_wconf 90' lang='lat' dir='ltr'><strong>om-</strong></span> 
     </span>
     <span class='ocr_line' id='line_1_27' title="bbox 576 3754 3399 3851; baseline -0.001 -23"><span class='ocrx_word' id='word_1_250' title='bbox 576 3756 770 3828; x_wconf 90' lang='lat' dir='ltr'><strong>nium</strong></span> <span class='ocrx_word' id='word_1_251' title='bbox 812 3755 1059 3828; x_wconf 87' lang='lat' dir='ltr'><strong>Christi</strong></span> <span class='ocrx_word' id='word_1_252' title='bbox 1094 3756 1501 3851; x_wconf 89' lang='lat' dir='ltr'><strong>imperiique</strong></span> <span class='ocrx_word' id='word_1_253' title='bbox 1537 3756 1755 3828; x_wconf 90' lang='lat' dir='ltr'><strong>nostri</strong></span> <span class='ocrx_word' id='word_1_254' title='bbox 1794 3754 2102 3827; x_wconf 88' lang='lat' dir='ltr'><strong>fidelium</strong></span> <span class='ocrx_word' id='word_1_255' title='bbox 2145 3777 2430 3850; x_wconf 88' lang='lat' dir='ltr'><strong>presens</strong></span> <span class='ocrx_word' id='word_1_256' title='bbox 2477 3764 2623 3826; x_wconf 87' lang='lat' dir='ltr'><strong>etas</strong></span> <span class='ocrx_word' id='word_1_257' title='bbox 2662 3764 2731 3826; x_wconf 91' lang='lat' dir='ltr'><strong>et</strong></span> <span class='ocrx_word' id='word_1_258' title='bbox 2765 3755 2991 3825; x_wconf 85' lang='lat' dir='ltr'><strong>futura</strong></span> <span class='ocrx_word' id='word_1_259' title='bbox 3035 3755 3399 3849; x_wconf 85' lang='lat' dir='ltr'><strong>posteritas</strong></span> 
     </span>
     <span class='ocr_line' id='line_1_28' title="bbox 567 3875 3399 3973; baseline -0.001 -24"><span class='ocrx_word' id='word_1_260' title='bbox 567 3879 869 3971; x_wconf 88' lang='lat' dir='ltr'><strong>qualiter</strong></span> <span class='ocrx_word' id='word_1_261' title='bbox 885 3900 1038 3969; x_wconf 78' lang='lat' dir='ltr'><strong>neS,</strong></span> <span class='ocrx_word' id='word_1_262' title='bbox 1065 3880 1218 3971; x_wconf 91' lang='lat' dir='ltr'><strong>ejus</strong></span> <span class='ocrx_word' id='word_1_263' title='bbox 1250 3889 1667 3973; x_wconf 88' lang='lat' dir='ltr'><strong>cooperante</strong></span> <span class='ocrx_word' id='word_1_264' title='bbox 1695 3879 1915 3972; x_wconf 90' lang='lat' dir='ltr'><strong>gratia</strong></span> <span class='ocrx_word' id='word_1_265' title='bbox 1945 3900 1988 3951; x_wconf 88' lang='lat' dir='ltr'><strong>a</strong></span> <span class='ocrx_word' id='word_1_266' title='bbox 2015 3901 2155 3972; x_wconf 91' lang='lat' dir='ltr'><strong>quo</strong></span> <span class='ocrx_word' id='word_1_267' title='bbox 2184 3880 2430 3951; x_wconf 90' lang='lat' dir='ltr'><strong>celitus</strong></span> <span class='ocrx_word' id='word_1_268' title='bbox 2461 3900 2605 3973; x_wconf 81' lang='lat' dir='ltr'><strong>pax</strong></span> <span class='ocrx_word' id='word_1_269' title='bbox 2633 3877 2840 3948; x_wconf 91' lang='lat' dir='ltr'><strong>missa</strong></span> <span class='ocrx_word' id='word_1_270' title='bbox 2868 3886 2973 3947; x_wconf 90' lang='lat' dir='ltr'><strong>est</strong></span> <span class='ocrx_word' id='word_1_271' title='bbox 3000 3875 3399 3947; x_wconf 90' lang='lat' dir='ltr'><strong>hominibus</strong></span> 
     </span>
     <span class='ocr_line' id='line_1_29' title="bbox 569 3998 3396 4096; baseline -0.001 -24"><span class='ocrx_word' id='word_1_272' title='bbox 569 4023 779 4096; x_wconf 89' lang='lat' dir='ltr'><strong>super</strong></span> <span class='ocrx_word' id='word_1_273' title='bbox 807 4016 1090 4094; x_wconf 85' lang='lat' dir='ltr'><strong>terram,</strong></span> <span class='ocrx_word' id='word_1_274' title='bbox 1118 4003 1191 4073; x_wconf 90' lang='lat' dir='ltr'><strong>in</strong></span> <span class='ocrx_word' id='word_1_275' title='bbox 1219 4004 1528 4095; x_wconf 90' lang='lat' dir='ltr'><strong>generali</strong></span> <span class='ocrx_word' id='word_1_276' title='bbox 1553 4013 1788 4075; x_wconf 89' lang='lat' dir='ltr'><strong>nostra</strong></span> <span class='ocrx_word' id='word_1_277' title='bbox 1812 4003 2005 4074; x_wconf 88' lang='lat' dir='ltr'><strong>curia</strong></span> <span class='ocrx_word' id='word_1_278' title='bbox 2027 4004 2402 4096; x_wconf 89' lang='lat' dir='ltr'><strong>Ratispone</strong></span> <span class='ocrx_word' id='word_1_279' title='bbox 2427 4002 2495 4071; x_wconf 92' lang='lat' dir='ltr'><strong>in</strong></span> <span class='ocrx_word' id='word_1_280' title='bbox 2517 4000 2892 4072; x_wconf 89' lang='lat' dir='ltr'><strong>Nativitate</strong></span> <span class='ocrx_word' id='word_1_281' title='bbox 2921 4008 3155 4070; x_wconf 89' lang='lat' dir='ltr'><strong>sancte</strong></span> <span class='ocrx_word' id='word_1_282' title='bbox 3183 3998 3396 4070; x_wconf 89' lang='lat' dir='ltr'><strong>Marie</strong></span> 
     </span>
     <span class='ocr_line' id='line_1_30' title="bbox 568 4120 3398 4221; baseline -0 -26"><span class='ocrx_word' id='word_1_283' title='bbox 568 4125 914 4198; x_wconf 87' lang='lat' dir='ltr'><strong>celebrata</strong></span> <span class='ocrx_word' id='word_1_284' title='bbox 969 4127 1041 4198; x_wconf 93' lang='lat' dir='ltr'><strong>in</strong></span> <span class='ocrx_word' id='word_1_285' title='bbox 1095 4127 1442 4221; x_wconf 87' lang='lat' dir='ltr'><strong>presentia</strong></span> <span class='ocrx_word' id='word_1_286' title='bbox 1487 4127 1863 4197; x_wconf 89' lang='lat' dir='ltr'><strong>multorum</strong></span> <span class='ocrx_word' id='word_1_287' title='bbox 1902 4127 2382 4217; x_wconf 89' lang='lat' dir='ltr'><strong>religiosorum</strong></span> <span class='ocrx_word' id='word_1_288' title='bbox 2419 4133 2491 4195; x_wconf 90' lang='lat' dir='ltr'><strong>et</strong></span> <span class='ocrx_word' id='word_1_289' title='bbox 2528 4120 3053 4211; x_wconf 89' lang='lat' dir='ltr'><strong>catholicorum,</strong></span> <span class='ocrx_word' id='word_1_290' title='bbox 3089 4122 3281 4192; x_wconf 90' lang='lat' dir='ltr'><strong>litem</strong></span> <span class='ocrx_word' id='word_1_291' title='bbox 3327 4133 3398 4194; x_wconf 88' lang='lat' dir='ltr'><strong>et</strong></span> 
     </span>
     <span class='ocr_line' id='line_1_31' title="bbox 569 4245 3395 4342; baseline 0 -25"><span class='ocrx_word' id='word_1_292' title='bbox 569 4251 1109 4322; x_wconf 87' lang='lat' dir='ltr'><strong>controversiam</strong></span> <span class='ocrx_word' id='word_1_293' title='bbox 1140 4271 1278 4342; x_wconf 89' lang='lat' dir='ltr'><strong>que</strong></span> <span class='ocrx_word' id='word_1_294' title='bbox 1311 4250 1494 4322; x_wconf 88' lang='lat' dir='ltr'><strong>inter</strong></span> <span class='ocrx_word' id='word_1_295' title='bbox 1525 4250 1957 4322; x_wconf 87' lang='lat' dir='ltr'><strong>carissimum</strong></span> <span class='ocrx_word' id='word_1_296' title='bbox 1994 4259 2309 4320; x_wconf 89' lang='lat' dir='ltr'><strong>nostrum</strong></span> <span class='ocrx_word' id='word_1_297' title='bbox 2352 4257 2674 4341; x_wconf 89' lang='lat' dir='ltr'><strong>patruum</strong></span> <span class='ocrx_word' id='word_1_298' title='bbox 2714 4245 3109 4317; x_wconf 88' lang='lat' dir='ltr'><strong>Heinricum</strong></span> <span class='ocrx_word' id='word_1_299' title='bbox 3146 4245 3395 4319; x_wconf 90' lang='lat' dir='ltr'><strong>ducem</strong></span> 
     </span>
     <span class='ocr_line' id='line_1_32' title="bbox 570 4369 3394 4467; baseline 0 -26"><span class='ocrx_word' id='word_1_300' title='bbox 570 4369 847 4442; x_wconf 88' lang='lat' dir='ltr'><strong>Austrie</strong></span> <span class='ocrx_word' id='word_1_301' title='bbox 881 4383 952 4443; x_wconf 84' lang='lat' dir='ltr'><strong>et</strong></span> <span class='ocrx_word' id='word_1_302' title='bbox 980 4373 1162 4447; x_wconf 89' lang='lat' dir='ltr'><strong>inter</strong></span> <span class='ocrx_word' id='word_1_303' title='bbox 1192 4382 1518 4467; x_wconf 89' lang='lat' dir='ltr'><strong>nepotem</strong></span> <span class='ocrx_word' id='word_1_304' title='bbox 1553 4382 1867 4444; x_wconf 90' lang='lat' dir='ltr'><strong>nostrum</strong></span> <span class='ocrx_word' id='word_1_305' title='bbox 1898 4371 2326 4443; x_wconf 89' lang='lat' dir='ltr'><strong>carissimum</strong></span> <span class='ocrx_word' id='word_1_306' title='bbox 2362 4369 2757 4440; x_wconf 86' lang='lat' dir='ltr'><strong>Heinricum</strong></span> <span class='ocrx_word' id='word_1_307' title='bbox 2803 4370 3053 4440; x_wconf 90' lang='lat' dir='ltr'><strong>ducem</strong></span> <span class='ocrx_word' id='word_1_308' title='bbox 3096 4371 3394 4444; x_wconf 82' lang='lat' dir='ltr'><strong>Saxonie</strong></span> 
     </span>
     <span class='ocr_line' id='line_1_33' title="bbox 573 4492 3394 4590; baseline -0 -25"><span class='ocrx_word' id='word_1_309' title='bbox 573 4492 693 4565; x_wconf 81' lang='lat' dir='ltr'><strong>diu</strong></span> <span class='ocrx_word' id='word_1_310' title='bbox 731 4493 989 4584; x_wconf 88' lang='lat' dir='ltr'><strong>agitata</strong></span> <span class='ocrx_word' id='word_1_311' title='bbox 1021 4496 1251 4568; x_wconf 82' lang='lat' dir='ltr'><strong>extitit</strong></span> <span class='ocrx_word' id='word_1_312' title='bbox 1281 4517 1490 4590; x_wconf 89' lang='lat' dir='ltr'><strong>super</strong></span> <span class='ocrx_word' id='word_1_313' title='bbox 1517 4495 1775 4566; x_wconf 85' lang='lat' dir='ltr'><strong>ducatu</strong></span> <span class='ocrx_word' id='word_1_314' title='bbox 1802 4494 2089 4565; x_wconf 88' lang='lat' dir='ltr'><strong>Bavarie</strong></span> <span class='ocrx_word' id='word_1_315' title='bbox 2118 4505 2189 4564; x_wconf 86' lang='lat' dir='ltr'><strong>et</strong></span> <span class='ocrx_word' id='word_1_316' title='bbox 2214 4515 2423 4587; x_wconf 90' lang='lat' dir='ltr'><strong>super</strong></span> <span class='ocrx_word' id='word_1_317' title='bbox 2446 4492 2749 4564; x_wconf 90' lang='lat' dir='ltr'><strong>Marchia</strong></span> <span class='ocrx_word' id='word_1_318' title='bbox 2774 4514 2816 4564; x_wconf 90' lang='lat' dir='ltr'><strong>a</strong></span> <span class='ocrx_word' id='word_1_319' title='bbox 2842 4495 3181 4589; x_wconf 90' lang='lat' dir='ltr'><strong>superiori</strong></span> <span class='ocrx_word' id='word_1_320' title='bbox 3202 4503 3394 4588; x_wconf 88' lang='lat' dir='ltr'><strong>parte</strong></span> 
     </span>
     <span class='ocr_line' id='line_1_34' title="bbox 560 4614 3397 4709; baseline 0 -24"><span class='ocrx_word' id='word_1_321' title='bbox 560 4614 877 4692; x_wconf 84' lang='lat' dir='ltr'><strong>fluminis</strong></span> <span class='ocrx_word' id='word_1_322' title='bbox 898 4616 1139 4709; x_wconf 89' lang='lat' dir='ltr'><strong>Anasi,</strong></span> <span class='ocrx_word' id='word_1_323' title='bbox 1164 4618 1685 4690; x_wconf 87' lang='lat' dir='ltr'><strong>terminavimus</strong></span> <span class='ocrx_word' id='word_1_324' title='bbox 1712 4616 1846 4690; x_wconf 91' lang='lat' dir='ltr'><strong>hoc</strong></span> <span class='ocrx_word' id='word_1_325' title='bbox 1871 4616 2083 4688; x_wconf 93' lang='lat' dir='ltr'><strong>modo</strong></span> <span class='ocrx_word' id='word_1_326' title='bbox 2109 4616 2302 4709; x_wconf 91' lang='lat' dir='ltr'><strong>quod</strong></span> <span class='ocrx_word' id='word_1_327' title='bbox 2324 4616 2472 4690; x_wconf 84' lang='lat' dir='ltr'><strong>dux</strong></span> <span class='ocrx_word' id='word_1_328' title='bbox 2487 4616 2762 4687; x_wconf 88' lang='lat' dir='ltr'><strong>Austrie</strong></span> <span class='ocrx_word' id='word_1_329' title='bbox 2795 4618 3173 4709; x_wconf 88' lang='lat' dir='ltr'><strong>resignavit</strong></span> <span class='ocrx_word' id='word_1_330' title='bbox 3196 4616 3397 4688; x_wconf 89' lang='lat' dir='ltr'><strong>nobis</strong></span> 
     </span>
    </p>
   </div>
  </div>
 </body>
</html>
