4364 5738
594 546 798 607 hemer.
831 543 924 627 2.]
1484 539 1881 601 HISTORIA
1930 537 2525 601 DlPLOMATlCA.
3304 549 3427 610 213

597 681 834 754 retulit
881 678 1315 774 questionem
1360 698 1570 769 quam
1611 674 1980 748 Lombardi
2027 674 2158 770 ipsi
2196 674 2391 747 nullo
2440 684 2750 771 tempore
2795 690 2956 750 ante
3000 683 3418 774 retulerant,

594 825 755 876 cum
783 805 970 899 ipsos
997 803 1086 875 de
1115 800 1409 897 imperio
1443 809 1515 871 et
1546 799 1818 894 imperii
1851 798 2150 871 vasallos
2179 819 2331 870 esse
2359 808 2734 871 constaret.
2764 801 3423 877 perniciosissimum

594 927 921 1022 exemplo
950 934 1267 1021 preterea
1299 923 1635 1020 sepedicti
1675 921 1901 994 nuntii
1939 922 2085 994 fore
2119 921 2448 993 dicebant
2476 923 2532 993 si
2562 923 2651 995 de
2669 923 3153 1013 jurisdictione
3188 932 3421 1001 vasal-

591 1052 820 1124 lorum
853 1050 1123 1144 imperii
1159 1071 1286 1121 seu
1323 1047 1795 1143 quorumlibet
1837 1067 2079 1138 regum
2123 1068 2252 1140 per
2294 1045 2655 1118 dominum
2691 1069 2943 1141 papam
2987 1051 3260 1142 questio
3297 1075 3421 1125 seu

592 1173 912 1247 dubietas
942 1173 1175 1267 aliqua
1204 1174 1565 1261 referetur,
1593 1170 1805 1242 nichil
1841 1170 2100 1242 exinde
2133 1169 2206 1239 in
2238 1169 2673 1243 manifestam
2709 1171 2981 1266 imperii
3013 1182 3085 1244 et
3110 1176 3421 1247 omnium

589 1301 734 1371 fere
762 1298 1153 1394 principum
1179 1296 1503 1387 injuriam
1531 1295 1758 1390 potuit
1783 1294 2103 1366 obtineri.
2128 1294 2309 1365 Ymo
2336 1294 2407 1363 in
2437 1294 2831 1366 evidentius
2848 1306 3162 1368 nostrum
3189 1301 3420 1393 preju-

592 1422 851 1495 dicium
877 1432 948 1493 et
969 1419 1511 1493 manifestiorem
1536 1428 1842 1492 nostram
1866 1417 2218 1510 injuriam,
2246 1417 2456 1489 nullis
2480 1418 2690 1489 etiam
2718 1421 3167 1492 sacramentis
3196 1421 3418 1495 fideli-

592 1546 750 1618 tatis
781 1546 1089 1641 prestitis
1114 1565 1242 1639 per
1258 1543 1709 1633 Lombardos,
1738 1543 1924 1636 ipsos
1948 1542 2260 1636 captivos
2282 1542 2551 1613 restitui
2578 1544 2999 1637 postulabat.
3028 1544 3230 1628 Quod
3260 1568 3419 1618 cum

587 1689 718 1763 per
747 1667 1031 1740 nuntios
1057 1676 1332 1739 nostros
1355 1668 1533 1740 foret
1563 1665 1924 1737 manifeste
1957 1675 2324 1757 negatum,
2364 1665 2687 1738 dominus
2724 1688 2905 1763 papa
2941 1690 3136 1740 suam
3169 1692 3416 1762 quam-

588 1790 751 1863 dam
795 1791 1164 1862 utilitatem
1213 1812 1363 1862 esse
1409 1789 1593 1862 dixit
1639 1788 1831 1882 quod
1877 1789 2093 1860 verba
2144 1790 2276 1860 ista
2324 1788 2415 1861 de
2462 1792 2912 1862 sacramentis
2957 1791 3308 1865 fidelitatis
3350 1803 3421 1866 et

588 1915 1023 1988 restitutione
1058 1915 1494 2009 captivorum
1534 1913 1624 1985 de
1665 1920 1963 1984 tractatu
1999 1920 2070 1983 et
2100 1912 2407 1983 articulis
2447 1913 2858 1984 tollerentur
2889 1925 2960 1985 et
2992 1915 3427 1989 haberentur

586 2062 715 2135 pro
746 2061 890 2112 non
918 2039 1191 2134 scriptis
1217 2047 1341 2109 aut
1367 2037 1609 2127 dictis3
1645 2036 1936 2108 credens
1965 2035 2154 2127 quod
2180 2035 2313 2107 sub
2336 2036 2626 2108 articulo
2656 2038 2769 2108 vel
2798 2037 3157 2110 involucro
3187 2042 3418 2134 potius

582 2164 790 2257 plene
822 2163 1013 2258 pacis
1050 2183 1261 2255 quam
1295 2183 1386 2232 ex
1426 2182 1617 2231 nunc
1644 2159 2225 2255 promittebamus
2265 2158 2671 2230 Lombardis
2710 2159 2915 2250 dare,
2954 2162 3414 2255 comprehen-

583 2285 870 2358 deretur
913 2282 1256 2357 restitutio
1298 2284 1757 2380 captivorum.
1811 2283 2033 2367 Quam
2082 2282 2535 2353 subtilitatem
2583 2281 2699 2353 vel
2750 2283 2978 2376 potius
3022 2284 3414 2376 captionem

583 2410 751 2482 dum
783 2410 1250 2505 perciperent,
1277 2408 1635 2504 protestati
1664 2415 1926 2479 suntet
1956 2407 2320 2477 manifeste
2348 2406 2684 2478 dixerunt
2710 2407 2899 2498 quod
2929 2408 3261 2479 nolebant
3283 2430 3414 2481 nec

580 2534 1061 2625 intelligebant
1088 2532 1280 2626 quod
1307 2532 1441 2604 sub
1468 2531 1701 2604 verbis
1729 2540 1800 2602 et
1829 2530 2122 2602 articulo
2150 2531 2358 2625 plene
2388 2531 2577 2623 pacis
2606 2531 3042 2625 captivorum
3072 2507 3413 2604 restitutio

582 2656 1074 2752 comprehendi
1107 2655 1422 2729 deberet.
1458 2655 1572 2728 Ad
1599 2655 2103 2749 expressiorem
2130 2654 2477 2725 cautelam
2505 2663 2825 2749 preterea
2857 2655 2976 2725 ubi
3011 2655 3098 2726 de
3132 2657 3409 2727 restitu-

583 2780 769 2853 tione
796 2781 1229 2877 captivorum
1261 2779 1517 2873 agitur,
1547 2800 1954 2874 expressum
1988 2786 2093 2849 est
2124 2778 2198 2848 in
2230 2777 2350 2849 illo
2379 2777 2683 2872 capitulo
2716 2777 2908 2869 quod
2940 2779 3197 2873 captivi
3226 2781 3410 2874 capti

580 2904 652 2974 in
698 2904 917 2996 galeis
959 2914 1030 2975 et
1070 2903 1432 2976 occasione
1484 2903 1827 2997 presentis
1874 2902 2217 2974 discordie
2268 2902 2688 2991 liberentur,
2731 2925 2890 2972 cum
2935 2904 3189 2996 captivi
3236 2924 3411 2995 quos

581 3035 899 3097 tenemus
932 3026 1197 3098 dudum
1239 3035 1402 3097 ante
1436 3025 1853 3098 discordiam
1888 3026 2069 3098 inter
2098 3026 2477 3097 Ecclesiam
2512 3037 2584 3097 et
2610 3026 2977 3120 imperium
3010 3027 3082 3096 in
3119 3026 3411 3098 victoria

579 3148 670 3221 de
709 3148 1341 3221 Mediolanensibus
1389 3149 1626 3220 habita
1671 3150 1855 3244 capti
1900 3150 2216 3221 fuissent.
2261 3150 2516 3221 Ultimo
2564 3172 2721 3221 cum
2776 3150 3265 3221 nichilominus
3317 3152 3410 3224 ad

579 3282 1087 3345 sacramentum
1123 3282 1195 3344 et
1230 3294 1472 3367 pacem
1504 3284 1583 3345 ut
1619 3274 1884 3346 dictum
1916 3285 2021 3346 est
2054 3275 2124 3345 in
2157 3275 2343 3347 Cena
2372 3274 2644 3345 Domini
2686 3297 3083 3369 processum
3127 3275 3404 3367 fuisset,

577 3396 862 3471 domino
903 3417 1086 3493 papa
1129 3397 1417 3469 forsitan
1457 3397 1574 3469 vel
1613 3397 1685 3466 in
1727 3408 2062 3493 concepta
2105 3398 2486 3470 subtilitate
2528 3420 2654 3469 sua
2691 3408 2850 3493 post
2897 3407 3409 3469 sacramentum

574 3522 941 3615 prestitum
966 3521 1297 3593 credente
1317 3519 1697 3614 procedere
1718 3522 1918 3612 quasi
1940 3521 2144 3593 nobis
2166 3522 2469 3593 strictius
2500 3520 2853 3613 obligatiS‚
2879 3522 2994 3592 vel
3018 3521 3186 3593 dum
3217 3520 3408 3592 aliud

574 3664 619 3716 a
644 3644 907 3716 nuntiis
932 3644 1248 3716 obtinere
1271 3646 1451 3716 forte
1476 3665 1620 3715 non
1649 3654 1949 3739 poterat,
1977 3645 2269 3716 formam
2298 3655 2751 3717 attentantem
2783 3645 3169 3738 predictam
3190 3697 3208 3733 ,
3243 3644 3407 3714 sub-

575 3778 951 3861 sequenter
996 3766 1090 3839 ad
1130 3766 1752 3841 Mediolanensium
1801 3775 1872 3838 et
1920 3767 2214 3839 aliorum
2268 3767 2819 3842 Lombardorum
2871 3766 2990 3860 qui
3050 3773 3408 3860 presentes

572 3902 772 3963 erant
803 3892 874 3962 in
908 3890 1101 3963 curia
1131 3890 1453 3963 lacrimas
1483 3903 1555 3963 et
1588 3893 1938 3983 querelas,
1972 3892 2381 3987 petitionem
2430 3914 2627 3963 suam
2660 3892 2751 3963 de
2789 3889 3406 3985 compromissione

572 4014 705 4086 sub
733 4013 1016 4107 negotio
1044 4014 1312 4109 precise
1341 4014 1411 4085 in
1442 4015 1669 4109 ipsum
1699 4023 1772 4086 et
1801 4016 2181 4088 Ecclesiam
2209 4014 2527 4089 facienda
2555 4015 2789 4087 denuo
2823 4012 3167 4106 repetivit.
3200 4010 3406 4097 Quod

571 4156 731 4208 cum
763 4140 1163 4211 nullatenus
1203 4138 1429 4210 nuntii
1470 4139 1699 4211 facere
1740 4140 2036 4230 vellent,
2069 4140 2433 4235 presertim
2471 4160 2629 4210 cum
2673 4146 2935 4208 tantam
2969 4134 3406 4207 affectionem

570 4259 663 4332 ad
686 4262 1113 4336 Lombardos
1140 4273 1484 4336 eteorum
1516 4262 1872 4355 negotium
1903 4263 2264 4336 dominum
2288 4282 2541 4358 papam
2575 4260 2835 4332 habere
2865 4260 3216 4351 viderent,
3251 4267 3407 4330 tan-

568 4383 732 4457 dem
773 4386 867 4458 ad
908 4387 1095 4458 viam
1132 4386 1341 4458 aliam
1386 4407 1463 4458 se
1499 4386 1876 4478 convertit,
1921 4387 2328 4481 petitionem
2378 4383 2826 4457 restitutionis
2869 4394 3051 4456 terre
3105 4382 3401 4475 scilicet,

568 4508 764 4580 nulla
805 4508 896 4580 de
943 4509 1384 4582 absolutione
1426 4518 1665 4582 nostra
1714 4512 1896 4581 facta
1938 4508 2355 4581 certitudine
2398 4509 2513 4581 vel
2554 4508 2919 4605 promissa.
2960 4506 3164 4594 Quod
3192 4528 3405 4599 quam

565 4630 1038 4724 periculosum
1091 4632 1293 4705 nobis
1341 4633 1526 4705 foret
1579 4632 1734 4704 aliis
1786 4631 2093 4704 articulis
2147 4631 2219 4703 in
2271 4634 2787 4728 contemptione
2837 4630 3286 4704 manentibus
3335 4638 3408 4700 et
