4364 5738
531 479 732 538 Itsmcr.
765 475 859 553 2.]
1434 471 1832 536 HISTORIA
1882 470 2481 535 DIPLOMA'rch.
3250 472 3362 533 167

635 1014 1100 1123 Fridericus,
1138 1013 1663 1097 Romanorum
1709 1015 2151 1124 imperator,
2204 1015 2627 1099 Johannem
2671 1014 2918 1098 filium
2965 1016 3357 1125 quondam

527 1146 990 1233 Bonconsilii
1051 1149 1150 1231 de
1208 1147 1540 1232 Cortona
1591 1146 1988 1257 publicum
2042 1147 2340 1257 imperii
2395 1147 2885 1232 tabellionem
2933 1149 3350 1232 constituit.

690 1362 1029 1442 (Memorat.
1060 1366 1124 1426 ln
1148 1366 1320 1443 epist.
1341 1364 1574 1427 Fumo.
1603 1364 1920 1443 Bonum,
1940 1361 2122 1425 Arch.
2145 1370 2288 1425 scor.
2311 1361 2584 1436 Italiam,
2609 1365 2893 1443 append„
2917 1374 2986 1425 n⁰
3010 1374 3107 1441 12,
3133 1383 3189 1443 p.
3215 1375 3357 1443 464,

770 1488 844 1532 ex
874 1473 1076 1551 regist.
1111 1477 1300 1534 veter.
1328 1476 1596 1532 coaetan-
1627 1475 1755 1532 not.
1787 1469 2104 1532 crescentii
2131 1473 2198 1530 ln
2223 1471 2389 1535 arch.
2419 1488 2637 1533 comm.
2660 1470 2930 1549 Cor-ton„
2961 1471 3008 1535 f.
3041 1480 3117 1534 95
3146 1472 3354 1551 recto.)

625 1658 1048 1750 Fridericus,
1077 1659 1204 1730 Dei
1244 1659 1466 1752 gratia
1500 1660 1972 1750 Romanorum
2011 1658 2392 1755 imperator
2430 1681 2707 1756 semper
2741 1671 3110 1754 augustUS‚
3157 1663 3357 1733 Jeru-

529 1783 747 1856 salem
786 1795 859 1856 et
892 1783 1119 1856 Sicilie
1150 1804 1309 1855 rex.
1346 1784 1480 1854 Per
1518 1804 1810 1878 presens
1850 1783 2184 1879 scriptum
2229 1793 2475 1856 notum
2518 1784 2809 1856 facimus
2848 1785 3190 1856 universis
3230 1786 3360 1857 im-

528 1908 703 2004 perii
753 1907 1079 1980 fidelibus
1138 1916 1281 1978 tam
1326 1907 1766 2002 presentibus
1813 1928 2025 2000 quam
2071 1907 2323 1979 futuris
2367 1908 2561 2000 quod
2604 1929 2733 1980 nos
2790 1908 3220 1981 confidentes
3269 1910 3358 1981 de

523 2031 901 2127 prudentia
955 2041 1025 2102 et
1071 2030 1424 2122 legalitate
1481 2030 1818 2103 Iohannis
1871 2027 1992 2101 filii
2047 2029 2404 2122 quondam
2456 2031 2873 2102 Bonconsilii
2931 2033 3020 2103 de
3065 2033 3361 2105 Cortona

526 2152 755 2226 fidelis
785 2153 1035 2245 nostri,
1064 2161 1349 2249 recepto
1375 2152 1466 2223 ab
1494 2173 1579 2224 eo
1603 2154 1811 2245 juxta
1839 2151 2417 2225 consuetudinem
2451 2150 2804 2224 fidelitatis
2830 2164 2901 2224 et
2931 2154 3138 2226 officii
3161 2157 3358 2247 jura-

526 2287 794 2370 ment0,
815 2276 1301 2350 constituimus
1334 2297 1495 2348 eum
1524 2276 1882 2372 publicum
1918 2274 2364 2349 tabellionem
2392 2275 2665 2370 imperii
2695 2286 2776 2348 ut
2810 2277 3066 2349 amodo
3101 2279 3359 2374 publici

528 2401 1018 2474 tabellionatus
1060 2399 1366 2472 officium
1411 2399 1673 2493 ubique
1723 2422 1849 2496 per
1899 2399 2268 2495 imperium
2309 2398 2400 2470 ad
2449 2399 2787 2471 honorem
2840 2411 2911 2471 et
2953 2399 3358 2473 fidelitatem

523 2537 834 2599 nostram
892 2525 1150 2597 debeat
1202 2521 1506 2596 fideliter
1548 2544 1907 2596 exercere.
1960 2523 2300 2610 Quocirca
2348 2523 2787 2595 universitati
2838 2534 3069 2600 vestre
3130 2527 3355 2622 preci-

525 2650 785 2746 piendo
834 2648 1248 2721 mandamus
1296 2656 1641 2741 quatenus
1686 2646 2003 2743 predicto
2059 2645 2357 2720 Iohanni
2410 2648 2482 2718 in
2527 2646 2663 2718 hiis
2713 2669 2851 2742 que
2897 2649 2992 2719 ad
3045 2649 3356 2742 ejusdem

525 2773 787 2871 publici
837 2772 1329 2845 tabellionatus
1381 2771 1687 2844 officium
1739 2781 2055 2867 spectare
2109 2780 2522 2862 noscuntur,
2562 2770 2939 2843 intendatis
2989 2771 3078 2843 de
3124 2783 3357 2847 cetero

527 2908 861 2992 tanquam
908 2897 1190 2993 publico
1232 2896 1591 2969 tabellioni
1639 2918 1681 2968 a
1730 2896 2092 2990 majestate
2145 2906 2382 2968 nostra
2434 2904 2691 2968 statuto
2746 2896 2840 2967 ad
2891 2896 3229 2969 honorem
3287 2910 3359 2971 et

525 3020 936 3095 fidelitatem
976 3030 1287 3093 nostram
1336 3029 1409 3092 et
1456 3021 1692 3095 nullus
1738 3020 1828 3092 sit
1870 3020 1992 3116 qui
2044 3040 2206 3092 eum
2261 3040 2472 3116 super
2518 3019 2766 3092 eodem
2811 3020 3040 3093 officio
3094 3023 3353 3117 publici

525 3144 1016 3216 tabellionatus
1061 3152 1325 3215 temere
1370 3143 1708 3240 impedire
1749 3145 1866 3217 vel
1910 3143 2322 3239 perturbare
2366 3152 2747 3240 presumat.
2788 3143 2989 3230 Quod
3031 3147 3149 3242 qui
3192 3169 3353 3243 pre-

525 3267 899 3364 sumpserit
923 3266 1474 3361 indignationem
1503 3277 1812 3341 nostram
1839 3289 1915 3341 se
1942 3268 2218 3339 noverit
2246 3268 2710 3340 incursurum.
2743 3267 2856 3340 Ad
2883 3268 3089 3364 hujus
3120 3282 3353 3345 autem

523 3392 628 3465 rei
664 3390 1074 3463 memoriam
1106 3398 1179 3462 et
1212 3389 1531 3462 stabilem
1562 3388 1988 3482 firmitatem,
2018 3412 2307 3487 presens
2342 3390 2671 3487 scriptum
2698 3388 2850 3463 fieri
2877 3402 2948 3463 et
2976 3394 3353 3486 majestatis

526 3525 762 3589 nostre
795 3513 1023 3608 sigillo
1043 3513 1377 3606 jussimus
1404 3513 1842 3586 communiri.

622 3642 879 3715 Datum
922 3636 1114 3734 apud
1156 3636 1892 3734 Aquampendentem‚
1938 3658 2126 3710 anno
2178 3638 2521 3712 dominice
2565 3638 3057 3711 incarnationis
3105 3642 3198 3714 Μ.
3223 3644 3343 3716 CC.

527 3763 932 3854 XXXXIIII,
962 3783 1204 3834 mense
1238 3762 1494 3854 martii,
1527 3761 1833 3834 secunde
1860 3760 2283 3834 indictionis·

627 4281 1054 4367 Fridericus
1069 4344 1094 4391 ‚
1148 4282 1667 4366 Romanorum
1713 4272 2157 4390 imperator,
2217 4275 2855 4360 Wormatiensem
2909 4276 3347 4388 episcopum

524 4425 785 4500 monet
818 4417 1024 4526 quod
1074 4440 1250 4499 cum
1295 4441 1561 4525 pacem
1598 4415 1794 4495 inter
1831 4439 1912 4495 se
1961 4423 2037 4495 et
2070 4409 2489 4494 Ecclesiam
2523 4408 2602 4489 in
2642 4406 2989 4519 proximo
3029 4436 3345 4495 succes-

525 4573 788 4632 suram
843 4559 1130 4658 speret,
1179 4547 1473 4632 curiam
1532 4546 1952 4630 solemnem
1999 4544 2206 4652 apud
2249 4542 2629 4626 Veronam
2673 4542 3004 4626 indicere
3046 4569 3345 4654 propo-

3489 4303 3674 4356 [Martio

3475 4359 3691 4409 ineunte-1
