4364 5738
559 479 763 538 imm.
799 475 890 554 2]
1303 447 1310 455 ’
1461 474 1865 538 msronm
1910 472 2509 536 mrtoua'rch.
3276 476 3392 538 221

561 609 825 683 tionem
863 607 967 707 (a)
1008 629 1220 705 super
1252 608 1352 680 eis
1395 629 1553 680 cum
1588 609 1872 682 domino
1901 631 2082 705 papa
2132 618 2205 681 et
2246 610 2574 681 fratribus
2609 609 2956 699 habitam,
3000 612 3228 683 vocati
3279 634 3403 707 per

560 733 929 827 magistros
957 732 1323 805 Oddonem
1350 733 1801 805 portuensem
1840 742 1912 805 et
1943 733 2223 805 Petrum
2260 732 2732 805 Albanensem
2764 734 3126 828 episcopos
3169 736 3399 808 cardi-

560 859 758 930 nales
777 909 798 947 ,
838 857 930 929 ad
962 855 1225 929 curiam
1271 857 1805 951 processissent,
1845 879 2005 928 cum
2047 867 2208 952 post
2244 856 2559 929 diversos
2593 866 2925 928 tractatus
2954 879 3166 952 super
3197 861 3397 931 resti-

564 980 830 1053 tutione
866 979 1082 1075 partis
1117 990 1299 1051 terre
1335 989 1417 1051 ut
1448 981 1842 1076 predictum
1887 991 1993 1053 est
2037 1002 2198 1053 cum
2244 1002 2575 1077 processu
2624 1002 2802 1076 pape
2836 981 2907 1051 in
2953 982 3399 1077 Campaniam

563 1105 1090 1194 convenissent,
1140 1103 1305 1176 data
1344 1104 1676 1200 predictis
1714 1105 1974 1177 nuntiis
2011 1104 2211 1176 firma
2250 1103 2505 1176 fiducia
2554 1106 2805 1176 summi
2861 1105 3204 1200 pontificis
3239 1130 3399 1179 cum

563 1248 705 1322 quo
741 1228 1132 1301 cardinales
1163 1226 1458 1323 predicti
1495 1228 1585 1301 de
1627 1229 1850 1302 forma
1899 1228 2049 1325 ipsa
2101 1237 2602 1319 tractaverant,
2651 1229 2932 1300 tandem
2978 1252 3229 1325 papam
3270 1253 3397 1303 va-

564 1350 776 1425 riasse
824 1351 1190 1425 consilium
1232 1352 1781 1449 responderunt,
1828 1362 1900 1425 et
1940 1353 2012 1424 in
2047 1353 2490 1448 Campaniam
2524 1353 2753 1447 ipsum
2788 1354 3172 1449 procedere
3210 1354 3397 1427 nolle

565 1476 921 1549 dixerunt.
952 1473 1436 1549 Redeuntibus
1475 1498 1645 1550 vero
1682 1477 2012 1573 predictis
2047 1477 2321 1549 nunciis
2358 1476 2450 1548 ad
2494 1497 2624 1548 nos
2660 1498 2820 1548 cum
2851 1478 3189 1550 varietate
3234 1501 3395 1576 pre-

565 1596 785 1690 dicta,
814 1599 1321 1694 subsequenter
1347 1600 1641 1695 predicti
1661 1600 1936 1673 nobiles
1961 1599 2342 1698 imperator
2369 1610 2439 1672 et
2471 1621 2707 1672 comes
2732 1602 2854 1704 qui
2884 1611 3043 1697 post
3068 1601 3254 1697 ipsos
3286 1626 3396 1676 re-

564 1732 966 1795 manserant
1001 1723 1360 1796 redierunt
1390 1734 1462 1796 et
1496 1746 1539 1796 a
1570 1723 2037 1797 cardinalibus
2077 1725 2496 1820 supradictis
2544 1725 2634 1796 de
2666 1747 2997 1821 expressa
3034 1727 3394 1800 voluntate

565 1847 817 1918 summi
848 1846 1195 1942 pontificis
1236 1847 1543 1920 habuere
1581 1847 1773 1942 quod
1810 1848 1870 1918 si
1904 1859 2140 1920 nostro
2179 1848 2617 1942 beneplacito
2657 1849 3026 1940 resideret,
3071 1849 3393 1922 dominus

563 1992 748 2066 papa
788 1970 1002 2043 Reate
1043 1970 1492 2043 libentissime
1532 1970 1988 2067 procedebat,
2040 1971 2173 2041 sub
2217 1971 2426 2042 modo
2469 1978 2540 2041 et
2583 1971 3092 2043 conditionibus
3139 1974 3394 2067 quibus

562 2115 1015 2190 processurus
1049 2094 1121 2165 in
1162 2093 1607 2189 Campaniam
1653 2092 2043 2188 petebatur.
2091 2092 2295 2177 Quod
2340 2092 2567 2186 ipsum
2616 2092 2821 2163 etiam
2871 2096 3393 2189 acceptantibus

563 2217 791 2310 nobi3‚
827 2216 1106 2289 tandem
1139 2217 1308 2289 dum
1338 2217 1431 2290 ad
1467 2218 2053 2312 complementum
2090 2213 2557 2286 indubitatum
2590 2215 2940 2310 predictos
2970 2215 3157 2287 viros
3190 2239 3390 2311 egre·

561 2342 714 2436 gios
742 2341 1236 2437 imperatorem
1268 2327 1339 2412 e't
1374 2339 1698 2412 comitem
1728 2361 1811 2410 ac
1842 2338 2363 2435 prenominatos
2393 2336 2668 2431 judices
2705 2347 2979 2410 nostros
3010 2341 3392 2413 remittere-

563 2488 719 2537 mus
765 2463 858 2538 ad
898 2485 1151 2560 papam
1207 2475 1278 2536 et
1324 2461 1598 2555 fratres,
1645 2463 1874 2535 XXIX
1911 2462 2090 2555 junii
2138 2462 2442 2534 secunde
2492 2461 2888 2534 indictionis
2936 2463 3237 2536 occurrit
3291 2466 3391 2538 eis

564 2588 1101 2685 procedentibus
1132 2608 1372 2660 rumor
1404 2587 1497 2660 ob
1526 2586 1686 2680 iter,
1719 2589 1901 2658 ultra
1930 2607 2138 2680 quam
2171 2584 2307 2656 dici
2333 2585 2566 2658 valeat
2592 2585 3030 2680 insperatus:
3064 2587 3391 2661 videlicet

563 2713 754 2805 quod
794 2713 1099 2807 prefatus
1135 2732 1316 2808 papa
1351 2720 1426 2784 et
1463 2720 1663 2806 pater
1705 2720 1945 2783 noster
1974 2709 2377 2806 precedenti
2415 2718 2622 2781 nocte
2657 2709 3007 2781 accinctus
3045 2712 3280 2803 gladio
3318 2713 3386 2784 in

564 2836 807 2914 habitu
843 2835 1124 2909 militari
1162 2835 1470 2909 Sutrium
1509 2835 1862 2925 exiverat,
1909 2832 2168 2906 relictis
2220 2841 2290 2905 et
2330 2832 2614 2905 omnino
2650 2831 2888 2904 celatis
2923 2834 3389 2908 cardinalibus

564 2961 755 3053 aliis,
797 2970 1051 3056 nepote
1087 2981 1217 3033 suo
1256 2960 1591 3033 cardinali
1624 2969 1895 3032 tantum
1931 2958 2336 3050 comitatus,
2374 2967 2446 3031 et
2479 2980 2554 3030 se
2594 2958 2983 3031 contulerat
3025 2958 3118 3031 ad
3155 2961 3391 3050 galeas

565 3105 741 3180 quas
780 3083 1049 3155 occulte
1082 3085 1301 3155 Ianne
1335 3084 1594 3155 fecerat
1623 3084 1979 3179 preparari
2015 3094 2086 3156 et
2125 3084 2397 3155 occulte
2426 3083 2749 3154 simulata
2782 3104 3065 3177 prorsus
3092 3083 3231 3154 alia
3270 3106 3388 3156 oc-

567 3206 846 3280 casione
878 3206 1152 3299 venire;
1193 3203 1438 3304 [unde]
1481 3228 1641 3278 cum
1686 3207 2146 3279 Ianuensibus
2185 3206 2388 3279 nobis
2437 3215 2508 3277 et
2546 3206 2836 3300 imperio
2876 3217 3117 3278 nostro
3167 3207 3393 3279 rebel-

565 3328 751 3402 libus
782 3308 1012 3402 subito
1050 3327 1456 3421 navigavit,
1487 3327 1579 3400 ad
1621 3328 1905 3421 Ligures
1935 3330 2054 3401 vel
2086 3329 2178 3436 ad
2210 3328 2672 3425 transalpinas
2702 3339 2935 3425 partes
2964 3340 3045 3401 ut
3089 3331 3395 3404 creditur

563 3472 1052 3549 processurus,
1095 3452 1174 3524 in
1211 3460 1533 3525 nostrum
1569 3459 1643 3523 et
1681 3450 1989 3548 imperii,
2037 3452 2096 3524 si
2130 3474 2337 3549 posse
2378 3451 2568 3547 qnod
2609 3452 2792 3523 absit
2829 3453 3171 3525 voluntati
3222 3476 3393 3527 con·

568 3575 894 3668 senserit,
930 3583 1466 3650 nocumentum.
1500 3573 2030 3648 Animadvertat
2067 3575 2281 3669 igitur
2312 3575 2658 3648 industria
2692 3584 2924 3648 vestra
2966 3586 3202 3646 utrum
3250 3599 3397 3673 pax

560 3699 638 3772 in
675 3700 977 3797 puritate
1007 3699 1372 3774 nobiscum
1389 3698 1509 3772 vel
1535 3697 1739 3771 aliter
1761 3697 2216 3788 tractabatur,
2254 3701 2455 3792 cujus
2482 3707 2777 3771 tractatu
2807 3697 3182 3794 pendente,
3213 3695 3394 3800 [per]

567 3823 923 3916 galearum
953 3823 1395 3898 vocationem
1411 3875 1430 3912 ,
1473 3821 1681 3895 nobis
1721 3832 1792 3894 et
1828 3821 2299 3895 cardinalibus
2339 3822 2549 3895 etiam
2587 3820 2765 3894 sicut
2806 3819 3152 3892 credimus
3192 3843 3395 3916 pror-

566 3966 687 4019 sus
720 3946 1018 4043 ignaris,
1055 3947 1146 4021 de
1181 3955 1480 4043 ruptura
1507 3944 1773 4040 negotii
1803 3943 2143 4039 agebatur
2176 3946 2488 4037 occulte3
2532 3944 3046 4017 animadvertat
3084 3942 3147 4014 si
3192 3943 3395 4017 nobis

565 4080 752 4145 esset
798 4069 1183 4168 expediens
1231 4089 1317 4144 ac
1361 4090 1688 4143 securum
1729 4088 2015 4143 causam
2058 4080 2372 4144 nostram
2420 4067 2635 4140 talem
2684 4077 2756 4139 et
2796 4076 3064 4138 tantam
3108 4066 3394 4140 arbitrio

563 4192 725 4267 talis
745 4193 1003 4289 judicis
1032 4194 1468 4268 committere
1501 4174 2034 4267 terminandam.

652 4421 736 4503 (a)
777 4422 897 4496 Sic,
926 4423 1323 4484 verisimiliter
1346 4429 1549 4484 tamen
1574 4418 2026 4484 collocutionum.
