4364 5738
998 545 1120 607 510
1993 544 2418 606 FRIDERICI
2468 543 2809 605 summm
3432 543 3596 627 [Arm.
3633 544 3811 607 1247.

998 702 1129 760 eos
1164 675 1566 759 consolans
1601 676 1698 758 de
1733 686 1976 758 morte
2017 676 2317 758 Henrici
2361 674 2770 784 Rasponis,
2812 676 2892 755 in
2929 700 3186 785 regem
3231 674 3475 782 electi,
3517 677 3818 758 nuntiat

999 836 1151 920 que
1198 835 1278 891 se
1322 811 1401 890 in
1449 808 1921 891 Alemaniam
1980 809 2288 891 Petrum
2340 808 2593 890 Sancti
2645 807 2948 916 Georgii
3003 808 3101 888 ad
3149 807 3420 889 Velum
3476 808 3814 890 Aureum

999 942 1410 1025 diaconum
1464 941 1928 1023 cardinalem
1984 942 2364 1023 destinare
2412 966 2589 1022 cum
2639 941 2906 1049 plenae
2954 940 3351 1049 legationis
3397 940 3682 1046 officio,
3733 953 3817 1024 ut

1001 1075 1304 1185 negotio
1342 1074 1714 1157 Ecclesiae
1768 1074 1864 1155 de
1897 1099 2222 1181 persona
2271 1073 2342 1154 id
2351 1099 2543 1155 onea
2591 1073 2926 1156 celeriter
2962 1073 3386 1181 provideat3
3436 1074 3815 1183 simulque

1001 1232 1133 1290 eos
1168 1207 1612 1289 exhortatur
1648 1206 1745 1286 ad
1781 1205 2328 1288 constanciam.

1164 1393 1387 1472 (Edidit
1407 1394 1596 1453 Fun.
1615 1392 1854 1471 Halm„
1876 1389 2023 1453 cole.
2046 1393 2308 1453 Momm.
2328 1397 2443 1453 vet.
2463 1399 2779 1464 etv-ecem„
2799 1400 2848 1454 t.
2869 1395 2930 1472 1,
2945 1393 3095 1456 buli.
3116 1393 3357 1471 pontit„
3390 1402 3460 1453 n⁰
3472 1393 3807 1465 XXXVIII,

1239 1516 1300 1575 p.
1341 1497 1657 1575 172·175.)

1103 1646 1545 1719 Innocentius
1595 1646 1995 1740 episcopuS,
2037 1667 2281 1718 servus
2329 1668 2688 1719 servorum
2731 1647 2895 1738 Dei,
2937 1646 3206 1718 dilectis
3249 1644 3408 1717 filiis
3453 1646 3811 1741 potestati,

1002 1771 1291 1845 consilio
1338 1780 1406 1841 et
1459 1771 1715 1865 populo
1766 1769 2268 1841 Mediolanensi
2309 1770 2602 1841 salutem
2636 1780 2707 1841 et
2740 1769 3188 1865 apostolicam
3229 1768 3808 1842 benedictionem.

1002 1893 1227 1988 Super
1263 1905 1532 1987 petram
1574 1891 1735 1963 fidei
1769 1892 2068 1964 stabilita
2108 1902 2333 1963 mater
2366 1892 2673 1964 Ecclesia
2704 1892 2802 1964 sic
2832 1914 3077 1964 secura
3108 1914 3268 1963 cum
3305 1890 3630 1964 firmitate
3660 1894 3815 1965 fun·

1004 2016 1355 2104 damenti,
1420 2029 1565 2087 tum
1603 2013 1855 2086 edificii
1885 2015 2234 2086 soliditate
2268 2015 2616 2106 consistit,
2668 2026 2747 2086 ut
2775 2037 2906 2087 nec
2953 2015 3271 2087 flectatur
3300 2014 3818 2088 tribulationum

1003 2140 1208 2211 minis
1244 2162 1375 2211 nec
1406 2149 2045 2231 quantumcumque
2093 2138 2412 2231 gravium
2452 2138 2952 2211 adversitatum
2988 2139 3432 2233 percussione
3462 2140 3810 2232 fatigetur.

1005 2265 1117 2336 Sic
1160 2266 1230 2335 in
1271 2264 1540 2336 Christo
1574 2266 1734 2335 Iesu
1785 2264 1856 2333 in
1898 2284 2039 2355 quo
2080 2285 2277 2357 spem
2318 2284 2593 2335 omnem
2644 2263 2841 2357 ponit
2879 2264 3216 2355 cujusque
3261 2265 3525 2356 regitur
3562 2266 3815 2337 virtute

1004 2386 1401 2478 confidenS,
1438 2408 1570 2457 nec
1613 2386 1682 2456 in
1714 2385 2060 2480 prosperis
2095 2387 2349 2457 mentis
2380 2386 2767 2458 elevatione
2794 2386 3215 2477 subtollitur,
3253 2387 3563 2478 quinimo
3590 2388 3816 2482 potius

1003 2511 1465 2582 substernitur
1504 2509 1892 2578 humilitate
1932 2508 2214 2602 spiritus
2261 2510 2640 2600 gratiarum
2686 2508 2748 2580 ei
2791 2509 3133 2581 exhibens
3175 2509 3519 2601 actioneS,
3570 2534 3699 2582 nec
3743 2512 3812 2584 in

1003 2634 1315 2706 adversis
1364 2634 1591 2705 cordis
1645 2632 2202 2704 consternatione
2253 2632 2689 2726 deprimitur,
2740 2633 2867 2704 sed
2909 2633 3128 2726 magis
3171 2633 3260 2705 de
3304 2634 3490 2705 illius
3535 2658 3815 2730 sperans
3898 2723 3907 2736 .

1004 2759 1307 2853 presidio
1349 2757 1587 2848 vigore
1635 2755 1846 2827 animi
1892 2756 2340 2827 convalescit.
2380 2757 2517 2827 Sed
2571 2778 2756 2827 nunc
2800 2757 3266 2848 frequentium
3316 2758 3626 2831 Ecclesia
3670 2761 3815 2855 ipsa

1005 2882 1270 2952 malleis
1305 2880 1862 2974 persecutionum
1895 2880 2158 2968 attrita,
2186 2879 2374 2950 illam
2408 2879 2587 2951 inter
2616 2890 2882 2952 ceteras
2926 2880 3139 2952 sensit
3170 2881 3520 2954 modernis
3556 2894 3815 2980 tempo·

1005 3005 1197 3075 ribus
1240 3003 1629 3095 graviorem
1660 3023 1871 3095 quam
1906 3002 2311 3073 Fredericus
2352 3004 2705 3094 quondam
2752 3006 3216 3076 Romanorum
3258 3007 3656 3101 imperator,
3694 3031 3815 3080 ne·

1007 3126 1224 3220 quitie
1268 3124 1484 3211 filius,
1521 3125 1732 3195 immo
1780 3136 1999 3218 pater,
2050 3124 2282 3195 intulit
2330 3135 2400 3196 et
2441 3126 2508 3195 in
2565 3127 2784 3221 ipsam
2832 3129 3026 3200 ferali
3073 3130 3305 3200 furore
3351 3130 3816 3203 indesinenter

1008 3258 1313 3321 exercet.
1359 3248 1534 3317 Nam
1565 3268 1708 3317 non
1745 3249 1969 3318 solum
1996 3258 2239 3320 contra
2266 3249 2645 3320 Romanam
2670 3249 3047 3322 insurrexit
3077 3252 3456 3324 Ecclesiam
3484 3254 3576 3325 ad
3602 3255 3819 3327 elisio-

1007 3394 1171 3444 nem
1217 3371 1590 3466 apostolice
1644 3371 2072 3442 auctoritatis
2115 3371 2487 3462 anhelanS,
2529 3374 2654 3443 sed
2697 3382 2937 3445 contra
2986 3377 3381 3467 generalem
3431 3376 3503 3447 in
3557 3400 3698 3471 quo
3742 3399 3814 3451 se

993 3496 1311 3569 accinxit
1358 3494 1710 3589 proposito
1754 3505 1823 3564 et
1866 3495 2179 3589 pluribus
2209 3493 2297 3591 (?)
2331 3497 2566 3567 favore
2598 3496 2997 3589 sequacium
3032 3520 3208 3592 quos
3246 3499 3495 3571 astutia
3534 3523 3815 3596 serpen·

1019 3623 1160 3693 tina
1196 3619 1506 3708 seduxit,
1543 3617 1862 3707 armavit,
1896 3619 2176 3690 molitus
2208 3641 2332 3689 sue
2367 3619 2938 3713 preeminentiam
2975 3620 3309 3693 libertatis
3343 3624 3615 3716 penitus
3648 3646 3813 3696 con-

1009 3747 1307 3817 culcare.
1329 3741 1627 3814 Grandia
1655 3741 1940 3835 insuper
1966 3751 2036 3812 et
2064 3741 2426 3813 innumera
2456 3741 2791 3813 beneficia
2820 3743 3153 3838 exipsius
3178 3745 3479 3816 Ecclesie
3510 3746 3818 3839 benigni-

1013 3879 1150 3940 tate
1195 3868 1446 3939 collata
1491 3887 1620 3960 pro
1661 3865 1914 3957 quibus
1959 3865 2022 3935 ei
2070 3865 2160 3936 ad
2196 3866 2592 3939 omnimode
2622 3866 3008 3939 devotionis
3042 3869 3376 3962 obsequia
3412 3871 3809 3960 tenebatur,

1008 3992 1309 4064 acriores
1354 3989 1660 4061 reddunt
1714 3989 2000 4080 injurias
2057 4011 2233 4082 quas
2282 3989 2413 4085 ipsi
2457 3990 2719 4062 nefaria
2770 3990 3263 4084 ingratitudine
3308 4003 3808 4087 recompensat.

1009 4116 1344 4187 Acerbius
1372 4114 1556 4186 enim
1584 4113 1766 4184 illius
1793 4112 2171 4184 offensione
2205 4114 2360 4205 quis
2394 4115 2721 4209 pungitur
2754 4116 2867 4186 cui
2898 4137 2973 4186 se
3008 4116 3432 4187 benefecisse
3473 4116 3713 4188 recolit
3749 4126 3817 4188 et

1010 4241 1080 4311 in
1128 4237 1553 4309 necessitatis
1592 4237 1882 4309 articulo
1921 4236 2228 4309 noscitur
2261 4237 2728 4309 favorabiliter
2765 4238 3067 4311 affuisse.
3103 4240 3358 4311 Verum
3390 4262 3515 4312 sue
3560 4239 3818 4311 fraudis

1009 4371 1400 4437 commenta
1431 4361 1753 4451 cognovit
1783 4360 2085 4433 Ecclesia
2115 4370 2186 4431 et
2218 4362 2659 4454 malignitatis
2690 4362 2903 4457 ipsius
2934 4364 3196 4436 obstitit
3223 4364 3503 4452 studiis,
3534 4373 3819 4436 conatus

1010 4510 1149 4580 que
1177 4483 1527 4580 repressit,
1557 4505 1835 4556 causam
1863 4484 2060 4578 quasi
2091 4485 2439 4580 propriam
2459 4485 2548 4556 de
2574 4486 2837 4556 auxilio
2865 4486 3100 4557 divino
3122 4485 3380 4559 confisa
3407 4487 3810 4588 defendens).

1008 4611 1208 4684 Unde
1241 4630 1382 4681 non
1413 4607 1487 4678 in
1514 4607 1793 4680 homine
1825 4608 2152 4680 fiduciam
2186 4610 2415 4705 posuit
2442 4632 2572 4681 nec
2604 4609 2677 4680 in
2714 4619 2987 4681 terrena
3019 4609 3324 4704 potentia
3361 4632 3556 4706 spem
3586 4609 3815 4682 firma·
