4364 5738
950 597 1076 659 228
1479 669 1484 678 ,
1957 594 2389 657 rmnsmm
2429 594 2777 658 sscuum
2912 593 2917 598 ·
3398 596 3564 675 [Am.
3602 596 3779 658 1244.

1051 732 1128 802 In
1173 732 1455 803 nomine
1501 742 1738 803 sancte
1780 741 1852 802 et
1891 730 2253 803 individue
2295 731 2679 822 TrinitatiS,
2714 728 3120 802 Fredericus
3161 729 3510 802 secundus
3548 731 3786 803 divina

955 857 1233 928 favente
1267 856 1634 927 clementia
1678 855 2148 927 Romanorum
2194 855 2572 950 imperator
2611 875 2886 948 semper
2916 863 3279 946 augustus,
3311 853 3686 925 Ierusalem
3718 865 3791 926 et

959 979 1186 1052 Sicilie
1220 1000 1374 1050 rex.
1413 979 1755 1073 Imperiali
1798 977 2192 1049 celsitudini
2238 977 2422 1049 cedit
2462 977 2555 1049 ad
2596 977 2889 1070 gloriam
2935 998 3221 1049 suorum
3264 986 3430 1048 vota
3476 975 3811 1050 fidelium'

952 1111 1297 1197 ‘perpetuo
1331 1102 1567 1174 favore
1596 1101 1943 1196 respicere
1979 1110 2051 1172 et
2080 1101 2383 1171 humiles
2415 1100 2956 1195 supplicationes
2983 1101 3289 1193 ipsorum
3319 1099 3791 1172 favorabiliter

961 1225 1320 1297 exaudire.
1359 1226 1490 1297 Per
1526 1246 1814 1320 presens
1846 1225 2060 1317 igitur
2090 1224 2530 1319 privilegium
2562 1225 2838 1296 noverit
2880 1232 3020 1295 tam
3061 1244 3350 1318 presens
3395 1231 3543 1295 etas
3578 1246 3789 1318 quam

962 1370 1364 1420 successura
1397 1349 1763 1442 posteritas
1796 1348 1986 1440 quod
2018 1349 2291 1420 Marcus
2321 1348 2726 1439 Roncionis‚
2762 1347 3110 1420 Gerardus
3144 1347 3462 1438 Ceconie,
3497 1348 3791 1420 lacobus

961 1472 1357 1560 Roncionis‚
1392 1472 1579 1541 cives
1605 1472 1831 1544 Pisani
1860 1470 2101 1543 fideles
2131 1472 2376 1560 nostri,
2408 1481 2549 1543 tam
2581 1494 2709 1567 pro
2735 1493 2810 1543 se
2835 1493 3047 1566 quam
3080 1493 3209 1566 pro
3242 1493 3484 1544 eorum
3508 1493 3791 1544 consor-

968 1597 1151 1666 tibus
1172 1593 1494 1667 fidelibus
1524 1595 1777 1665 nostris
1805 1595 2158 1687 quoddam
2192 1595 2630 1689 privilegium
2667 1596 2812 1668 divi
2851 1596 3125 1687 augusti
3172 1596 3602 1690 imperatoris
3641 1596 3788 1667 Fri-

969 1719 1181 1791 derici
1249 1719 1361 1790 avi
1420 1719 1636 1790 nostri
1680 1719 2012 1790 memorie
2063 1719 2434 1791 recolende
2484 1719 2861 1791 liberaliter
2915 1718 3181 1791 dudum
3241 1719 3790 1790 antecessoribus

970 1865 1211 1916 eorum
1238 1841 1586 1914 indultum
1620 1851 1858 1914 nostro
1882 1843 2167 1914 culmini
2197 1853 2714 1937 presentarunt,
2747 1843 2817 1914 in
2843 1864 2984 1937 quo
3017 1842 3198 1913 inter
3221 1854 3455 1914 cetera
3479 1842 3795 1915 contine-

968 1967 1177 2038 batur
1215 1966 1512 2059 qualiter
1556 1966 1744 2038 idem
1785 1967 1989 2039 divus
2031 1978 2367 2059 augustus
2406 1990 2580 2039 avus
2624 1977 2864 2039 noster
2904 1969 3376 2038 Bonacursum
3424 1976 3496 2038 et
3547 1968 3795 2039 fratres

969 2113 1161 2181 suoS,
1187 2090 1512 2162 videlicet
1532 2091 1891 2162 Ceconiam
1922 2100 1991 2161 et
2018 2090 2414 2183 Girardum,
2450 2101 2521 2162 et
2542 2091 2773 2162 omnia
2800 2091 2985 2162 bona
3009 2112 3250 2162 eorum
3284 2112 3421 2182 que
3442 2087 3795 2161 habebant

967 2218 1040 2288 in
1069 2216 1347 2288 civitate
1375 2215 1620 2287 Pisana
1640 2225 1708 2286 et
1732 2215 1881 2306 ejus
1909 2215 2223 2287 districtu
2248 2217 2380 2287 sub
2403 2237 2528 2288 sua
2554 2226 2625 2287 et
2651 2216 2922 2311 imperii
2951 2215 3376 2310 protectione
3406 2215 3693 2308 recepit,
3727 2223 3797 2285 et

971 2340 1255 2413 indulsit
1293 2348 1365 2409 et
1399 2339 1741 2411 concessit
1781 2339 2045 2412 eisdem
2086 2350 2166 2410 ut
2211 2339 2312 2411 eis
2353 2350 2422 2412 et
2468 2361 2709 2412 eorum
2756 2339 3134 2411 heredibus
3180 2349 3252 2409 et
3294 2337 3797 2432 proheredibus

972 2464 1213 2535 liceret
1243 2472 1670 2551 construere,
1705 2462 1992 2551 habere,
2029 2473 2264 2533 tenere
2295 2472 2367 2534 et
2393 2463 2748 2557 possidere
2781 2463 2964 2535 circa
2996 2464 3242 2535 domos
3274 2483 3435 2534 suas
3459 2463 3796 2534 balatoria

975 2595 1047 2657 et
1077 2586 1299 2657 scalas
1339 2585 1594 2656 deforis
1634 2605 1967 2656 ascensus
1998 2594 2069 2656 et
2103 2584 2482 2658 descensus
2517 2587 2608 2658 ab
2647 2588 2838 2659 omni
2874 2597 3071 2683 parte
3106 2588 3297 2658 unde
3329 2587 3442 2657 via
3483 2587 3798 2658 comunis

976 2719 1107 2800 est,
1141 2710 1290 2780 sine
1316 2709 1610 2801 alicujus
1625 2710 2194 2783 contradictione.
2215 2712 2351 2784 Eos
2379 2712 2588 2783 etiam
2606 2713 2734 2784 sibi
2760 2721 2831 2784 et
2849 2713 3142 2807 imperio
3171 2713 3561 2807 specialiter
3583 2732 3799 2783 reser-

975 2833 1209 2907 vando
1241 2834 1527 2907 donavit
1560 2843 1630 2905 et
1662 2835 2001 2907 concessit
2043 2835 2210 2931 ipsis
2251 2845 2323 2908 et
2362 2859 2605 2909 eorum
2646 2835 3023 2910 heredibus
3068 2846 3139 2908 et
3177 2835 3676 2931 proheredibus
3720 2845 3798 2907 ut

977 2959 1315 3054 imperiali
1348 2957 1819 3030 munificentia
1847 2960 2048 3030 liberi
2077 2971 2308 3031 essent
2335 2962 2426 3032 ab
2454 2962 2644 3033 omni
2672 2961 2862 3052 data,
2893 2961 3216 3056 pedagio,
3244 2962 3422 3055 ripa,
3450 2961 3701 3052 legatia
3730 2970 3798 3031 et

977 3085 1160 3155 colta
1182 3083 1253 3152 in
1282 3092 1697 3176 perpetuum
1726 3092 1798 3153 et
1823 3083 2123 3155 absolvit
2153 3105 2275 3156 eos
2302 3094 2444 3155 tam
2467 3085 2538 3155 in
2566 3084 2845 3156 civitate
2866 3084 3112 3156 Pisana
3135 3105 3345 3176 quam
3371 3084 3441 3155 in
3469 3084 3798 3155 comitatu

979 3220 1051 3278 et
1073 3206 1386 3277 districtu
1411 3208 1588 3298 ejuS,
1619 3228 1709 3278 ne
1736 3206 1988 3299 aliquis
2014 3230 2256 3279 eorum
2284 3208 2539 3281 abinde
2569 3209 2640 3279 in
2672 3219 2879 3280 antea
2907 3208 3265 3304 quippiam
3289 3208 3377 3280 de
3406 3207 3798 3301 hujusmodi

980 3338 1371 3422 cogeretur.
1408 3330 1991 3402 Presentaverunt
2034 3333 2244 3403 etiam
2285 3333 2486 3405 nobis
2527 3332 2880 3425 quoddam
2921 3331 3112 3403 aliud
3157 3331 3595 3427 privilegium
3635 3352 3798 3404 nos·

983 3464 1164 3526 trum
1197 3453 1560 3526 continens
1587 3454 1884 3547 qualiter
1919 3477 2049 3526 nos
2080 3456 2304 3549 primo
2336 3477 2523 3528 anno
2560 3456 2826 3551 imperii
2857 3456 3075 3528 nostri
3104 3454 3423 3543 Ceconie,
3459 3453 3807 3543 Gerardo,

982 3577 1390 3665 Gottil'redo‚
1419 3578 1679 3649 Pisanis
1695 3578 1989 3669 civibus,
2007 3580 2100 3650 ob
2119 3577 2329 3651 fidem
2354 3590 2425 3652 et
2447 3582 2725 3652 servitia
2744 3600 2985 3652 eorum
3005 3579 3326 3651 dedimus
3344 3586 3414 3649 et
3431 3575 3797 3650 confirma-

981 3702 1209 3774 vimus
1240 3701 1341 3772 eis
1374 3720 1754 3793 eorumque
1787 3700 2159 3774 heredibus
2191 3714 2262 3774 et
2292 3703 2796 3798 proheredibus
2828 3713 2902 3775 et
2931 3702 3396 3776 concessimus
3424 3701 3496 3771 in
3533 3711 3802 3773 rectum

982 3824 1269 3897 feudum
1300 3824 1780 3897 Martinianam
1821 3824 2061 3895 Litiam
2096 3847 2256 3897 cum
2293 3829 2547 3899 Sancto
2583 3828 2904 3900 Fridiano
2945 3834 3019 3900 et
3047 3826 3372 3898 omnibus
3408 3824 3550 3896 suis
3585 3826 3801 3920 perti-

982 3949 1235 4022 nentiis
1272 3970 1432 4021 cum
1469 3948 1706 4038 fodro,
1748 3948 2228 4040 jurisdictione
2260 3961 2332 4022 et
2360 3953 2551 4024 omni
2584 3953 2744 4044 jure
2779 3952 2871 4024 ad
2908 3952 3338 4046 imperialem
3370 3952 3804 4044 majestatem

983 4074 1399 4169 pertinente.
1438 4066 2008 4145 Confirma'vimus
2040 4074 2249 4145 etiam
2291 4075 2392 4146 eis
2432 4097 2560 4170 per
2599 4076 2988 4171 predictum
3020 4075 3455 4171 privilegium
3490 4086 3806 4147 nostrum

985 4196 1218 4268 omnia
1244 4196 1602 4290 privilegia
1635 4206 1707 4268 et
1739 4194 2076 4269 beneficia
2108 4219 2245 4291 que
2283 4199 2760 4293 progenitores
2791 4199 3009 4271 nostri
3037 4198 3425 4271 Fridericus
3457 4208 3529 4270 et
3555 4199 3803 4270 Henri·

987 4339 1111 4390 cus
1144 4318 1289 4391 divi
1328 4319 1780 4414 imperatores
1821 4321 1954 4393 illis
2000 4322 2338 4394 fecerunt.
2374 4318 2936 4416 Predicti'itaque
2966 4322 3208 4395 fideles
3247 4323 3465 4394 nostri
3490 4323 3798 4415 Mamas,

988 4440 1317 4514 Girardus
1349 4453 1421 4513 et
1447 4444 1742 4517 Iacobus
1783 4468 1908 4539 pro
1954 4468 2029 4517 se
2070 4456 2140 4518 et
2181 4446 2324 4518 suis
2368 4447 2804 4520 consortibus
2843 4456 2915 4520 et
2953 4446 3411 4519 coheredibus
3460 4445 3803 4537 majestati

985 4575 1222 4638 nostre
1253 4550 1584 4639 attentius
1614 4568 2091 4664 supplicarunt
2119 4579 2200 4641 ut
2228 4570 2416 4665 ipsos
2446 4580 2785 4645 eteorum
2818 4572 3003 4645 bona
3041 4572 3174 4643 sub
3206 4580 3443 4642 nostra
3474 4579 3548 4642 et
3576 4570 3800 4665 impe-

988 4689 1074 4761 rii
1113 4688 1539 4785 protectione
1580 4692 1889 4786 recipere
1933 4703 2006 4765 et
2042 4695 2275 4766 omnia
2312 4716 2452 4789 que
2484 4694 2558 4767 in
2588 4695 2916 4791 poedictis
2955 4694 3331 4790 privilegiis
3370 4694 3804 4789 imperatoris
