4364 5738
607 463 808 524 lumer.
841 459 933 538 2.]
1497 459 1891 521 HISTORIA
1941 461 2532 524 DIPLOMATICA.
3317 459 3429 519 145

609 596 768 668 liter
813 605 884 667 et
937 593 1339 689 suppliciter
1383 592 1887 684 denotandam3
1945 595 2395 688 probabiliter
2445 603 2895 689 expectantes
2943 593 3132 686 quod
3184 593 3239 664 si
3300 593 3429 664 sibi

611 720 976 791 commissa
1007 739 1134 813 per
1165 738 1327 788 suos
1366 714 1626 788 offensa
1658 715 2055 812 displiceat,
2098 717 2473 790 offensores
2505 717 2948 790 correctionis
2977 717 3212 788 debite
3239 716 3429 807 judi-

612 842 721 915 cio
776 843 1051 938 puniat,
1111 849 1183 912 et
1228 861 1358 912 nos
1409 841 1826 935 repromisso
1882 863 2006 936 per
2051 862 2213 912 eum
2273 840 2615 913 beneficio
2674 839 2895 933 gratie
2962 838 3265 934 placabit
3322 839 3426 910 of-

614 968 867 1039 fensos‚

633 1511 634 1514 v
703 1438 1148 1556 'Fridericus
1166 1498 1191 1544 ,
1293 1438 1814 1522 Romanorum
1907 1438 2356 1546 imperator,
2444 1438 2918 1520 senatoribus
2988 1450 3062 1521 et
3150 1440 3434 1548 populo

619 1572 963 1655 Romano
984 1634 1008 1679 ,
1084 1570 1589 1680 improvidam
1648 1597 1914 1653 eorum
1973 1570 2466 1652 rebellionem
2519 1569 2974 1677 exprobrat,
3042 1570 3436 1654 inferendo

621 1697 729 1785 eis
786 1730 1054 1814 graves
1115 1703 1366 1786 minas
1417 1705 1608 1787 dum
1671 1703 1992 1786 Romam
2052 1703 2399 1786 Romano
2458 1702 2776 1811 imperio
2840 1701 3209 1812 subjicere
3261 1713 3436 1798 sta-¹

623 1837 873 1919 tuerit.

783 2049 982 2129 (Edit.
1017 2053 1081 2110 ln
1105 2049 1278 2111 Petri
1306 2047 1375 2109 de
1420 2049 1549 2110 Vin.
1590 2048 1786 2127 epist„
1819 2048 1924 2109 lib.
1955 2049 2044 2123 ΙΙ,
2091 2065 2221 2125 cap.
2267 2050 2443 2127 vm3
2486 2065 2648 2109 nunc
2689 2049 2826 2109 coll.
2880 2066 3017 2109 cum
3062 2050 3250 2111 codic.
3297 2049 3439 2111 bibl.

865 2157 1060 2217 Cesar.
1103 2156 1319 2232 Paris.‚
1340 2153 1525 2235 fonds
1562 2152 2372 2233 Saint-Germain-Harlay,
2412 2162 2478 2215 n⁰
2517 2164 2667 2233 455,
2702 2162 2762 2216 ct
2782 2153 2968 2234 fonds
3001 2156 3439 2231 Nota-Dama,

864 2273 931 2324 η’
963 2261 1127 2342 202.)

722 2449 1054 2523 Preterite
1095 2449 1300 2543 culpe
1343 2457 1577 2522 vestre
1617 2448 2033 2537 convitium,
2081 2449 2275 2542 quod
2310 2449 2442 2520 sub
2483 2447 2813 2542 patientie
2858 2447 3194 2519 hactenus
3237 2469 3444 2539 regu-

629 2574 899 2646 laritate
926 2573 1385 2664 deduximus,
1422 2572 1799 2644 factionum
1842 2582 2234 2645 vestrarum
2284 2572 2578 2643 faciente
2628 2571 3012 2666 protervia,
3064 2592 3224 2642 cum
3272 2573 3446 2642 tole-

631 2698 854 2769 rantia
892 2697 1038 2792 pati
1064 2697 1356 2769 ulterius
1396 2718 1539 2769 non
1576 2697 1925 2786 valemus3
1974 2695 2099 2768 sed
2135 2696 2207 2766 in
2238 2694 2375 2768 hoc
2405 2705 2636 2767 motus
2666 2704 2939 2767 nostros
2973 2695 3451 2788 restringimus

633 2830 703 2893 et
743 2820 1033 2894 audacie
1077 2822 1508 2893 refrenamus
1544 2820 1944 2893 instinctum
1963 2874 1983 2911 ,
2026 2841 2115 2891 ne
2161 2829 2396 2916 posset
2436 2819 2607 2891 ultio
2643 2820 2919 2914 culpam
2961 2817 3304 2891 excedere
3326 2872 3346 2906 ,
3383 2829 3454 2892 et

633 2965 675 3015 a
713 2965 854 3037 quo
894 2954 1149 3016 trames
1186 2946 1363 3037 juris
1409 2945 1651 3034 oritur,
1691 2944 1762 3016 in
1800 2944 2144 3037 injusticia
2186 2945 2417 3015 forsan
2460 2943 2712 3015 limites
2757 2943 3141 3014 deviarent.
3193 2941 3452 3028 Quam-

636 3087 846 3159 quam
880 3067 1066 3138 enim
1107 3067 1461 3138 serenitati
1493 3078 1764 3157 nostre,
1798 3087 2009 3160 quam
2048 3066 2285 3138 divina
2326 3067 2637 3161 potentia
2682 3087 2961 3138 servare
3007 3087 3148 3138 non
3191 3076 3450 3155 cessat,

637 3191 994 3281 subjaceat
1052 3210 1257 3261 omne
1309 3190 1501 3282 quod
1544 3192 1906 3278 volumuS,
1958 3200 2196 3263 nostre
2251 3200 2487 3261 tamen
2542 3190 2921 3263 voluntatis
2972 3190 3310 3285 impetum
3367 3192 3455 3263 de

636 3313 923 3386 rationis
979 3315 1170 3386 fonte
1216 3314 1600 3406 colligimus
1621 3366 1643 3405 ,
1704 3324 1775 3385 et
1828 3315 1917 3386 de
1967 3315 2303 3386 virtutum
2359 3323 2571 3409 puteo
2621 3325 3114 3409 temperamus.
3176 3315 3457 3387 Dudum
3573 3294 3578 3299 ⁵

641 3437 897 3511 etenim
926 3437 1058 3508 sub
1092 3446 1267 3507 testa
1298 3437 1589 3508 nucleus
1621 3458 1765 3510 non
1793 3437 2081 3528 celatur,
2115 3437 2284 3510 dum
2313 3438 2568 3509 victrix
2591 3438 2822 3531 aquila
2850 3439 3066 3510 nostri
3095 3460 3458 3534 processus

640 3561 879 3657 previa
943 3560 1012 3631 in
1067 3560 1394 3632 Romanis
1451 3561 1711 3655 prediis
1765 3562 2074 3633 victricia
2137 3562 2335 3655 signa
2398 3561 2786 3658 pandebat3
2849 3561 3020 3632 dum
3073 3571 3458 3634 castrorum

640 3685 1011 3757 stabilitate
1071 3683 1473 3755 micantium
1529 3686 1821 3777 angulos
1883 3695 2111 3758 vestre
2167 3685 2458 3782 perfidie
2520 3686 3001 3778 cingebamus3
3063 3685 3231 3758 dum
3294 3705 3455 3757 nos-

644 3817 746 3879 tre
791 3807 1080 3879 victorie
1147 3808 1418 3900 gladius
1465 3810 1586 3904 qui
1644 3809 1830 3881 vinci
1879 3811 2171 3883 nescivit
2211 3833 2337 3907 per
2383 3811 2754 3883 vicinitatis
2797 3811 3204 3883 instanciam
3258 3812 3458 3885 vobis

642 3930 977 4003 hactenus
1038 3932 1327 4026 cuspide
1384 3934 1811 4026 minabatur,
1872 3935 2041 4006 dum
2099 3946 2334 4008 nostre
2394 3936 2702 4031 potentie
2767 3936 3041 4007 fremitu
3109 3945 3330 4009 terror
3388 3951 3459 4012 et

642 4056 969 4150 strepitus
1004 4056 1105 4128 sic
1142 4077 1421 4148 gressus
1463 4068 1732 4131 vestros
1778 4060 2240 4154 precluserat,
2287 4060 2385 4131 sic
2425 4059 3005 4153 pusillanimitatis
3045 4060 3291 4135 affatus
3330 4085 3457 4160 op-

643 4189 1023 4273 presserat,
1064 4181 1243 4251 sicut
1289 4181 1358 4251 in
1403 4183 1832 4278 experientia
1877 4184 2056 4256 libro
2096 4186 2329 4275 legere
2367 4183 2716 4278 potuistiS,
2764 4183 2953 4276 quod
2992 4185 3219 4259 cordis
3267 4190 3456 4283 cogi-

646 4301 815 4375 tatio
852 4325 993 4374 non
1040 4305 1424 4399 palpitabat
1463 4306 1909 4399 intrinsecus,
1961 4331 2052 4380 ne
2095 4310 2265 4381 dum
2307 4308 2496 4400 quod
2543 4308 2616 4379 in
2658 4306 2941 4382 modum
2982 4313 3271 4387 audacie
3317 4316 3458 4388 imo

645 4422 1036 4519 insipientie
1077 4428 1194 4519 (ut
1229 4429 1506 4521 loquela
1558 4430 1648 4502 sit
1690 4430 2046 4527 proprior)
2087 4432 2497 4508 Caesaream.
2542 4431 2917 4506 incitaretis
2965 4436 3323 4511 victoriam
3367 4441 3460 4512 ad

646 4545 927 4618 ultionis
956 4550 1201 4621 merite
1245 4552 1526 4642 funera,
1566 4553 1745 4625 sicut
1774 4554 2162 4647 improvide
2195 4554 2468 4627 noviter
2510 4559 3002 4651 attemptastis3
3055 4582 3194 4633 non
3236 4572 3461 4634 atten-

805 4666 913 4732 VI.
3068 4692 3140 4743 ιο
