4364 5738
600 511 800 568 lmnrcr.
841 503 938 582 1.]'
1499 504 1898 566 HISTORIA
1946 506 2538 568 DIPLOMATICA.
3349 513 3423 571 ’Π

600 689 752 756 rex,
787 665 1178 737 Pandulfuo
1221 663 1310 735 de
1352 664 1775 736 Fascianella
1811 665 1987 736 sacri
2033 666 2304 761 imperii
2340 669 2409 739 in
2440 668 2684 740 Tuscia
2716 668 3011 759 vicario,
3044 668 3233 741 fideli
3267 692 3421 759 su0,

596 790 889 884 gratiam
950 809 1147 859 suam
1171 840 1190 875 ,
1256 797 1327 859 et
1393 789 1650 860 bonam
1722 790 2177 862 voluntatem.
2248 792 2385 863 Sua
2455 793 2659 864 nobis
2723 793 3140 864 venerabilis
3212 795 3430 867 abbas

598 914 833 986 Sancti
865 912 1239 985 Salvatoris
1273 910 1360 983 de
1399 913 1634 984 Monte
1661 912 1967 1002 Amiato,
2001 912 2227 986 fidelis
2257 929 2518 1007 noster,
2551 917 3047 1009 conquestione
3082 928 3425 989 monstra·

597 1040 735 1129 vit,
780 1037 972 1131 quod
1014 1059 1172 1108 cum
1221 1036 1368 1132 ipse
1416 1036 1484 1107 in
1536 1036 1736 1109 terris
1783 1048 1854 1109 et
1906 1037 2087 1109 villis
2151 1038 2368 1135 ipsius
2425 1040 2826 1112 monasterii
2888 1041 3074 1113 dono
3128 1051 3200 1112 et
3256 1062 3424 1112 con-

598 1162 909 1236 cessione
961 1161 1281 1234 divorum
1323 1161 1793 1254 Augustorum
1843 1162 2415 1258 predecessorum
2468 1177 2901 1254 nostrorum,
2931 1165 3148 1236 felicis
3194 1186 3423 1238 recor·

599 1288 936 1376 dationis,
979 1296 1049 1358 et
1090 1285 1632 1358 confirmationis
1681 1297 1913 1359 nostre
1974 1288 2253 1383 plenam
2304 1288 2860 1380 jurisdictionem
2898 1288 3189 1377 babeat,
3252 1289 3429 1361 sicut

595 1415 666 1485 in
731 1413 1139 1484 eorumdem
1204 1412 1781 1507 predecessorum
1836 1423 2232 1485 nostrorum
2274 1413 2652 1508 privilegiis
2690 1414 2999 1485 noscitur
3049 1413 3421 1503 contineri,

596 1547 666 1609 et
705 1558 833 1632 per
872 1546 1108 1607 nostre
1148 1534 1691 1607 confirmationis
1737 1546 2046 1608 tenorem
2082 1537 2446 1610 evidenter
2480 1547 2851 1633 appareat,
2893 1538 3117 1608 nuntii
3159 1547 3229 1608 et
3273 1537 3424 1610 offi-

595 1660 805 1731 ciales
862 1660 960 1731 tui
1008 1660 1128 1753 qui
1175 1682 1301 1755 per
1348 1669 1415 1730 te
1465 1658 1534 1730 in
1572 1660 1736 1755 ipsis
1792 1661 2102 1755 partibus
2144 1672 2571 1750 statuuntur,
2616 1672 2688 1733 et
2729 1663 3013 1754 quidam
3055 1662 3172 1732 alii
3216 1683 3427 1757 super

596 1784 842 1855 eadem
880 1783 1361 1876 jurisdictione
1428 1784 1690 1855 utenda
1750 1785 2032 1880 proprio
2078 1796 2272 1857 motu
2321 1798 2393 1859 et
2426 1786 2837 1858 auctoritate
2876 1795 3148 1881 ponunt
3183 1807 3258 1856 se
3295 1786 3425 1858 sibi

592 1929 842 1999 graves
901 1917 972 1978 et
1033 1909 1396 1995 molestoS,
1440 1918 1683 1979 contra
1738 1909 2142 1980 eorumdem
2207 1911 2726 2005 privilegiorum
2790 1920 3098 1981 tenorem
3167 1919 3425 1981 temere

592 2040 1040 2102 attentantes.
1094 2032 1325 2116 Quare
1356 2030 1670 2103 fidelitati
1698 2042 1819 2104 tue
1850 2034 2298 2129 precipiendo
2326 2035 2740 2107 mandamus
2776 2046 3121 2127 quatenus
3149 2035 3425 2127 cognita

592 2176 802 2250 super
837 2153 968 2225 hiis
1009 2154 1410 2247 diligentius
1453 2156 1782 2248 veritate,
1835 2157 1892 2227 si
1945 2157 2067 2228 tibi
2109 2157 2495 2229 constiterit
2528 2157 2618 2229 de
2664 2157 3050 2253 premissis,
3088 2179 3226 2229 non
3267 2179 3423 2253 per-

592 2278 824 2349 mittas
876 2278 1160 2350 omnino
1210 2279 1537 2350 abbatem
1598 2279 1825 2374 ipsum
1875 2301 2086 2374 super
2120 2279 2605 2371 jurisdictione
2649 2279 2961 2376 predicta
3016 2279 3107 2350 ab
3162 2280 3423 2351 eisdem

592 2405 702 2475 vel
731 2405 822 2475 ab
851 2404 1004 2475 aliis
1043 2414 1286 2476 contra
1323 2405 1729 2476 eorumdem
1768 2404 2290 2500 privilegiorum
2336 2416 2649 2476 tenorem
2687 2405 3125 2497 aliquatenus
3168 2405 3421 2476 moles·

594 2530 756 2621 tari,
790 2531 1050 2602 faciens
1086 2552 1246 2602 eum
1281 2530 1763 2623 jurisdictione
1797 2531 1944 2624 ipsa
1974 2529 2076 2600 uti
2113 2527 2438 2624 pacifice,
2470 2538 2680 2624 prout
2724 2528 2795 2598 in
2831 2528 3110 2623 prefatis
3138 2529 3423 2623 privile·

590 2654 719 2745 giis
752 2654 1013 2727 videris
1041 2654 1405 2745 contineri,
1434 2664 1514 2725 ut
1545 2655 1792 2726 iterato
1824 2664 2109 2749 propter
2138 2653 2270 2724 hec
2300 2653 2392 2724 ad
2433 2652 2860 2724 audientiam
2896 2662 3202 2723 nostram
3232 2654 3422 2744 justa

591 2779 1022 2872 querimonia
1056 2800 1196 2850 non
1227 2788 1563 2849 recurrat.

684 2904 935 2973 Datum
967 2903 1280 2990 Precine,
1316 2901 1787 3001 xlljanuarii,
1825 2900 2049 2996 prima
2081 2900 2486 2973 indictione.

686 3025 1109 3115 Fridericus,
1145 3025 1269 3097 Dei
1308 3025 1528 3118 gratia
1569 3026 2037 3098 Romanorum
2080 3024 2458 3120 imperator
2496 3044 2771 3118 semper
2810 3033 3177 3116 augustuS,
3221 3026 3418 3097 Jeru-

589 3148 806 3218 salem
853 3160 923 3219 et
978 3150 1206 3221 Sicilie
1247 3171 1413 3240 rex,
1462 3151 1852 3223 Pandulfuo
1895 3149 1984 3221 de
2039 3149 2460 3220 Fascianella
2508 3148 2685 3220 sacri
2741 3147 3012 3243 imperii
3058 3148 3128 3218 in
3176 3149 3418 3221 Tuscia

590 3276 886 3363 vicari0,
924 3273 1114 3346 fideli
1154 3295 1317 3361 su0,
1352 3274 1645 3367 gratiam
1685 3295 1881 3345 suam
1912 3283 1983 3343 et
2013 3274 2271 3344 bonam
2308 3272 2763 3343 voluntatem.
2800 3272 3168 3356 Querelam
3200 3295 3415 3345 vene-

592 3402 828 3473 rabilis
877 3399 1147 3471 abbatis
1202 3399 1435 3470 Sancti
1489 3398 1862 3471 Salvatoris
1910 3397 1997 3470 de
2054 3399 2290 3470 Monte
2334 3397 2608 3470 Amiato
2658 3396 2885 3469 fidelis
2938 3399 3153 3468 nostri
3213 3420 3413 3472 acce-

591 3526 820 3620 pimus
861 3523 1334 3596 continentem
1372 3523 1563 3615 quod
1601 3543 1760 3593 cum
1803 3522 1894 3593 ab
1937 3522 2334 3594 bominibus
2379 3523 2584 3594 castri
2631 3521 2738 3592 sui
2789 3522 3040 3593 Montis
3073 3523 3413 3593 Pinzutuli

590 3651 964 3745 quemdam
1003 3669 1314 3719 annuum
1358 3646 1708 3718 redditum
1746 3668 1874 3742 pro
1915 3657 2110 3743 parte
2144 3648 2334 3720 curie
2382 3658 2614 3718 nostre
2658 3646 2913 3738 requiri
2966 3656 3035 3717 et
3080 3647 3266 3737 exigi
3313 3647 3415 3716 sa-

589 3774 730 3847 cias
779 3774 1125 3864 indebite,
1185 3773 1363 3844 sicut
1415 3772 1695 3862 dicitur,
1755 3772 2117 3845 occasione
2177 3774 2433 3870 scripta
2485 3773 2675 3866 quod
2730 3793 2962 3843 comes
3011 3769 3413 3841 Guillelmus

588 3899 903 3993 proditor
949 3907 1187 3969 noster
1232 3906 1637 3991 perceperat
1676 3895 1905 3991 ipsum
1948 3896 2300 3968 redditum
2345 3898 2436 3968 ab
2478 3897 2779 3985 eisdem;
2827 3906 2896 3964 et
2933 3892 3178 3964 eodem
3221 3902 3411 3985 post·

586 4023 871 4095 modum
908 4021 1369 4111 assentiente,
1412 4020 1599 4112 quod
1636 4042 1795 4092 cum
1835 4019 2003 4092 dicti
2031 4020 2349 4091 homines
2377 4021 2465 4091 de
2489 4022 2648 4111 jure
2678 4017 2769 4088 ad
2808 4017 3035 4109 ipsum
3061 4014 3411 4086 redditum

585 4167 727 4219 non
755 4156 1108 4237 tenentur,
1146 4145 1271 4217 sed
1308 4144 1534 4217 dictus
1570 4167 1805 4217 comes
1833 4144 2187 4216 multoties
2216 4141 2665 4238 depredando
2694 4149 2766 4210 et
2794 4148 3065 4229 segetes
3097 4139 3409 4212 comburi

586 4269 844 4341 faciens
887 4269 1328 4359 eorumdem,
1362 4279 1434 4342 et
1473 4271 1731 4365 pluries
1777 4281 2080 4343 castrum
2133 4264 2521 4339 obsidendo
2568 4262 2988 4360 predictum,
3024 4284 3152 4359 per
3185 4264 3289 4335 fas
3337 4275 3409 4336 et

586 4394 780 4465 nefas
807 4414 927 4465 eos
959 4401 1283 4485 coegerat
1310 4392 1403 4464 ad
1432 4392 1656 4488 ipsum
1682 4393 2032 4465 redditum
2058 4390 2482 4480 faciendum,
2515 4387 2637 4460 tibi
2666 4387 2984 4459 dedimus
3012 4387 3085 4458 in
3113 4388 3406 4460 manda-

525 4500 541 4510 ”
590 4514 676 4587 tis
712 4527 790 4588 ut
818 4539 1027 4613 super
1057 4517 1190 4589 hiis
1220 4517 1542 4589 omnibus
1573 4516 1960 4610 inquireres
1996 4514 2393 4606 diligentius
2430 4512 2820 4600 veritatem,
2856 4521 2927 4582 et
2957 4511 3015 4582 si
3058 4510 3407 4583 invenires

585 4640 846 4714 dictum
874 4642 1197 4714 comitem
1222 4643 1313 4713 ab
1341 4641 1510 4737 ipsis
1538 4641 1862 4712 eumdem
1891 4637 2240 4709 redditum
2277 4637 2502 4708 taliter
2529 4636 2949 4726 extorxisse,
2981 4645 3053 4706 et
3082 4634 3253 4706 alias
3285 4654 3404 4735 eos
