4364 5738
1081 603 1204 666 522
2081 601 2511 666 summum
2560 599 2910 665 saeuum
3512 594 3679 674 [Aa.
3712 594 3886 657 1247.

1081 740 1243 812 licet
1262 741 1685 832 Montebelli,
1706 742 2167 834 Monteveclo,
2188 741 2628 814 medietatem
2654 737 2878 834 plebis
2896 733 3128 808 Sancti
3146 731 3478 806 Iohannis
3500 731 3590 804 de
3608 733 3743 803 Oto
3758 730 3888 828 (a),

1079 864 1521 937 medietatem
1553 867 1944 961 Bacagnani
1978 877 2048 938 et
2079 868 2231 958 ejus
2255 867 2445 937 curie
2478 876 2551 937 et
2577 863 2966 951 districtuS,
3005 868 3076 930 et
3104 856 3548 930 medietatem
3582 856 3673 928 de
3710 856 3891 928 omni

1077 1008 1165 1059 eo
1197 987 1385 1080 quod
1420 999 1615 1084 pater
1648 1001 1717 1062 et
1748 1010 1921 1062 avus
1948 991 2419 1085 predictorum
2450 990 2739 1060 fratrum
2767 983 3099 1058 Guidonis
3127 990 3200 1055 et
3224 979 3523 1054 Simonis
3544 978 3893 1052 habebant

1075 1113 1225 1184 sive
1269 1134 1510 1185 eorum
1554 1115 1836 1186 nomine
1882 1114 2325 1186 detinebatur
2367 1115 2480 1186 vel
2522 1113 2588 1184 ei
2635 1122 2757 1184 aut
2804 1109 3006 1182 alteri
3051 1128 3294 1180 eorum
3337 1105 3732 1201 pertinebat
3771 1125 3889 1176 seu

1075 1236 1423 1331 pertinere
1457 1250 1691 1333 posset
1732 1260 2173 1334 quocumque
2221 1239 2422 1310 titulo
2454 1238 2526 1308 in
2573 1246 2717 1309 tota
2768 1236 2951 1307 valle
2990 1231 3410 1322 Marchiani,
3451 1230 3523 1301 in
3560 1228 3888 1322 Bergelli,

1073 1361 1497 1456 Bartignolo,
1530 1363 1843 1436 Senzano
1873 1375 1944 1437 et
1975 1385 2217 1436 eorum
2244 1363 2452 1435 curiis
2484 1370 2556 1433 et
2582 1360 3027 1433 districtibus.
3064 1358 3235 1430 Item
3261 1355 3706 1428 medietatem
3730 1354 3891 1426 ville

1075 1497 1147 1557 et
1189 1486 1477 1559 ecclesie
1519 1488 1751 1560 Sancti
1795 1488 1977 1559 Petri
2016 1489 2088 1558 in
2128 1487 2401 1561 Vissina
2452 1496 2524 1560 et
2563 1487 2714 1578 ejus
2751 1484 3126 1575 districtuS,
3162 1482 3553 1574 Rivagotte,
3592 1478 3760 1552 ville
3804 1478 3891 1551 de

1067 1610 1369 1682 'l'rebbio
1388 1620 1459 1683 et
1485 1633 1726 1683 earum
1746 1612 2208 1704 districtuum,
2229 1620 2301 1683 et
2326 1612 2544 1707 ipsam
2568 1611 3013 1682 medietatem
3038 1607 3348 1681 omnium
3378 1617 3450 1677 et
3469 1604 3889 1696 singulorum

1070 1730 1458 1825 hominum,
1481 1735 1916 1826 colonorum,
1943 1734 2252 1808 fidelium
2281 1747 2353 1807 et
2381 1737 2676 1807 aliorum
2702 1736 3200 1826 cujuscumque
3228 1732 3366 1803 sint
3390 1752 3552 1801 cum
3580 1728 3886 1818 resediis,

1071 1857 1345 1929 familiis
1376 1868 1447 1929 et
1476 1858 1795 1931 animetis
1822 1882 1905 1933 ac
1931 1861 2230 1934 servitiis
2258 1882 2497 1933 eorum
2525 1873 2597 1931 et
2623 1859 2933 1931 omnium
2967 1856 3543 1945 domnicatorum,
3572 1854 3889 1950 poderio-

1069 2004 1254 2073 rum,
1291 1983 1781 2056 amaziatorum
1817 1994 1887 2057 et
1924 1985 2467 2058 exmaziatorum
2501 1985 2948 2056 existentium
2986 1982 3057 2054 in
3084 1981 3290 2054 dictis
3319 1980 3490 2052 locis
3520 1978 3612 2052 de
3643 1979 3888 2051 Roma·

1067 2107 1211 2198 nia,
1249 2129 1385 2200 que
1414 2109 1773 2182 continent
1797 2110 2076 2205 publica
2102 2106 2941 2203 instrumenta-divisionis
2972 2106 3137 2178 inde
3168 2104 3336 2176 olim
3358 2106 3538 2176 facte
3562 2104 3745 2175 inter
3772 2124 3888 2176 co·

1069 2232 1310 2303 mitem
1346 2235 1718 2326 Tegrinum
1753 2246 1823 2306 et
1853 2244 2121 2329 patrem
2154 2234 2627 2330 predictorum
2657 2235 2982 2323 fratrum3
3015 2232 3184 2304 item
3218 2239 3437 2302 totum
3470 2238 3769 2302 castrum
3798 2227 3889 2301 de

1064 2356 1343 2429 Bisorco
1365 2356 1462 2453 (b)
1487 2380 1647 2430 cum
1676 2360 1826 2451 ejus
1862 2359 2051 2431 curia
2085 2368 2157 2431 et
2189 2359 2503 2431 districtu
2543 2380 2627 2431 ac
2662 2359 2806 2430 suis
2846 2355 3314 2453 pertinentiiS,
3354 2364 3560 2451 prout
3586 2354 3890 2426 continet

1066 2481 1422 2575 publicum
1455 2483 1992 2554 instrumentum
2024 2483 2394 2579 emptionis
2424 2483 2587 2555 inde
2616 2484 3045 2572 confectum3
3076 2481 3242 2552 item
3273 2490 3592 2573 quartam
3624 2488 3886 2574 partem

1065 2615 1477 2697 castrorum,
1510 2607 1832 2679 villarum
1860 2629 2018 2680 cum
2048 2609 2355 2704 ipsorum
2389 2609 2625 2700 curiis,
2654 2608 3076 2681 districtibus
3106 2617 3177 2678 et
3205 2605 3663 2701 pertinentiis,
3694 2605 3885 2699 pala·

1066 2730 1344 2823 tiorum,
1382 2732 1699 2824 turrium,
1737 2733 2160 2805 forticiarum
2182 2787 2202 2825 ,
2233 2733 2633 2825 hominum,
2665 2734 3104 2821 colonorum,
3142 2729 3678 2824 inquilinorum,
3704 2726 3887 2800 fide-

1063 2857 1259 2947 lium,
1279 2859 1737 2930 vassallorum
1767 2881 1927 2930 cum
1956 2882 2200 2932 eorum
2228 2860 2529 2952 familiis,
2557 2858 2976 2948 tenimentis,
3000 2855 3323 2946 servitiis,
3348 2853 3880 2951 possessionum,

1068 2987 1409 3052 terrarum
1442 2993 1513 3053 et
1538 2983 1880 3054 bonorum
1916 2984 2256 3075 omnium,
2280 2985 2540 3077 jurium
2572 2995 2640 3056 et
2661 2981 3219 3076 jurisdictionum
3251 2991 3323 3052 et
3347 2981 3696 3053 actionum
3725 3000 3883 3075 per·

1067 3126 1399 3177 sonarum
1443 3106 1514 3175 in
1564 3106 1750 3177 Greti
1790 3116 1861 3177 et
1899 3108 2213 3200 partibus
2256 3108 2773 3201 adjacentibus,
2809 3129 2945 3202 que
2983 3115 3455 3202 pervenerunt
3492 3103 3586 3177 ad
3622 3116 3882 3199 patrem

1064 3229 1535 3325 predictorum
1561 3231 1848 3302 fratrum
1870 3253 1963 3301 ex
1985 3231 2327 3304 divisione
2353 3256 2562 3326 quam
2588 3234 2748 3306 fecit
2764 3255 2920 3305 cum
2942 3232 3195 3305 comite
3222 3231 3518 3323 Tegrino
3540 3240 3615 3301 et
3639 3228 3885 3301 comite

1067 3353 1416 3445 Agenulfo
1442 3354 1769 3426 fratribus
1802 3356 2279 3445 suiS,Rodulfo
2310 3358 2645 3431 Guidonis
2661 3357 3144 3450 Burgugnonis
3175 3365 3246 3428 et
3274 3355 3568 3447 Rogerio
3586 3355 3677 3427 de
3702 3354 3886 3427 Cona

1069 3478 1411 3550 tutoribus
1477 3479 1810 3551 Guidonis
1871 3491 1941 3552 et
2005 3481 2281 3573 Rogerii
2348 3481 2645 3555 filiorum
2712 3482 3067 3576 quondam
3135 3480 3407 3554 comitis
3465 3477 3886 3551 Marcovaldi

1065 3602 1295 3674 fratris
1339 3603 1670 3693 genitoris
1702 3604 2037 3676 Guidonis
2077 3616 2148 3677 et
2185 3607 2482 3678 Simonis
2523 3607 3026 3702 predictorum,
3063 3606 3243 3678 sicut
3285 3603 3502 3701 ipsius
3531 3601 3885 3674 divisionis

1065 3726 1343 3821 publica
1368 3748 1611 3798 eorum
1628 3727 1989 3799 continent
2021 3728 2478 3801 instrumenta
2495 3757 2514 3821 ;
2541 3752 2839 3824 quorum
2868 3742 3280 3820 castrorum,
3306 3728 3625 3801 villarum
3641 3736 3715 3798 et
3747 3736 3885 3797 ter-

1064 3871 1299 3923 rarum
1330 3853 1612 3924 nomina
1644 3863 1808 3924 sunt
1828 3852 2003 3924 hec:
2044 3855 2351 3948 Empuli,
2384 3856 2884 3952 Monterappoli
2903 3910 2922 3947 ,
2954 3856 3286 3947 Petrorio,
3318 3854 3506 3927 Colle
3538 3853 3627 3925 de
3654 3853 3880 3942 Petra,

1063 3976 1419 4049 Cerretum
1441 4031 1460 4069 ,
1492 3978 1977 4069 Musignanum
2001 4030 2020 4068 ,
2051 3988 2355 4050 castrum
2415 3980 2504 4052 de
2556 3982 2796 4053 Vincio
2818 4034 2838 4072 ,
2872 3991 3240 4074 utramque
3288 3979 3718 4071 Pagnanam,
3750 3977 3884 4047 Fu-

1061 4100 1344 4191 maiam,
1389 4101 1858 4194 Granaiolum,
1896 4102 2413 4196 carbonariam,
2443 4105 2711 4176 Turrim
2743 4106 2985 4197 Benni,
3011 4114 3310 4177 castrum
3342 4103 3433 4175 de
3466 4103 3674 4193 Celle,
3703 4101 3885 4172 Lon-

1064 4231 1411 4318 traynum,
1444 4225 1852 4316 Petriolum,
1888 4225 2232 4299 Gonfienti
2252 4282 2271 4320 ,
2304 4229 2508 4302 Collis
2537 4229 2851 4322 Gonzoli,
2882 4230 3282 4319 Burianum,
3316 4227 3791 4319 Orbignanum
3818 4232 3887 4295 et

1060 4343 1423 4419 dimidium
1443 4350 1664 4442 plebis
1688 4350 1776 4421 de
1786 4350 2077 4424 Vallaris
2090 4350 2199 4451 (l)
2220 4363 2291 4426 et
2313 4354 2807 4449 Colleccbium3
2830 4356 2996 4428 item
3013 4364 3337 4451 quartam
3350 4362 3625 4450 partem
3644 4371 3883 4426 eorum

1141 4466 1219 4550 (a)
1262 4471 1334 4531 In
1361 4471 1545 4531 altero
1573 4469 1644 4532 de
1669 4473 1841 4535 Loro.

1138 4572 1221 4654 (b)
1267 4577 1339 4637 ln
1365 4577 1548 4637 altero
1573 4575 1644 4638 de
1670 4578 1921 4658 Bisorco.

1125 4760 1195 4833 (⁴)
1233 4762 1294 4819 ln
1324 4761 1498 4835 primo
1529 4763 1726 4838 legitur
1755 4764 1820 4823 do
1853 4768 2154 4841 styliano.-
2193 4768 2269 4829 ita
2294 4771 2461 4831 etiam
2489 4771 2545 4829 in
2584 4771 2939 4831 instrumento
2964 4772 3034 4830 de
3054 4786 3198 4834 anno
3225 4772 3383 4843 ⁴220,
3415 4768 3562 4844 quod
3588 4768 3693 4844 ipsi
3716 4780 3883 4841 supra
