4364 5738
997 577 1082 637 94
1994 572 2415 635 ramnum!
2465 573 2811 633 sncuNm
3428 574 3592 653 [Arm.
3632 576 3807 637 1243.

1001 711 1483 801 absolverunt,
1511 708 1630 802 qui
1658 709 2151 781 continuerunt
2173 729 2412 780 severe
2432 708 2700 799 justitie
2726 708 2996 801 gladios
3027 707 3234 779 etiam
3266 709 3339 779 in
3372 709 3814 805 dampnatos,

1001 834 1298 928 quilibet
1353 843 1582 904 tamen
1638 833 1911 904 illorum
1964 833 2079 904 vel
2140 832 2346 903 duxit
2397 831 2692 903 noxium
2746 831 3200 927 impotentem
3251 833 3648 924 absolvere,
3704 836 3819 906 vel

1005 958 1216 1030 finem
1248 957 1576 1053 imposuit
1601 978 1728 1051 per
1752 957 2032 1028 veniam
2065 977 2279 1050 quam
2315 955 2626 1028 indulsit.
2664 955 2805 1028 Sed
2842 954 3035 1048 quod
3079 976 3210 1028 nos
3253 955 3485 1029 adhuc
3525 958 3819 1031 durante

1005 1080 1383 1170 discordia,
1420 1090 1689 1152 tantum
1728 1080 2116 1153 membrum
2150 1078 2494 1171 Ecclesie,
2539 1079 2710 1151 tanti
2754 1079 3022 1151 consilii
3069 1082 3296 1150 virum
3345 1089 3416 1151 et
3449 1103 3617 1154 vere
3652 1105 3817 1178 pru-

1005 1205 1326 1296 dentem,
1365 1205 1618 1277 nostris
1652 1203 2092 1300 processibus
2140 1202 2447 1294 obicem,
2485 1202 2665 1274 sicut
2701 1203 3024 1274 omnibus
3073 1203 3482 1299 sperabatur
3521 1205 3647 1279 sed
3693 1227 3821 1279 nos

1004 1325 1203 1428 [non]
1240 1329 1524 1401 omnino
1578 1328 1963 1419 credimus,
2007 1327 2224 1420 gratis
2260 1348 2614 1424 exponere
2667 1327 3119 1420 deberemus,
3159 1350 3292 1400 nec
3337 1330 3818 1425 preteritorum

1006 1455 1330 1549 exempla
1351 1461 1841 1545 suggesserant
1861 1473 1992 1524 nec
2015 1452 2290 1523 cautela
2312 1452 2737 1547 presentium
2763 1452 3129 1525 suadebat.
3149 1452 3290 1525 Sed
3314 1464 3543 1526 tamen
3566 1452 3825 1526 instan-

1009 1577 1103 1648 tia
1120 1574 1749 1648 considerationum
1767 1575 2115 1647 variarum
2135 1573 2337 1646 flexit
2355 1574 2651 1667 rigorem
2665 1575 2930 1667 justitie
2947 1576 3195 1671 pietas,
3218 1576 3574 1650 iracundie
3591 1588 3823 1650 nostre

1008 1710 1271 1772 motum
1313 1699 1654 1791 generalis
1693 1698 1957 1771 dissidii
1998 1697 2384 1793 compassio
2428 1699 2647 1769 tenuit
2688 1708 2757 1770 et
2798 1698 3148 1791 singulare
3185 1699 3628 1795 dispendium
3658 1722 3820 1773 nos-

1011 1836 1193 1896 trum
1249 1823 1458 1895 totius
1501 1822 1881 1917 reipublice
1926 1821 2463 1893 christianorum
2503 1821 2763 1893 utilitas
2807 1824 3198 1919 superavit,
3244 1833 3485 1919 utpote
3528 1846 3690 1896 cum
3735 1824 3824 1897 de

1010 1948 1416 2021 liberatione
1468 1946 1771 2042 episcopi
1812 1946 2150 2017 nominati
2199 1944 2590 2019 indubitata
2634 1946 2838 2018 nobis
2877 1945 3133 2020 fiducia
3178 1948 3587 2042 preberetur
3635 1947 3826 2042 quod

1008 2073 1293 2146 viduato
1322 2071 1588 2143 dudum
1615 2070 1918 2143 Ecclesie
1953 2069 2042 2141 de
2071 2078 2348 2165 pastore
2379 2069 2672 2165 pacifico
2706 2071 2908 2143 nobis
2944 2083 3015 2143 et
3046 2071 3339 2168 imperio
3379 2093 3524 2143 non
3558 2072 3826 2165 ingrato

1009 2198 1264 2270 debeat
1287 2195 1663 2292 provideri.
1690 2194 1836 2266 Nec
1861 2216 1990 2266 nos
2012 2194 2343 2267 indecens
2371 2193 2718 2266 credimus
2746 2204 2870 2266 aut
2894 2194 3219 2268 nocivum
3251 2197 3308 2266 si
3337 2217 3496 2268 cum
3525 2197 3828 2270 Ecclesia

1010 2333 1229 2393 matre
1280 2329 1515 2391 nostra
1558 2319 1746 2413 pacis
1792 2317 2038 2390 avidos
2079 2338 2211 2389 nos
2258 2338 2408 2389 esse
2451 2317 2909 2389 describimus
2960 2329 3031 2390 et
3074 2320 3410 2392 zelatores
3457 2321 3827 2393 concordie

1011 2444 1442 2541 profitemur,
1489 2443 1689 2533 cujus
1724 2441 2028 2513 officium
2071 2440 2506 2512 dissimulare
2543 2442 2921 2535 aliquando
2963 2454 3476 2516 consueverunt
3515 2466 3716 2537 reges
3759 2454 3829 2517 et

1011 2569 1358 2664 principes
1417 2564 1695 2635 insimul
1745 2564 2223 2655 confligentes.
2271 2564 2741 2659 Compatimur
2789 2587 3043 2661 nempe
3096 2567 3448 2640 laboribus
3491 2570 3708 2641 seculi
3756 2570 3825 2640 in

1009 2691 1212 2761 ruina
1245 2688 1761 2781 quodammodo
1798 2698 2082 2783 propter
2118 2689 2480 2780 generales
2521 2688 2901 2762 discordias
2939 2690 3329 2781 constituti;
3372 2691 3829 2786 compatimur

1010 2814 1192 2888 Petri
1219 2812 1539 2886 navicule
1580 2834 1718 2907 que
1762 2832 1886 2907 per
1921 2812 2387 2885 tabescentem
2430 2811 2789 2884 hominum
2828 2811 3036 2886 fidem
3075 2823 3148 2886 et
3191 2814 3532 2888 fervidam
3574 2814 3828 2888 hereti·

1011 2961 1250 3013 corum
1283 2937 1663 3031 nequitiam
1695 2937 2216 3032 perturbatione
2249 2938 2458 3010 maris
2490 2947 2561 3009 et
2601 2937 2938 3009 fluctuum
2978 2938 3344 3011 laceratur.
3384 2939 3599 3031 Igitur
3640 2939 3830 3033 regia

1011 3063 1521 3157 magnificentia
1574 3084 1717 3133 non
1763 3062 2052 3133 miretur
2101 3084 2233 3135 nec
2286 3064 2578 3137 aliorum
2638 3064 3071 3136 audientium
3125 3064 3540 3136 universitas
3594 3074 3829 3160 stupe·

1013 3186 1170 3276 fiat,
1214 3188 1273 3257 si
1312 3186 1602 3258 Romani
1643 3185 1973 3280 principis
2014 3186 2284 3258 viscera
2333 3197 2434 3258 tot
2479 3198 2550 3258 et
2587 3197 2777 3259 tanta
2818 3187 3126 3282 pericula
3168 3198 3731 3279 commoverunt,
3776 3188 3832 3259 si

1012 3321 1380 3406 patronum
1409 3309 1820 3379 universalis
1862 3310 2203 3399 Ecclesie,
2250 3309 2307 3381 si
2339 3308 2559 3381 filium
2591 3311 2966 3405 specialem
3007 3310 3217 3384 vidue
3259 3311 3497 3382 matris
3537 3310 3833 3407 suspiria

1016 3432 1415 3505 medullitus
1454 3431 1989 3522 conturbarunt,
2048 3441 2128 3502 ut
2170 3432 2563 3504 'rationibus
2617 3434 2939 3525 relegatis
3004 3455 3180 3526 quas
3235 3433 3520 3506 forsitan
3588 3432 3831 3508 mundi

1012 3556 1350 3651 sagacitas
1381 3556 1818 3646 attendisset,
1854 3557 2052 3626 matri
2085 3554 2306 3626 filium
2339 3567 2408 3628 et
2436 3557 2721 3628 fratrem
2751 3558 3078 3629 fratribus
3111 3558 3472 3653 presertim
3501 3579 3629 3652 pro
3658 3556 3831 3634 tanti

1010 3683 1176 3755 boni
1227 3679 1479 3753 fiducia
1519 3680 2035 3753 decreverimus
2081 3681 2549 3754 liberandum.
2588 3682 2759 3768 Quis
2795 3683 2980 3754 enim
3030 3692 3378 3755 tantorum
3431 3682 3829 3757 considera·

1012 3807 1198 3879 tione
1227 3807 1594 3895 malorum,
1625 3804 1781 3896 quis
1812 3805 1882 3875 in
1911 3826 2033 3900 spe
2068 3814 2259 3876 tante
2291 3805 2509 3877 letitie
2543 3826 2670 3900 per
2699 3805 3175 3879 detentionem
3203 3819 3325 3878 aut
3352 3805 3832 3881 liberationem

1011 3931 1217 4002 unius
1276 3927 1723 4023 quantumvis
1783 3948 2078 4021 persone
2139 3929 2534 4023 spectabilis
2595 3929 2903 4000 animum
2966 3931 3411 4019 obdurasset,
3468 3928 3832 4025 presertim

1010 4076 1170 4126 cum
1199 4077 1329 4149 per
1358 4076 1602 4127 omnes
1637 4063 1707 4124 et
1744 4052 2051 4144 singulos
2089 4053 2337 4123 fratres
2381 4064 2520 4124 tam
2566 4053 2637 4124 in
2673 4054 2856 4125 Urbe
2893 4075 3103 4147 quam
3142 4054 3214 4126 in
3252 4054 3435 4146 agris
3482 4065 3833 4153 morantes

1011 4198 1171 4270 spes
1217 4178 1415 4248 nobis
1456 4176 1722 4248 stabilis
1758 4176 1847 4248 sit
1881 4176 2112 4246 oblata
2151 4175 2343 4267 quod
2382 4176 2569 4248 socio
2606 4187 2677 4248 et
2722 4152 2935 4248 fratre
2973 4198 3100 4249 suo
3145 4178 3439 4270 collegio
3485 4176 3827 4267 restituto,

1010 4299 1338 4370 continuo
1372 4301 1571 4371 nobis
1600 4312 1669 4371 et
1709 4300 1859 4372 orbi
1893 4300 2234 4372 deberent
2268 4299 2358 4371 de
2394 4300 2789 4372 desiderato
2832 4298 3158 4397 pontifice
3192 4301 3564 4374 salubriter
3598 4301 3830 4395 provi·

1011 4421 1225 4493 dere?
1255 4421 1531 4493 Utinam
1563 4422 1635 4493 in
1667 4444 1750 4495 eo
1778 4424 1956 4496 sicut
1991 4422 2066 4496 in
2103 4422 2511 4497 liberatione
2550 4423 2861 4518 magistri
2893 4425 3164 4497 Ottonis
3194 4424 3428 4497 Sancti
3461 4423 3728 4496 Nicolai
3759 4422 3832 4494 in

1011 4566 1287 4616 carcere
1331 4545 1644 4617 Tulliano
1693 4548 2110 4619 venerabilis
2158 4547 2565 4638 cardinalis,
2611 4569 2888 4620 necnon
2932 4548 3001 4619 in
3051 4548 3205 4621 aliis
3247 4568 3423 4642 quos
3462 4557 3830 4642 propterea

1008 4679 1242 4742 nostra
1286 4668 1620 4742 serenitas
1663 4671 2138 4766 compassione
2186 4671 2528 4766 probabili
2575 4670 2931 4762 liberavit,
2980 4692 3111 4744 nec
3154 4681 3318 4743 vota
3365 4680 3600 4743 nostra
3643 4671 3825 4741 frus·
