4364 5738
1005 540 1129 603 322
1966 606 1973 619 ,
2006 548 2438 608 vammum
2489 546 2835 608 SECUNDI
3438 545 3599 629 [Ant.
3635 549 3807 609 1245.

1006 676 1403 772 Apostolice
1448 681 1644 753 Sedis
1681 683 1947 773 legato,
2002 683 2219 755 felicis
2266 681 2765 755 recordationis
2807 680 3207 753 Innocentio
3239 701 3418 775 pape
3450 681 3813 776 predeces-

1007 801 1145 871 sori
1193 812 1428 874 nostro
1470 813 1540 875 et
1592 806 2105 879 successoribus
2159 807 2309 898 ejus
2350 806 2794 899 Ecclesieque
2840 806 3147 877 Romane
3198 825 3325 899 pro
3376 806 3814 878 concessione

1006 925 1201 1018 regni
1235 926 1500 998 Scicilie
1527 929 1618 1000 ab
1645 930 1888 1002 eadem
1916 931 2222 1002 Ecclesia
2242 929 2371 1001 sibi
2395 931 2601 1021 facta,
2630 927 2981 1000 fidelitatis
3008 927 3304 1022 prestitit
3313 928 3810 1020 juramentum,

1009 1057 1111 1138 et,
1167 1050 1343 1121 sicut
1383 1051 1659 1143 dicitur,
1706 1054 1880 1127 illud
1925 1054 2153 1146 idem,
2209 1064 2574 1148 postquam
2626 1052 2719 1124 ad
2766 1052 3060 1124 eandem
3111 1051 3513 1143 dignitatem
3559 1054 3815 1125 electus

1008 1172 1237 1243 extitit
1272 1184 1341 1244 et
1373 1175 1565 1245 venit
1596 1175 1690 1247 ad
1715 1177 1999 1267 Urbem,
2034 1198 2268 1248 coram
2297 1177 2545 1248 eodem
2572 1176 2970 1248 Innocentio
3001 1175 3281 1269 suisque
3313 1175 3638 1248 fratribus
3664 1197 3811 1247 car·

1006 1295 1354 1369 dinalibus
1408 1308 1478 1369 et
1526 1299 1678 1370 aliis
1726 1301 1964 1371 multis
2009 1301 2447 1394 presentibus
2507 1300 2743 1393 ligium
2795 1299 3177 1371 hominium
3232 1298 3306 1369 in
3358 1299 3509 1390 ejus
3558 1299 3814 1372 faciens

1007 1419 1326 1492 manibus
1366 1422 1748 1494 innovavit.
1782 1424 2046 1496 Deinde
2093 1445 2253 1496 cum
2296 1424 2366 1495 in
2403 1423 2765 1496 Alamania
2797 1433 3014 1511 esset,
3050 1422 3278 1494 eidem
3319 1422 3716 1495 Innocentio
3746 1434 3814 1495 et

1005 1543 1157 1636 ipso
1192 1543 1523 1616 defuncto
1545 1599 1565 1633 ,
1606 1545 1790 1617 bone
1825 1547 2152 1633 memorie
2193 1547 2499 1619 Honorio
2552 1568 2729 1642 pape
2774 1545 3248 1640 predecessori
3286 1554 3521 1617 nostro
3556 1555 3629 1617 et
3665 1548 3812 1639 ejus

1006 1668 1517 1739 successoribus
1548 1689 1632 1740 ac
1673 1668 1805 1764 ipsi
1844 1670 2149 1741 Ecclesie
2184 1672 2529 1760 Romane,
2577 1668 3012 1764 presentibus
3068 1668 3335 1761 imperii
3391 1667 3810 1763 principibus

1006 1799 1216 1883 atque
1247 1791 1630 1881 nobilibus,
1669 1793 1932 1883 juravit
1962 1793 2297 1883 honores,
2327 1794 2487 1885 jura
2521 1803 2592 1864 et
2622 1792 3088 1886 possessiones
3118 1793 3423 1863 Romane
3454 1787 3809 1889 [Ecclesie]

1006 1935 1131 2006 pro
1173 1935 1374 2007 posse
1412 1937 1538 1987 suo
1570 1936 1849 1986 servare
1885 1937 1966 1986 ac
1999 1925 2362 2011 protegere
2394 1916 2578 1988 bona
2606 1913 2744 1987 fide
2766 1966 2786 2005 ,
2820 1924 2890 1986 et
2915 1914 3402 2007 quodcumque
3437 1913 3529 1985 ad
3569 1935 3811 1985 manus

1004 2056 1165 2105 suas
1202 2038 1596 2130 pervenerit
1626 2038 1774 2108 sine
1812 2038 2216 2110 difficultate
2255 2048 2659 2133 procuraret
2692 2038 3089 2127 restituere,
3122 2037 3492 2108 nominatis
3524 2058 3806 2131 expres·

1003 2157 1131 2228 sim
1184 2159 1385 2231 dictis
1453 2161 2002 2255 possessionibus
2067 2163 2139 2234 in
2188 2162 2586 2254 hujusmodi
2638 2164 3073 2255 juramento,
3134 2161 3325 2253 quod
3375 2161 3807 2255 postmodum

1003 2279 1436 2353 confirmavit
1472 2305 1800 2356 coronam
1835 2286 2104 2380 imperii
2134 2288 2280 2377 J'am
2321 2286 2638 2380 adeptus.
2684 2285 2821 2357 Sed
2858 2285 3108 2356 horum
3155 2284 3360 2354 trium
3388 2285 3808 2376 juramento-

1001 2426 1156 2474 rum
1192 2406 1595 2476 temerarius
1632 2408 1862 2478 extitit
1895 2408 2221 2497 violator,
2256 2430 2396 2479 non
2433 2408 2580 2479 sine
2621 2407 3027 2502 proditionis
3057 2416 3220 2479 nota
3254 2416 3325 2478 et
3360 2408 3500 2478 lese
3530 2407 3807 2477 crimine

1003 2528 1405 2619 majestatis.
1462 2530 1635 2599 Nam
1691 2540 1932 2601 contra
1988 2531 2330 2624 prefatum
2385 2531 2944 2625 predecessorem
2995 2529 3399 2620 Gregorium
3444 2540 3516 2600 et
3572 2529 3806 2600 fratres

1002 2670 1164 2721 suos
1198 2650 1760 2723 comminatorias
1802 2653 2065 2725 litteras
2103 2654 2364 2725 eisdem
2403 2654 2726 2725 fratribus
2771 2653 3118 2725 destinare
3158 2675 3241 2724 ac
3271 2652 3531 2724 dictum
3558 2653 3804 2746 Grego-

1004 2773 1179 2843 rium
1215 2773 1399 2869 apud
1436 2775 1681 2846 fratres
1710 2798 1907 2868 suos,
1944 2778 2123 2849 sicut
2153 2788 2444 2873 apparet
2474 2799 2599 2873 per
2629 2777 2891 2848 litteras
2921 2777 3013 2847 ab
3040 2777 3288 2849 eodem
3318 2788 3483 2849 tunc
3518 2777 3804 2849 directas

1004 2895 1292 2987 eisdem,
1331 2907 1401 2968 et
1438 2898 1645 2969 etiam
1674 2912 1879 2994 prout
1913 2901 2129 2971 fertur
2156 2923 2283 2996 per
2321 2901 2722 2971 universum
2760 2901 2904 2972 fere
2937 2901 3179 2971 orbem
3220 2910 3593 2990 terrarum,
3634 2903 3803 2972 mul-

1010 3018 1331 3113 tipliciter
1360 3020 1716 3092 diffamare
1749 3024 2207 3118 presumpsit,
2244 3046 2327 3095 ac
2360 3024 2831 3096 venerabilem
2875 3025 3171 3119 fratrem,
3196 3024 3280 3096 Ο.
3326 3024 3797 3116 Portuensem,

1009 3150 1171 3212 tunc
1209 3143 1440 3213 Sancti
1476 3143 1785 3215 Nicholai
1827 3145 1897 3214 in
1935 3167 2212 3217 carcere
2243 3147 2557 3219 Tulliano
2605 3147 2972 3218 diaconum
3018 3146 3476 3235 cardinalem,
3521 3155 3593 3217 et
3629 3147 3802 3219 bone

1007 3264 1338 3334 memorie
1376 3266 1438 3337 J.
1484 3265 1961 3338 Prenestinum
2000 3271 2397 3364 episcopos,
2432 3270 2825 3365 Apostolice
2876 3270 3073 3342 Sedis
3100 3271 3396 3360 legatos,
3442 3269 3700 3340 nobilia
3743 3277 3807 3340 et

1008 3408 1259 3478 magna
1293 3388 1599 3460 Ecclesie
1637 3390 1943 3462 Romane
1979 3393 2329 3482 membra,
2374 3393 2830 3488 personaliter
2859 3392 3014 3487 capi
3049 3393 3213 3464 fecit
3243 3403 3313 3464 et
3348 3393 3552 3465 bonis
3587 3392 3801 3463 omni·

1005 3510 1137 3582 bus
1171 3510 1499 3605 spoliatos
1532 3533 1615 3583 ac
1647 3535 1772 3608 per
1799 3514 2072 3586 diversa
2114 3518 2264 3588 loca
2301 3537 2440 3588 non
2473 3518 2683 3588 semel
2722 3516 3176 3607 ignominiose
3207 3515 3544 3588 deductos
3578 3535 3801 3587 carce·

1006 3634 1196 3704 ribus
1237 3635 1641 3729 mancipari.
1683 3635 2125 3730 Privilegium
2169 3638 2450 3732 insuper
2486 3639 2675 3731 quod
2717 3638 2922 3710 beato
2958 3639 3159 3709 Petro
3195 3647 3265 3708 et
3304 3638 3804 3709 successoribus

1004 3757 1154 3848 ejus
1190 3758 1260 3827 in
1294 3757 1444 3851 ipso
1482 3758 1763 3830 tradidit
1804 3759 2137 3831 Dominus
2176 3761 2423 3832 Jhesus
2449 3762 2780 3853 Christus,
2810 3760 3137 3833 videlicet
3173 3787 3191 3831 ε
3240 3788 3276 3826 κ
3313 3760 3801 3854 Quodcumque

1005 3880 1325 3972 ligaveris
1346 3901 1555 3975 super
1579 3890 1831 3951 terram
1853 3881 1982 3952 erit
1997 3883 2284 3974 ligatum
2301 3892 2370 3954 et
2397 3883 2466 3954 in
2489 3884 2680 3973 celis,
2708 3892 2777 3955 et
2791 3883 3279 3976 quodcumque
3301 3884 3592 3956 solveris
3607 3903 3806 3977 super

1006 4011 1258 4073 terram
1310 4002 1442 4073 erit
1483 4003 1785 4074 solutum
1836 4014 1906 4074 et
1959 4005 2031 4075 in
2087 4006 2287 4095 celis,
2327 4007 2458 4077 »in
2510 4028 2650 4100 quo
2697 4006 2936 4099 utique
2977 4007 3350 4079 auctoritas
3399 4016 3472 4078 et
3511 4015 3806 4101 potestas

1002 4125 1309 4197 Ecclesie
1331 4127 1639 4197 Romane
1667 4127 2006 4217 consistit,
2038 4149 2164 4223 pro
2197 4128 2460 4200 viribus
2487 4129 2870 4201 diminuere
2891 4130 3006 4199 vel
3034 4129 3163 4224 ipsi
3191 4130 3495 4201 Ecclesie
3522 4129 3805 4200 aufferre

1004 4247 1316 4337 sattegit,
1352 4251 1660 4320 scribens
1692 4272 1765 4322 se
1800 4251 2048 4345 prefati
2075 4252 2385 4342 Gregorii
2417 4252 2842 4323 sentenciam
2877 4273 3019 4323 non
3051 4254 3312 4343 vereri,
3351 4254 3561 4323 latam
3600 4253 3691 4323 ab
3727 4270 3805 4323 eo

1006 4372 1792 4443 excommunicationem
1834 4375 1906 4444 in
1954 4374 2181 4469 ipsum
2222 4396 2365 4447 non
2426 4377 2648 4447 solum
2696 4375 3109 4469 contemptis
3157 4376 3462 4447 Ecclesie
3504 4376 3808 4447 clavibus

1005 4512 1144 4561 non
1185 4494 1559 4584 servando,
1591 4515 1838 4567 verum
1876 4498 2079 4568 etiam
2111 4520 2236 4592 per
2264 4520 2339 4569 se
2368 4519 2449 4569 ac
2477 4499 2804 4569 officiales
2838 4519 2998 4571 suos
3029 4508 3101 4570 et
3135 4498 3322 4568 illam
3366 4509 3437 4569 et
3472 4498 3646 4568 alias
3685 4518 3804 4568 ex·

1003 4614 1640 4687 communicationis
1674 4620 1789 4689 vel
1827 4619 2168 4693 interdicti
2202 4621 2577 4694 sententias
2607 4643 2780 4716 quas
2821 4622 3007 4694 idem
3044 4621 3327 4693 omnino
3372 4619 3803 4715 contempsit,
