<?xml version="1.0" encoding="UTF-8"?>
<!DOCTYPE html PUBLIC "-//W3C//DTD XHTML 1.0 Transitional//EN"
    "http://www.w3.org/TR/xhtml1/DTD/xhtml1-transitional.dtd">
<html xmlns="http://www.w3.org/1999/xhtml" xml:lang="en" lang="en">
 <head>
  <title>
</title>
<meta http-equiv="Content-Type" content="text/html;charset=utf-8" />
  <meta name='ocr-system' content='tesseract 3.04.00' />
  <meta name='ocr-capabilities' content='ocr_page ocr_carea ocr_par ocr_line ocrx_word'/>
</head>
<body>
  <div class='ocr_page' id='page_1' title='image "./historiadiploma00degoog_0200.png"; bbox 0 0 4364 5738; ppageno 0'>
   <div class='ocr_carea' id='block_1_1' title="bbox 637 1861 864 1968">
    <p class='ocr_par' dir='ltr' id='par_1_1' title="bbox 637 1861 864 1968">
     <span class='ocr_line' id='line_1_1' title="bbox 637 1861 864 1968; baseline 0.018 -13"><span class='ocrx_word' id='word_1_1' title='bbox 637 1861 864 1968; x_wconf 50' lang='lat'><strong>4313]</strong></span> 
     </span>
    </p>
   </div>
   <div class='ocr_carea' id='block_1_2' title="bbox 993 572 3799 658">
    <p class='ocr_par' dir='ltr' id='par_1_2' title="bbox 993 572 3799 658">
     <span class='ocr_line' id='line_1_2' title="bbox 993 572 3799 658; baseline 0.004 -24"><span class='ocrx_word' id='word_1_2' title='bbox 993 572 1106 635; x_wconf 82' lang='lat'>186</span> <span class='ocrx_word' id='word_1_3' title='bbox 1759 589 1764 594; x_wconf 91' lang='lat'><strong>·</strong></span> <span class='ocrx_word' id='word_1_4' title='bbox 1982 573 2411 637; x_wconf 69' lang='lat' dir='ltr'>tammum</span> <span class='ocrx_word' id='word_1_5' title='bbox 2462 573 2807 636; x_wconf 70' lang='lat' dir='ltr'>saeuum</span> <span class='ocrx_word' id='word_1_6' title='bbox 3423 581 3587 658; x_wconf 64' lang='lat' dir='ltr'>[An.</span> <span class='ocrx_word' id='word_1_7' title='bbox 3625 583 3799 645; x_wconf 71' lang='lat'>1244.</span> 
     </span>
    </p>
   </div>
   <div class='ocr_carea' id='block_1_3' title="bbox 983 707 3802 1180">
    <p class='ocr_par' dir='ltr' id='par_1_3' title="bbox 983 707 3802 1180">
     <span class='ocr_line' id='line_1_3' title="bbox 986 707 3799 812; baseline 0.004 -34"><span class='ocrx_word' id='word_1_8' title='bbox 986 707 1313 779; x_wconf 83' lang='lat' dir='ltr'>excludet</span> <span class='ocrx_word' id='word_1_9' title='bbox 1357 711 1734 784; x_wconf 86' lang='lat' dir='ltr'>voluntatis</span> <span class='ocrx_word' id='word_1_10' title='bbox 1790 712 2247 785; x_wconf 83' lang='lat' dir='ltr'>contradictio</span> <span class='ocrx_word' id='word_1_11' title='bbox 2311 710 2381 781; x_wconf 94' lang='lat' dir='ltr'>in</span> <span class='ocrx_word' id='word_1_12' title='bbox 2435 710 2693 780; x_wconf 89' lang='lat' dir='ltr'>futuro.</span> <span class='ocrx_word' id='word_1_13' title='bbox 2753 710 2914 800; x_wconf 91' lang='lat' dir='ltr'>Eia,</span> <span class='ocrx_word' id='word_1_14' title='bbox 2973 711 3325 784; x_wconf 79' lang='lat' dir='ltr'>carissime</span> <span class='ocrx_word' id='word_1_15' title='bbox 3374 717 3799 812; x_wconf 80' lang='lat' dir='ltr'>principum,</span> 
     </span>
     <span class='ocr_line' id='line_1_4' title="bbox 986 832 3800 928; baseline 0.004 -26"><span class='ocrx_word' id='word_1_16' title='bbox 986 833 1371 909; x_wconf 88' lang='lat' dir='ltr'>secundum</span> <span class='ocrx_word' id='word_1_17' title='bbox 1414 834 1647 907; x_wconf 86' lang='lat' dir='ltr'>datam</span> <span class='ocrx_word' id='word_1_18' title='bbox 1674 837 1876 908; x_wconf 90' lang='lat' dir='ltr'>vobis</span> <span class='ocrx_word' id='word_1_19' title='bbox 1918 858 1961 907; x_wconf 88' lang='lat' dir='ltr'>a</span> <span class='ocrx_word' id='word_1_20' title='bbox 1996 837 2142 906; x_wconf 90' lang='lat' dir='ltr'>Deo</span> <span class='ocrx_word' id='word_1_21' title='bbox 2189 832 2878 928; x_wconf 83' lang='lat' dir='ltr'>circumspectionem</span> <span class='ocrx_word' id='word_1_22' title='bbox 2915 833 3213 926; x_wconf 78' lang='lat' dir='ltr'>vigiletis</span> <span class='ocrx_word' id='word_1_23' title='bbox 3253 836 3344 908; x_wconf 94' lang='lat' dir='ltr'>ad</span> <span class='ocrx_word' id='word_1_24' title='bbox 3381 859 3800 912; x_wconf 88' lang='lat' dir='ltr'>conservan-</span> 
     </span>
     <span class='ocr_line' id='line_1_5' title="bbox 985 955 3802 1057; baseline 0.002 -26"><span class='ocrx_word' id='word_1_25' title='bbox 985 960 1147 1032; x_wconf 91' lang='lat' dir='ltr'>dam</span> <span class='ocrx_word' id='word_1_26' title='bbox 1194 963 1481 1034; x_wconf 90' lang='lat' dir='ltr'>ecclesie</span> <span class='ocrx_word' id='word_1_27' title='bbox 1513 983 1597 1034; x_wconf 89' lang='lat' dir='ltr'>ac</span> <span class='ocrx_word' id='word_1_28' title='bbox 1640 961 1910 1057; x_wconf 90' lang='lat' dir='ltr'>imperii</span> <span class='ocrx_word' id='word_1_29' title='bbox 1956 960 2310 1031; x_wconf 89' lang='lat' dir='ltr'>unionem.</span> <span class='ocrx_word' id='word_1_30' title='bbox 2363 955 2666 1028; x_wconf 90' lang='lat' dir='ltr'>Servetis</span> <span class='ocrx_word' id='word_1_31' title='bbox 2709 957 2917 1028; x_wconf 80' lang='lat' dir='ltr'>etiarn</span> <span class='ocrx_word' id='word_1_32' title='bbox 2957 959 3251 1053; x_wconf 84' lang='lat' dir='ltr'>posteris</span> <span class='ocrx_word' id='word_1_33' title='bbox 3297 962 3544 1034; x_wconf 89' lang='lat' dir='ltr'>vestris</span> <span class='ocrx_word' id='word_1_34' title='bbox 3588 964 3802 1036; x_wconf 91' lang='lat' dir='ltr'>ubera</span> 
     </span>
     <span class='ocr_line' id='line_1_6' title="bbox 983 1080 3802 1180; baseline 0.001 -25"><span class='ocrx_word' id='word_1_35' title='bbox 983 1108 1120 1178; x_wconf 93' lang='lat' dir='ltr'>que</span> <span class='ocrx_word' id='word_1_36' title='bbox 1149 1086 1462 1172; x_wconf 84' lang='lat' dir='ltr'>suxistis,</span> <span class='ocrx_word' id='word_1_37' title='bbox 1500 1095 1950 1180; x_wconf 80' lang='lat' dir='ltr'>procurantes</span> <span class='ocrx_word' id='word_1_38' title='bbox 1984 1093 2065 1155; x_wconf 91' lang='lat' dir='ltr'>ut</span> <span class='ocrx_word' id='word_1_39' title='bbox 2104 1083 2171 1153; x_wconf 93' lang='lat' dir='ltr'>in</span> <span class='ocrx_word' id='word_1_40' title='bbox 2212 1102 2288 1152; x_wconf 92' lang='lat' dir='ltr'>se</span> <span class='ocrx_word' id='word_1_41' title='bbox 2337 1080 2648 1174; x_wconf 84' lang='lat' dir='ltr'>quiescat</span> <span class='ocrx_word' id='word_1_42' title='bbox 2689 1082 2987 1175; x_wconf 92' lang='lat' dir='ltr'>populus</span> <span class='ocrx_word' id='word_1_43' title='bbox 3016 1081 3431 1155; x_wconf 89' lang='lat' dir='ltr'>christianus</span> <span class='ocrx_word' id='word_1_44' title='bbox 3465 1084 3537 1155; x_wconf 93' lang='lat' dir='ltr'>in</span> <span class='ocrx_word' id='word_1_45' title='bbox 3569 1084 3802 1159; x_wconf 89' lang='lat' dir='ltr'>hostes</span> 
     </span>
    </p>
   </div>
   <div class='ocr_carea' id='block_1_4' title="bbox 985 1208 1643 1282">
    <p class='ocr_par' dir='ltr' id='par_1_4' title="bbox 985 1208 1643 1282">
     <span class='ocr_line' id='line_1_7' title="bbox 985 1208 1643 1282; baseline 0 -2"><span class='ocrx_word' id='word_1_46' title='bbox 985 1208 1146 1281; x_wconf 88' lang='lat' dir='ltr'>fidei</span> <span class='ocrx_word' id='word_1_47' title='bbox 1180 1209 1643 1282; x_wconf 78' lang='lat' dir='ltr'>exercendus,</span> 
     </span>
    </p>
   </div>
   <div class='ocr_carea' id='block_1_5' title="bbox 979 1841 3797 2354">
    <p class='ocr_par' dir='ltr' id='par_1_5' title="bbox 979 1841 3797 2354">
     <span class='ocr_line' id='line_1_8' title="bbox 1092 1841 3793 1955; baseline 0 -30"><span class='ocrx_word' id='word_1_48' title='bbox 1092 1843 1553 1951; x_wconf 78' lang='lat' dir='ltr'>FridericUS,</span> <span class='ocrx_word' id='word_1_49' title='bbox 1611 1841 2132 1924; x_wconf 86' lang='lat' dir='ltr'>Romanorum</span> <span class='ocrx_word' id='word_1_50' title='bbox 2189 1841 2629 1949; x_wconf 88' lang='lat' dir='ltr'>imperator,</span> <span class='ocrx_word' id='word_1_51' title='bbox 2671 1868 2913 1950; x_wconf 91' lang='lat' dir='ltr'>papae</span> <span class='ocrx_word' id='word_1_52' title='bbox 2978 1843 3239 1927; x_wconf 87' lang='lat' dir='ltr'>scribit</span> <span class='ocrx_word' id='word_1_53' title='bbox 3287 1845 3664 1955; x_wconf 91' lang='lat' dir='ltr'>quidquid</span> <span class='ocrx_word' id='word_1_54' title='bbox 3718 1846 3793 1925; x_wconf 93' lang='lat' dir='ltr'>in</span> 
     </span>
     <span class='ocr_line' id='line_1_9' title="bbox 982 1973 3794 2061; baseline -0 -1"><span class='ocrx_word' id='word_1_55' title='bbox 982 1978 1178 2061; x_wconf 89' lang='lat' dir='ltr'>Urbe</span> <span class='ocrx_word' id='word_1_56' title='bbox 1214 1988 1469 2059; x_wconf 88' lang='lat' dir='ltr'>actum</span> <span class='ocrx_word' id='word_1_57' title='bbox 1505 1975 1732 2058; x_wconf 87' lang='lat' dir='ltr'>fuerit</span> <span class='ocrx_word' id='word_1_58' title='bbox 1776 1974 1872 2055; x_wconf 91' lang='lat' dir='ltr'>ad</span> <span class='ocrx_word' id='word_1_59' title='bbox 1919 1973 2410 2057; x_wconf 88' lang='lat' dir='ltr'>concitandos</span> <span class='ocrx_word' id='word_1_60' title='bbox 2446 1974 2830 2057; x_wconf 88' lang='lat' dir='ltr'>Romanos</span> <span class='ocrx_word' id='word_1_61' title='bbox 2865 1975 2947 2056; x_wconf 91' lang='lat' dir='ltr'>in</span> <span class='ocrx_word' id='word_1_62' title='bbox 2983 1975 3475 2061; x_wconf 87' lang='lat' dir='ltr'>offensionem</span> <span class='ocrx_word' id='word_1_63' title='bbox 3522 1978 3794 2061; x_wconf 86' lang='lat' dir='ltr'>Eccle-</span> 
     </span>
     <span class='ocr_line' id='line_1_10' title="bbox 982 2107 3797 2217; baseline 0 -25"><span class='ocrx_word' id='word_1_64' title='bbox 982 2112 1180 2217; x_wconf 83' lang='lat' dir='ltr'>siae,</span> <span class='ocrx_word' id='word_1_65' title='bbox 1242 2119 1506 2192; x_wconf 87' lang='lat' dir='ltr'>contra</span> <span class='ocrx_word' id='word_1_66' title='bbox 1567 2107 2107 2190; x_wconf 86' lang='lat' dir='ltr'>conscientiam</span> <span class='ocrx_word' id='word_1_67' title='bbox 2155 2131 2377 2189; x_wconf 89' lang='lat' dir='ltr'>suam</span> <span class='ocrx_word' id='word_1_68' title='bbox 2428 2131 2474 2187; x_wconf 89' lang='lat' dir='ltr'>a</span> <span class='ocrx_word' id='word_1_69' title='bbox 2518 2107 2856 2215; x_wconf 89' lang='lat' dir='ltr'>quodam</span> <span class='ocrx_word' id='word_1_70' title='bbox 2921 2108 3233 2193; x_wconf 87' lang='lat' dir='ltr'>falsario</span> <span class='ocrx_word' id='word_1_71' title='bbox 3283 2111 3797 2194; x_wconf 87' lang='lat' dir='ltr'>machinatore</span> 
     </span>
     <span class='ocr_line' id='line_1_11' title="bbox 979 2241 2144 2354; baseline -0.005 -28"><span class='ocrx_word' id='word_1_72' title='bbox 979 2243 1360 2354; x_wconf 88' lang='lat' dir='ltr'>nequitiae</span> <span class='ocrx_word' id='word_1_73' title='bbox 1396 2241 1628 2324; x_wconf 88' lang='lat' dir='ltr'>fuisse</span> <span class='ocrx_word' id='word_1_74' title='bbox 1665 2251 2144 2324; x_wconf 88' lang='lat' dir='ltr'>attentatum.</span> 
     </span>
    </p>
   </div>
   <div class='ocr_carea' id='block_1_6' title="bbox 1139 2477 3791 2665">
    <p class='ocr_par' dir='ltr' id='par_1_6' title="bbox 1139 2477 3791 2665">
     <span class='ocr_line' id='line_1_12' title="bbox 1139 2477 3791 2562; baseline 0 -18"><span class='ocrx_word' id='word_1_75' title='bbox 1139 2484 1373 2562; x_wconf 79' lang='lat' dir='ltr'>(Edidit</span> <span class='ocrx_word' id='word_1_76' title='bbox 1399 2483 1667 2557; x_wconf 75' lang='lat' dir='ltr'>Horum,</span> <span class='ocrx_word' id='word_1_77' title='bbox 1699 2480 1909 2542; x_wconf 72' lang='lat' dir='ltr'>Kaiser</span> <span class='ocrx_word' id='word_1_78' title='bbox 1933 2477 2165 2539; x_wconf 78' lang='lat' dir='ltr'>Friedr.</span> <span class='ocrx_word' id='word_1_79' title='bbox 2195 2481 2278 2558; x_wconf 84' lang='lat'>11,</span> <span class='ocrx_word' id='word_1_80' title='bbox 2309 2480 2572 2554; x_wconf 63' lang='lat' dir='ltr'>docum„</span> <span class='ocrx_word' id='word_1_81' title='bbox 2606 2500 2664 2558; x_wconf 88' lang='lat' dir='ltr'>p.</span> <span class='ocrx_word' id='word_1_82' title='bbox 2690 2490 2831 2554; x_wconf 77' lang='grc'>426,</span> <span class='ocrx_word' id='word_1_83' title='bbox 2860 2491 2927 2541; x_wconf 84' lang='lat' dir='ltr'>n⁰</span> <span class='ocrx_word' id='word_1_84' title='bbox 2957 2490 3065 2556; x_wconf 82' lang='lat'>59;</span> <span class='ocrx_word' id='word_1_85' title='bbox 3097 2482 3234 2543; x_wconf 86' lang='lat' dir='ltr'>coll.</span> <span class='ocrx_word' id='word_1_86' title='bbox 3270 2499 3406 2543; x_wconf 89' lang='lat' dir='ltr'>cum</span> <span class='ocrx_word' id='word_1_87' title='bbox 3440 2486 3620 2545; x_wconf 78' lang='lat' dir='ltr'>variis</span> <span class='ocrx_word' id='word_1_88' title='bbox 3647 2484 3791 2545; x_wconf 80' lang='lat' dir='ltr'>bibl.</span> 
     </span>
     <span class='ocr_line' id='line_1_13' title="bbox 1221 2586 2012 2665; baseline -0.004 -16"><span class='ocrx_word' id='word_1_89' title='bbox 1221 2589 1417 2650; x_wconf 78' lang='lat' dir='ltr'>Cesar.</span> <span class='ocrx_word' id='word_1_90' title='bbox 1444 2587 1630 2648; x_wconf 81' lang='lat' dir='ltr'>Paris.</span> <span class='ocrx_word' id='word_1_91' title='bbox 1663 2586 2012 2665; x_wconf 82' lang='lat' dir='ltr'>codicibus.)</span> 
     </span>
    </p>
   </div>
   <div class='ocr_carea' id='block_1_7' title="bbox 970 2798 3797 4754">
    <p class='ocr_par' dir='ltr' id='par_1_7' title="bbox 970 2798 3797 4754">
     <span class='ocr_line' id='line_1_14' title="bbox 1019 2798 3797 2898; baseline -0.001 -22"><span class='ocrx_word' id='word_1_92' title='bbox 1019 2827 1026 2840; x_wconf 65' lang='grc'><strong>“</strong></span> <span class='ocrx_word' id='word_1_93' title='bbox 1074 2802 1459 2876; x_wconf 88' lang='lat' dir='ltr'>Fridericus</span> <span class='ocrx_word' id='word_1_94' title='bbox 1525 2822 1728 2898; x_wconf 89' lang='lat' dir='ltr'>pape.</span> <span class='ocrx_word' id='word_1_95' title='bbox 1789 2800 2088 2874; x_wconf 88' lang='lat' dir='ltr'>Amarus</span> <span class='ocrx_word' id='word_1_96' title='bbox 2150 2822 2377 2897; x_wconf 90' lang='lat' dir='ltr'>nuper</span> <span class='ocrx_word' id='word_1_97' title='bbox 2444 2820 2649 2872; x_wconf 90' lang='lat' dir='ltr'>aures</span> <span class='ocrx_word' id='word_1_98' title='bbox 2711 2798 2803 2872; x_wconf 90' lang='lat' dir='ltr'>ad</span> <span class='ocrx_word' id='word_1_99' title='bbox 2871 2808 3143 2872; x_wconf 89' lang='lat' dir='ltr'>nostras</span> <span class='ocrx_word' id='word_1_100' title='bbox 3207 2801 3498 2874; x_wconf 88' lang='lat' dir='ltr'>accessit</span> <span class='ocrx_word' id='word_1_101' title='bbox 3562 2824 3797 2877; x_wconf 90' lang='lat' dir='ltr'>rumor</span> 
     </span>
     <span class='ocr_line' id='line_1_15' title="bbox 975 2922 3792 3025; baseline 0 -25"><span class='ocrx_word' id='word_1_102' title='bbox 975 2950 1102 3025; x_wconf 91' lang='lat' dir='ltr'>per</span> <span class='ocrx_word' id='word_1_103' title='bbox 1138 2979 1481 2998; x_wconf 91' lang='grc'><strong>.....</strong></span> <span class='ocrx_word' id='word_1_104' title='bbox 1520 2925 1832 3018; x_wconf 86' lang='lat' dir='ltr'>judicem</span> <span class='ocrx_word' id='word_1_105' title='bbox 1877 2925 2201 2996; x_wconf 92' lang='lat' dir='ltr'>nuntium</span> <span class='ocrx_word' id='word_1_106' title='bbox 2250 2933 2566 2997; x_wconf 88' lang='lat' dir='ltr'>nostrum</span> <span class='ocrx_word' id='word_1_107' title='bbox 2619 2922 3031 2996; x_wconf 91' lang='lat' dir='ltr'>redeuntem</span> <span class='ocrx_word' id='word_1_108' title='bbox 3077 2945 3122 2996; x_wconf 89' lang='lat' dir='ltr'>a</span> <span class='ocrx_word' id='word_1_109' title='bbox 3165 2935 3398 2997; x_wconf 88' lang='lat' dir='ltr'>vestra</span> <span class='ocrx_word' id='word_1_110' title='bbox 3446 2928 3792 3021; x_wconf 88' lang='lat' dir='ltr'>presentia</span> 
     </span>
     <span class='ocr_line' id='line_1_16' title="bbox 975 3045 3789 3145; baseline -0 -22"><span class='ocrx_word' id='word_1_111' title='bbox 975 3052 1165 3145; x_wconf 90' lang='lat' dir='ltr'>quod</span> <span class='ocrx_word' id='word_1_112' title='bbox 1197 3049 1479 3144; x_wconf 90' lang='lat' dir='ltr'>quidam</span> <span class='ocrx_word' id='word_1_113' title='bbox 1517 3048 1945 3119; x_wconf 89' lang='lat' dir='ltr'>machinator</span> <span class='ocrx_word' id='word_1_114' title='bbox 1983 3048 2329 3141; x_wconf 89' lang='lat' dir='ltr'>nequitie,</span> <span class='ocrx_word' id='word_1_115' title='bbox 2374 3045 2524 3119; x_wconf 90' lang='lat' dir='ltr'>veri</span> <span class='ocrx_word' id='word_1_116' title='bbox 2555 3047 2905 3138; x_wconf 89' lang='lat' dir='ltr'>falsarius,</span> <span class='ocrx_word' id='word_1_117' title='bbox 2950 3047 3090 3120; x_wconf 92' lang='lat' dir='ltr'>doli</span> <span class='ocrx_word' id='word_1_118' title='bbox 3128 3050 3412 3143; x_wconf 87' lang='lat' dir='ltr'>vulpes,</span> <span class='ocrx_word' id='word_1_119' title='bbox 3444 3059 3524 3121; x_wconf 91' lang='lat' dir='ltr'>ut</span> <span class='ocrx_word' id='word_1_120' title='bbox 3556 3052 3789 3143; x_wconf 91' lang='lat' dir='ltr'>vobis,</span> 
     </span>
     <span class='ocr_line' id='line_1_17' title="bbox 976 3170 3793 3267; baseline -0 -20"><span class='ocrx_word' id='word_1_121' title='bbox 976 3174 1402 3247; x_wconf 89' lang='lat' dir='ltr'>sanctissime</span> <span class='ocrx_word' id='word_1_122' title='bbox 1448 3183 1647 3267; x_wconf 91' lang='lat' dir='ltr'>pater</span> <span class='ocrx_word' id='word_1_123' title='bbox 1686 3180 1945 3262; x_wconf 89' lang='lat' dir='ltr'>noster,</span> <span class='ocrx_word' id='word_1_124' title='bbox 1988 3172 2374 3264; x_wconf 87' lang='lat' dir='ltr'>vestrisque</span> <span class='ocrx_word' id='word_1_125' title='bbox 2425 3171 2753 3242; x_wconf 87' lang='lat' dir='ltr'>fratribus</span> <span class='ocrx_word' id='word_1_126' title='bbox 2802 3170 3101 3243; x_wconf 92' lang='lat' dir='ltr'>dominis</span> <span class='ocrx_word' id='word_1_127' title='bbox 3151 3172 3620 3246; x_wconf 85' lang='lat' dir='ltr'>cardinalibus</span> <span class='ocrx_word' id='word_1_128' title='bbox 3667 3195 3793 3246; x_wconf 91' lang='lat' dir='ltr'>nos</span> 
     </span>
     <span class='ocr_line' id='line_1_18' title="bbox 973 3293 3793 3371; baseline 0 -1"><span class='ocrx_word' id='word_1_129' title='bbox 973 3308 1281 3371; x_wconf 90' lang='lat' dir='ltr'>vestrum</span> <span class='ocrx_word' id='word_1_130' title='bbox 1313 3296 1835 3368; x_wconf 90' lang='lat' dir='ltr'>devotissimum</span> <span class='ocrx_word' id='word_1_131' title='bbox 1883 3294 2100 3366; x_wconf 86' lang='lat' dir='ltr'>filium</span> <span class='ocrx_word' id='word_1_132' title='bbox 2143 3293 2304 3366; x_wconf 87' lang='lat' dir='ltr'>ficta</span> <span class='ocrx_word' id='word_1_133' title='bbox 2349 3295 2594 3366; x_wconf 89' lang='lat' dir='ltr'>fraude</span> <span class='ocrx_word' id='word_1_134' title='bbox 2626 3293 2951 3366; x_wconf 90' lang='lat' dir='ltr'>redderet</span> <span class='ocrx_word' id='word_1_135' title='bbox 2990 3295 3309 3367; x_wconf 91' lang='lat' dir='ltr'>odiosum</span> <span class='ocrx_word' id='word_1_136' title='bbox 3351 3306 3422 3367; x_wconf 90' lang='lat' dir='ltr'>et</span> <span class='ocrx_word' id='word_1_137' title='bbox 3452 3297 3635 3369; x_wconf 90' lang='lat' dir='ltr'>inter</span> <span class='ocrx_word' id='word_1_138' title='bbox 3667 3320 3793 3370; x_wconf 93' lang='lat' dir='ltr'>nos</span> 
     </span>
     <span class='ocr_line' id='line_1_19' title="bbox 972 3418 3794 3516; baseline -0 -22"><span class='ocrx_word' id='word_1_139' title='bbox 972 3423 1117 3496; x_wconf 93' lang='lat' dir='ltr'>odii</span> <span class='ocrx_word' id='word_1_140' title='bbox 1157 3442 1505 3493; x_wconf 88' lang='lat' dir='ltr'>venenum</span> <span class='ocrx_word' id='word_1_141' title='bbox 1556 3429 1957 3514; x_wconf 81' lang='lat' dir='ltr'>aspergeret</span> <span class='ocrx_word' id='word_1_142' title='bbox 2014 3429 2086 3490; x_wconf 87' lang='lat' dir='ltr'>et</span> <span class='ocrx_word' id='word_1_143' title='bbox 2130 3418 2439 3512; x_wconf 86' lang='lat' dir='ltr'>scandali</span> <span class='ocrx_word' id='word_1_144' title='bbox 2486 3418 2750 3490; x_wconf 92' lang='lat' dir='ltr'>lollium</span> <span class='ocrx_word' id='word_1_145' title='bbox 2800 3419 3209 3507; x_wconf 90' lang='lat' dir='ltr'>seminaret,</span> <span class='ocrx_word' id='word_1_146' title='bbox 3255 3421 3530 3515; x_wconf 83' lang='lat' dir='ltr'>placere</span> <span class='ocrx_word' id='word_1_147' title='bbox 3585 3444 3794 3516; x_wconf 92' lang='lat' dir='ltr'>super</span> 
     </span>
     <span class='ocr_line' id='line_1_20' title="bbox 971 3538 3791 3640; baseline 0 -23"><span class='ocrx_word' id='word_1_148' title='bbox 971 3546 1104 3619; x_wconf 88' lang='lat' dir='ltr'>hec</span> <span class='ocrx_word' id='word_1_149' title='bbox 1135 3545 1336 3618; x_wconf 89' lang='lat' dir='ltr'>nobis</span> <span class='ocrx_word' id='word_1_150' title='bbox 1377 3542 1551 3640; x_wconf 92' lang='lat' dir='ltr'>proh</span> <span class='ocrx_word' id='word_1_151' title='bbox 1588 3538 1820 3615; x_wconf 81' lang='lat' dir='ltr'>dolori</span> <span class='ocrx_word' id='word_1_152' title='bbox 1865 3542 2275 3634; x_wconf 80' lang='lat' dir='ltr'>arbitratuS,</span> <span class='ocrx_word' id='word_1_153' title='bbox 2307 3542 2649 3635; x_wconf 91' lang='lat' dir='ltr'>quasdam</span> <span class='ocrx_word' id='word_1_154' title='bbox 2688 3542 2951 3614; x_wconf 88' lang='lat' dir='ltr'>litteras</span> <span class='ocrx_word' id='word_1_155' title='bbox 2986 3542 3339 3615; x_wconf 91' lang='lat' dir='ltr'>adulteras</span> <span class='ocrx_word' id='word_1_156' title='bbox 3378 3544 3447 3615; x_wconf 94' lang='lat' dir='ltr'>in</span> <span class='ocrx_word' id='word_1_157' title='bbox 3486 3559 3791 3617; x_wconf 90' lang='lat' dir='ltr'>nostram</span> 
     </span>
     <span class='ocr_line' id='line_1_21' title="bbox 970 3665 3790 3761; baseline 0 -20"><span class='ocrx_word' id='word_1_158' title='bbox 970 3669 1324 3741; x_wconf 82' lang='lat' dir='ltr'>infamiam</span> <span class='ocrx_word' id='word_1_159' title='bbox 1367 3665 1763 3754; x_wconf 89' lang='lat' dir='ltr'>fabricavit;</span> <span class='ocrx_word' id='word_1_160' title='bbox 1809 3687 1939 3761; x_wconf 92' lang='lat' dir='ltr'>per</span> <span class='ocrx_word' id='word_1_161' title='bbox 1975 3687 2151 3759; x_wconf 91' lang='lat' dir='ltr'>quas</span> <span class='ocrx_word' id='word_1_162' title='bbox 2189 3665 2264 3736; x_wconf 90' lang='lat' dir='ltr'>in</span> <span class='ocrx_word' id='word_1_163' title='bbox 2310 3666 2754 3738; x_wconf 80' lang='lat' dir='ltr'>offensionem</span> <span class='ocrx_word' id='word_1_164' title='bbox 2787 3675 3091 3738; x_wconf 86' lang='lat' dir='ltr'>vestram</span> <span class='ocrx_word' id='word_1_165' title='bbox 3135 3668 3482 3739; x_wconf 88' lang='lat' dir='ltr'>Romanos</span> <span class='ocrx_word' id='word_1_166' title='bbox 3520 3690 3790 3742; x_wconf 90' lang='lat' dir='ltr'>armare</span> 
     </span>
     <span class='ocr_line' id='line_1_22' title="bbox 970 3790 3790 3889; baseline -0 -23"><span class='ocrx_word' id='word_1_167' title='bbox 970 3793 1272 3866; x_wconf 88' lang='lat' dir='ltr'>consiliis</span> <span class='ocrx_word' id='word_1_168' title='bbox 1306 3802 1377 3864; x_wconf 90' lang='lat' dir='ltr'>et</span> <span class='ocrx_word' id='word_1_169' title='bbox 1418 3791 1697 3863; x_wconf 81' lang='lat' dir='ltr'>auxiliis</span> <span class='ocrx_word' id='word_1_170' title='bbox 1738 3790 2226 3885; x_wconf 80' lang='lat' dir='ltr'>pingebamur,</span> <span class='ocrx_word' id='word_1_171' title='bbox 2276 3790 2365 3862; x_wconf 89' lang='lat' dir='ltr'>de</span> <span class='ocrx_word' id='word_1_172' title='bbox 2406 3790 2824 3886; x_wconf 90' lang='lat' dir='ltr'>quibusdam</span> <span class='ocrx_word' id='word_1_173' title='bbox 2867 3791 3114 3864; x_wconf 90' lang='lat' dir='ltr'>litteris</span> <span class='ocrx_word' id='word_1_174' title='bbox 3148 3792 3401 3864; x_wconf 90' lang='lat' dir='ltr'>nostris</span> <span class='ocrx_word' id='word_1_175' title='bbox 3443 3814 3619 3885; x_wconf 91' lang='lat' dir='ltr'>quas</span> <span class='ocrx_word' id='word_1_176' title='bbox 3663 3815 3790 3889; x_wconf 91' lang='lat' dir='ltr'>pro</span> 
     </span>
     <span class='ocr_line' id='line_1_23' title="bbox 972 3911 3788 4013; baseline -0 -24"><span class='ocrx_word' id='word_1_177' title='bbox 972 3939 1215 3989; x_wconf 89' lang='lat' dir='ltr'>securo</span> <span class='ocrx_word' id='word_1_178' title='bbox 1247 3915 1598 3988; x_wconf 87' lang='lat' dir='ltr'>conductu</span> <span class='ocrx_word' id='word_1_179' title='bbox 1641 3913 1822 4013; x_wconf 10' lang='lat' dir='ltr'>licet*</span> <span class='ocrx_word' id='word_1_180' title='bbox 1845 3913 1914 3983; x_wconf 92' lang='lat' dir='ltr'>in</span> <span class='ocrx_word' id='word_1_181' title='bbox 1963 3933 2048 3984; x_wconf 94' lang='lat' dir='ltr'>eo</span> <span class='ocrx_word' id='word_1_182' title='bbox 2090 3911 2426 3984; x_wconf 89' lang='lat' dir='ltr'>defecerit</span> <span class='ocrx_word' id='word_1_183' title='bbox 2465 3911 2694 3984; x_wconf 89' lang='lat' dir='ltr'>eidem</span> <span class='ocrx_word' id='word_1_184' title='bbox 2719 3912 2938 4004; x_wconf 89' lang='lat' dir='ltr'>judici</span> <span class='ocrx_word' id='word_1_185' title='bbox 2978 3913 3427 4004; x_wconf 88' lang='lat' dir='ltr'>dederamus,</span> <span class='ocrx_word' id='word_1_186' title='bbox 3481 3924 3788 4011; x_wconf 91' lang='lat' dir='ltr'>tempore</span> 
     </span>
     <span class='ocr_line' id='line_1_24' title="bbox 971 4036 3785 4135; baseline 0 -22"><span class='ocrx_word' id='word_1_187' title='bbox 971 4040 1455 4135; x_wconf 86' lang='lat' dir='ltr'>captivationis</span> <span class='ocrx_word' id='word_1_188' title='bbox 1485 4037 1837 4131; x_wconf 89' lang='lat' dir='ltr'>ejusdem,</span> <span class='ocrx_word' id='word_1_189' title='bbox 1879 4045 2112 4108; x_wconf 90' lang='lat' dir='ltr'>amoto</span> <span class='ocrx_word' id='word_1_190' title='bbox 2154 4036 2379 4128; x_wconf 79' lang='lat' dir='ltr'>sigillo</span> <span class='ocrx_word' id='word_1_191' title='bbox 2416 4036 2754 4109; x_wconf 81' lang='lat' dir='ltr'>fallaciter</span> <span class='ocrx_word' id='word_1_192' title='bbox 2794 4047 2866 4108; x_wconf 91' lang='lat' dir='ltr'>et</span> <span class='ocrx_word' id='word_1_193' title='bbox 2895 4038 2965 4108; x_wconf 95' lang='lat' dir='ltr'>in</span> <span class='ocrx_word' id='word_1_194' title='bbox 3011 4038 3110 4110; x_wconf 91' lang='lat' dir='ltr'>eis</span> <span class='ocrx_word' id='word_1_195' title='bbox 3148 4039 3466 4133; x_wconf 89' lang='lat' dir='ltr'>apposito</span> <span class='ocrx_word' id='word_1_196' title='bbox 3501 4041 3785 4113; x_wconf 88' lang='lat' dir='ltr'>fraudu-</span> 
     </span>
     <span class='ocr_line' id='line_1_25' title="bbox 972 4160 3787 4261; baseline 0.001 -25"><span class='ocrx_word' id='word_1_197' title='bbox 972 4167 1221 4257; x_wconf 89' lang='lat' dir='ltr'>lenter,</span> <span class='ocrx_word' id='word_1_198' title='bbox 1256 4175 1338 4236; x_wconf 93' lang='lat' dir='ltr'>ut</span> <span class='ocrx_word' id='word_1_199' title='bbox 1366 4164 1535 4236; x_wconf 91' lang='lat' dir='ltr'>dum</span> <span class='ocrx_word' id='word_1_200' title='bbox 1570 4163 1957 4235; x_wconf 86' lang='lat' dir='ltr'>litterarum</span> <span class='ocrx_word' id='word_1_201' title='bbox 1995 4171 2390 4232; x_wconf 86' lang='lat' dir='ltr'>nostrarum</span> <span class='ocrx_word' id='word_1_202' title='bbox 2428 4160 2727 4253; x_wconf 78' lang='lat' dir='ltr'>effigiem</span> <span class='ocrx_word' id='word_1_203' title='bbox 2758 4161 3078 4233; x_wconf 90' lang='lat' dir='ltr'>subtilius</span> <span class='ocrx_word' id='word_1_204' title='bbox 3123 4163 3605 4257; x_wconf 87' lang='lat' dir='ltr'>mentirentur,</span> <span class='ocrx_word' id='word_1_205' title='bbox 3641 4166 3787 4261; x_wconf 86' lang='lat' dir='ltr'>ipse</span> 
     </span>
     <span class='ocr_line' id='line_1_26' title="bbox 971 4284 3788 4383; baseline 0.001 -25"><span class='ocrx_word' id='word_1_206' title='bbox 971 4288 1456 4359; x_wconf 86' lang='lat' dir='ltr'>subinvolutus</span> <span class='ocrx_word' id='word_1_207' title='bbox 1490 4287 1607 4358; x_wconf 89' lang='lat' dir='ltr'>tali</span> <span class='ocrx_word' id='word_1_208' title='bbox 1640 4284 2057 4381; x_wconf 89' lang='lat' dir='ltr'>sophismate</span> <span class='ocrx_word' id='word_1_209' title='bbox 2090 4305 2492 4380; x_wconf 85' lang='lat' dir='ltr'>perversam</span> <span class='ocrx_word' id='word_1_210' title='bbox 2521 4294 2871 4356; x_wconf 88' lang='lat' dir='ltr'>monetam</span> <span class='ocrx_word' id='word_1_211' title='bbox 2902 4286 3334 4380; x_wconf 85' lang='lat' dir='ltr'>expenderet</span> <span class='ocrx_word' id='word_1_212' title='bbox 3357 4296 3428 4358; x_wconf 89' lang='lat' dir='ltr'>et</span> <span class='ocrx_word' id='word_1_213' title='bbox 3452 4290 3788 4383; x_wconf 80' lang='lat' dir='ltr'>preferret</span> 
     </span>
     <span class='ocr_line' id='line_1_27' title="bbox 971 4409 3784 4506; baseline 0.001 -24"><span class='ocrx_word' id='word_1_214' title='bbox 971 4410 1414 4482; x_wconf 91' lang='lat' dir='ltr'>mendacium</span> <span class='ocrx_word' id='word_1_215' title='bbox 1448 4409 1748 4482; x_wconf 88' lang='lat' dir='ltr'>veritati.</span> <span class='ocrx_word' id='word_1_216' title='bbox 1791 4410 1891 4481; x_wconf 89' lang='lat' dir='ltr'>De</span> <span class='ocrx_word' id='word_1_217' title='bbox 1929 4430 2071 4504; x_wconf 92' lang='lat' dir='ltr'>quo</span> <span class='ocrx_word' id='word_1_218' title='bbox 2104 4409 2425 4481; x_wconf 90' lang='lat' dir='ltr'>turbatus</span> <span class='ocrx_word' id='word_1_219' title='bbox 2450 4418 2556 4480; x_wconf 89' lang='lat' dir='ltr'>est</span> <span class='ocrx_word' id='word_1_220' title='bbox 2590 4418 2827 4481; x_wconf 91' lang='lat' dir='ltr'>noster</span> <span class='ocrx_word' id='word_1_221' title='bbox 2857 4409 3140 4504; x_wconf 88' lang='lat' dir='ltr'>spiritus</span> <span class='ocrx_word' id='word_1_222' title='bbox 3167 4420 3240 4481; x_wconf 92' lang='lat' dir='ltr'>et</span> <span class='ocrx_word' id='word_1_223' title='bbox 3273 4412 3537 4506; x_wconf 90' lang='lat' dir='ltr'>stupuit</span> <span class='ocrx_word' id='word_1_224' title='bbox 3569 4412 3784 4485; x_wconf 89' lang='lat' dir='ltr'>vehe-</span> 
     </span>
     <span class='ocr_line' id='line_1_28' title="bbox 971 4531 3784 4631; baseline 0.001 -25"><span class='ocrx_word' id='word_1_225' title='bbox 971 4542 1269 4623; x_wconf 86' lang='lat' dir='ltr'>menter,</span> <span class='ocrx_word' id='word_1_226' title='bbox 1303 4552 1464 4603; x_wconf 91' lang='lat' dir='ltr'>cum</span> <span class='ocrx_word' id='word_1_227' title='bbox 1500 4532 1873 4605; x_wconf 91' lang='lat' dir='ltr'>Dominum</span> <span class='ocrx_word' id='word_1_228' title='bbox 1919 4541 2253 4604; x_wconf 83' lang='lat' dir='ltr'>testamur</span> <span class='ocrx_word' id='word_1_229' title='bbox 2297 4531 2417 4625; x_wconf 90' lang='lat' dir='ltr'>qui</span> <span class='ocrx_word' id='word_1_230' title='bbox 2448 4531 2663 4604; x_wconf 87' lang='lat' dir='ltr'>corda</span> <span class='ocrx_word' id='word_1_231' title='bbox 2697 4542 3045 4604; x_wconf 89' lang='lat' dir='ltr'>scrutatur</span> <span class='ocrx_word' id='word_1_232' title='bbox 3082 4534 3427 4627; x_wconf 90' lang='lat' dir='ltr'>omnium,</span> <span class='ocrx_word' id='word_1_233' title='bbox 3473 4557 3602 4631; x_wconf 91' lang='lat' dir='ltr'>per</span> <span class='ocrx_word' id='word_1_234' title='bbox 3635 4538 3784 4629; x_wconf 86' lang='lat' dir='ltr'>ejus</span> 
     </span>
     <span class='ocr_line' id='line_1_29' title="bbox 972 4656 3782 4754; baseline 0 -24"><span class='ocrx_word' id='word_1_235' title='bbox 972 4656 1173 4730; x_wconf 89' lang='lat' dir='ltr'>vobis</span> <span class='ocrx_word' id='word_1_236' title='bbox 1208 4658 1526 4749; x_wconf 61' lang='lat' dir='ltr'>⁸iurantes</span> <span class='ocrx_word' id='word_1_237' title='bbox 1569 4677 1829 4727; x_wconf 91' lang='lat' dir='ltr'>numen</span> <span class='ocrx_word' id='word_1_238' title='bbox 1852 4708 1872 4746; x_wconf 96' lang='lat'>,</span> <span class='ocrx_word' id='word_1_239' title='bbox 1918 4677 2276 4750; x_wconf 91' lang='lat' dir='ltr'>nunquam</span> <span class='ocrx_word' id='word_1_240' title='bbox 2321 4656 2691 4728; x_wconf 89' lang='lat' dir='ltr'>accesserit</span> <span class='ocrx_word' id='word_1_241' title='bbox 2729 4656 2821 4728; x_wconf 91' lang='lat' dir='ltr'>ad</span> <span class='ocrx_word' id='word_1_242' title='bbox 2863 4678 2986 4729; x_wconf 88' lang='lat' dir='ltr'>cor</span> <span class='ocrx_word' id='word_1_243' title='bbox 3022 4668 3371 4750; x_wconf 90' lang='lat' dir='ltr'>nostrum,</span> <span class='ocrx_word' id='word_1_244' title='bbox 3422 4681 3782 4754; x_wconf 88' lang='lat' dir='ltr'>nunquam</span> 
     </span>
    </p>
   </div>
  </div>
 </body>
</html>
