4364 5738
904 579 1027 647 278
1901 576 2336 640 rameruci
2383 574 2730 639 saeuum
3335 570 3497 654 [An.
3533 571 3712 632 1245.

2279 768 2332 837 Ι.

1068 944 1273 1024 (Edtd.
1298 943 1575 1016 Horm,
1603 942 1854 1023 Regiam
1876 938 2099 1022 epistol.
2128 938 2441 1004 Athea-eido
2469 938 2706 1016 Belum,
2735 957 2837 1019 ap.
2867 933 3133 999 Bibuotll.
3165 933 3263 996 aa
3289 930 3444 996 lim.
3482 934 3722 994 Vereins

1141 1052 1208 1110 in
1235 1053 1548 1130 Stuttqart,
1577 1056 1627 1109 t.
1647 1049 1784 1111 XVI
1801 1093 1820 1127 ,
1850 1049 2095 1125 parslI,
2115 1065 2179 1126 p.
2212 1056 2281 1108 61
2308 1055 2367 1108 et
2384 1065 2551 1126 seqq.
2584 1046 2886 1123 Quaedam
2917 1045 2995 1105 ad
3019 1050 3206 1104 artem
3234 1041 3581 1101 rhetoricam
3609 1056 3712 1118 po-

1142 1160 1263 1217 tius
1290 1158 1641 1216 concinnata
1668 1170 1847 1232 quam
1877 1154 1954 1213 ad
1977 1154 2284 1214 historiam
2311 1156 2636 1233 spectantia
2660 1170 2840 1214 cansa
2869 1152 3173 1212 brevitatis
3200 1149 3675 1225 suppressimus.)

1002 1344 1208 1415 Juxta
1252 1341 1653 1413 vaticinium
1702 1340 1908 1430 Isaie,
1963 1339 2035 1409 in
2088 1348 2399 1434 tempore
2442 1337 2690 1412 Christi
2742 1349 2816 1411 et
2859 1337 3165 1410 Ecclesia
3213 1332 3720 1431 pronuntiantis

907 1463 1296 1552 oraculum,
1336 1461 1548 1533 debet
1579 1482 1842 1555 ponere
1875 1460 2123 1532 Christi
2165 1482 2420 1555 sponsa
2452 1462 2524 1532 in
2557 1461 2869 1556 pondere
2897 1459 3241 1553 judicium
3278 1468 3351 1529 et
3381 1456 3717 1549 justitiam

908 1587 980 1657 in
1009 1607 1360 1675 mensura,
1383 1597 1462 1657 ut
1487 1584 1869 1656 secundum
1901 1585 2304 1678 qualitatem
2339 1585 2592 1681 piaculi
2624 1596 2697 1657 et
2722 1583 3026 1657 criminis
3055 1583 3510 1677 quantitatem
3542 1599 3720 1675 pena

911 1710 1114 1805 culpe
1163 1708 1582 1803 respondeat
1625 1718 1696 1780 et
1731 1707 2230 1779 amaritudines
2274 1709 2559 1781 ultionis
2608 1708 3029 1780 misceantur
3076 1707 3146 1777 in
3192 1707 3444 1801 poculo
3496 1713 3718 1775 trans-

911 1832 1205 1925 gressori
1229 1886 1248 1921 ,
1291 1843 1498 1928 prout
1533 1831 1868 1927 penitudo
1906 1832 2016 1902 vel
2059 1831 2316 1903 duritia
2357 1832 2672 1924 exegerit
2708 1829 3198 1923 delinquentis.
3241 1828 3541 1901 Primum
3570 1829 3723 1919 jus-

916 1955 1154 2027 tificari
1205 1976 1345 2025 non
1393 1954 1604 2026 debet
1656 1954 1908 2049 impius
1955 1954 2371 2049 impenitens
2423 1955 2817 2026 interventu
2870 1955 3166 2045 alicujus
3213 1950 3557 2024 commodi
3607 1950 3718 2022 vel

913 2077 1330 2151 incommodi
1380 2077 1810 2173 temporalis,
1855 2078 2021 2170 quin
2065 2098 2361 2173 peccans
2400 2078 2677 2172 publice
2720 2098 2952 2149 coram
2996 2076 3321 2148 omnibus
3362 2081 3718 2165 arguatur.

920 2253 2155 2273 ................
2217 2200 2576 2295 Siquidem
2610 2202 2933 2296 princeps
2977 2198 3394 2294 tyrannidis,
3444 2216 3723 2269 eversor

818 2384 821 2389 .
915 2326 1359 2399 ecclesiastici
1387 2324 1730 2417 dogmatis
1770 2334 1981 2417 atque
2018 2326 2282 2415 cultus,
2322 2326 2638 2397 inversor
2673 2323 2862 2413 fidei,
2904 2323 3332 2395 crudelitatis
3366 2321 3717 2413 magister,

913 2449 1313 2520 immutator
1343 2449 1595 2535 seculi,
1632 2447 1998 2541 dissipator
2028 2447 2216 2518 orbis
2257 2459 2328 2519 et
2374 2457 2554 2519 terre
2596 2449 2886 2519 malleus
2936 2447 3295 2535 universe,
3331 2444 3498 2516 dnm
3541 2452 3723 2514 esset

915 2572 1294 2643 infantulus
1321 2578 1390 2641 et
1415 2570 1698 2640 orbatus
1723 2570 2161 2664 parentibus,
2192 2571 2493 2641 Ecclesie
2526 2571 2819 2662 genibus
2855 2580 2960 2641 est
2998 2578 3395 2664 susceptuS,
3431 2568 3723 2638 lactatus

914 2692 1271 2780 uberibus,
1310 2692 1637 2781 nutritus,
1673 2692 1881 2763 alitus
1909 2702 1978 2762 et
2010 2714 2166 2763 cum
2200 2714 2326 2764 suo
2357 2714 2573 2784 regno
2606 2716 2730 2787 per
2764 2693 3149 2764 cardinales
3181 2676 3416 2785 plures
3442 2688 3725 2761 alternis

914 2816 1184 2888 vicibus
1217 2815 1629 2906 custoditus,
1667 2824 1739 2887 et
1781 2815 2057 2889 tandem
2091 2838 2217 2912 pre
2254 2817 2406 2889 aliis
2445 2816 2687 2888 mundi
2723 2815 3148 2913 principibus
3187 2836 3316 2911 per
3351 2813 3724 2886 Ecclesiam

917 2940 1008 3012 ad
1062 2939 1330 3034 imperii
1375 2938 1854 3011 celsitudinem
1900 2949 1973 3010 et
2011 2961 2380 3032 regnorum
2421 2940 2713 3033 gloriam
2759 2941 3194 3011 sublimatuS.
3231 2939 3489 3009 Verum
3529 2937 3725 3032 qnasi

918 3061 1093 3132 alter
1130 3060 1400 3132 Cherub
1447 3072 1518 3132 et
1555 3084 1695 3132 non
1731 3060 1995 3156 Seraph
2028 3063 2250 3133 factus
2290 3073 2396 3133 est
2438 3062 2869 3155 signaculum
2914 3051 3378 3134 similitudinis
3424 3058 3548 3132 filii
3595 3060 3723 3132 Be-

919 3182 1120 3252 lialis.
1157 3183 1464 3275 Cumque
1496 3182 1612 3253 ille
1640 3206 1715 3255 se
1749 3184 2037 3255 vidisset
2066 3184 2395 3256 amictum
2431 3186 2576 3257 sole
2604 3186 2968 3278 singularis
2994 3185 3239 3277 glorie,
3281 3184 3466 3280 cepit
3495 3185 3727 3255 lunam

918 3304 1213 3399 pedibus
1263 3306 1668 3377 conculcare
1708 3327 1748 3377 a
1781 3328 1920 3401 qua
1954 3307 2273 3380 confotus
2309 3309 2534 3382 fuerat
2569 3322 2640 3381 et
2676 3318 3069 3405 promotuS,
3111 3309 3349 3403 sicque
3395 3306 3727 3402 paulatim

920 3427 1147 3521 erupit
1182 3428 1254 3497 in
1292 3428 1638 3518 regulum,
1677 3430 1870 3525 prius
1896 3430 2177 3502 ordiens
2209 3442 2288 3504 ut
2322 3433 2608 3505 coluber
2641 3454 2726 3505 ac
2756 3433 3010 3505 deinde
3042 3431 3264 3525 reguli
3297 3452 3569 3502 venena
3597 3429 3730 3501 dit-

918 3551 1240 3623 fundenS.
1287 3553 1461 3622 Nam
1513 3552 1582 3621 in
1634 3553 2120 3625 contumeliam
2170 3556 2518 3650 publicam
2576 3556 2961 3651 procaciter
3015 3556 3254 3648 ligium
3298 3555 3604 3641 solvenS,
3653 3551 3729 3625 in

918 3674 1425 3766 sugillationem
1490 3676 1670 3746 same
1726 3676 1942 3747 felicis
2005 3679 2337 3751 memorie
2412 3679 2673 3753 domini
2735 3678 3046 3772 Gregorii
3108 3700 3296 3775 pape
3346 3676 3558 3765 noni,
3621 3675 3731 3750 sui

918 3798 1179 3870 domini
1222 3799 1652 3893 temporalis,
1691 3800 1909 3870 multa
1959 3801 2270 3874 enormia
2316 3812 2396 3873 et·
2419 3801 2719 3874 nefanda
2752 3803 3005 3897 sparsis
3037 3823 3163 3897 per
3199 3800 3440 3874 orbem
3487 3797 3733 3874 litteris

917 3923 1268 3994 effundere
1300 3945 1440 3994 non
1482 3923 1794 4018 expavit,
1824 3946 1960 4017 que
1994 3925 2426 4020 presentibus
2456 3935 2828 3997 annectere
2853 3926 2943 3997 ab
2971 3925 3223 4018 injuria
3252 3944 3393 3995 non
3420 3929 3728 3996 vacaret.

918 4045 1070 4140 lpse
1112 4046 1298 4118 enim
1341 4047 1784 4118 rememorari
1831 4047 2054 4118 noluit
2096 4048 2288 4139 quod
2335 4048 2601 4121 dudum
2653 4070 2781 4143 pro
2830 4070 3049 4142 regno
3094 4048 3321 4120 Sicilie
3370 4055 3442 4122 et
3483 4043 3733 4140 Apulis

917 4167 1132 4239 felicis
1159 4170 1657 4242 recordationis
1687 4169 1971 4242 domino
2002 4171 2406 4243 Innocentio
2436 4193 2616 4267 pape
2655 4171 2857 4244 tertio
2888 4193 3020 4267 pro
3049 4193 3128 4243 se
3160 4192 3246 4243 ac
3283 4169 3426 4243 suis
3459 4187 3733 4242 sncces-

918 4290 1187 4360 soribus
1227 4293 1699 4380 juramentum
1743 4290 2094 4365 fidelitatis
2144 4293 2466 4366 exhibuit
2508 4306 2578 4367 et
2630 4296 2869 4387 ligium
2914 4294 3311 4387 homagium
3359 4292 3490 4364 sibi
3542 4290 3729 4364 fecit.

918 4411 1383 4483 Comminatus
1427 4423 1533 4485 est
1567 4415 1774 4486 etiam
1812 4437 1938 4511 per
1967 4438 2127 4488 suas
2158 4418 2418 4488 litteras
2446 4438 2621 4510 quas
2646 4419 2833 4490 misit
2866 4417 3334 4491 cardinalibus
3381 4414 3735 4486 interitum

920 4544 1062 4605 tam
1112 4533 1394 4607 domino
1444 4558 1623 4632 pape
1679 4560 1888 4631 quam
1952 4562 2076 4613 sue
2133 4541 2332 4636 stirpi
2385 4552 2457 4614 et
2508 4541 2978 4615 cardinalibus
3023 4539 3648 4638 consentientibus,
3678 4537 3736 4609 si
3811 4551 3824 4572 ³

916 4656 1149 4727 forsan
1221 4657 1292 4728 in
1360 4680 1521 4730 eum
1583 4664 2317 4736 excommunicationis
2370 4665 2783 4737 sententiam
2843 4666 3339 4761 promulgaret.
3411 4659 3738 4754 vulgavit
