4364 5738
926 544 1007 605 90
1917 546 2344 607 FRIDERICI
2396 546 2742 608 SECUNDI
3349 548 3513 628 [Arm.
3550 549 3726 611 1243.

926 702 968 751 a
1002 680 1381 752 camerario
1417 682 1729 755 comunis
1767 683 2107 755 Senarum
2150 691 2223 753 et
2267 690 2599 776 quattuor
2628 683 2942 755 comunis
2972 684 3310 755 Senarum
3343 685 3466 778 qui
3496 685 3748 781 appel-

935 809 1168 878 lantur
1201 815 1530 900 quattuor
1569 808 1958 880 eommunis
1992 810 2355 880 Senarum.
2394 834 2430 873 »ι

1033 930 1284 1002 Actum
1324 929 1397 1001 in
1429 930 1686 1025 palude
1731 940 1801 1003 et
1839 932 1911 1002 in
1953 931 2387 1027 possessione
2424 928 2737 1025 predicta
2772 951 3008 1002 coram
3048 930 3394 1006 Saraceno
3436 930 3525 1003 de
3566 933 3742 1024 Fila,

932 1054 1279 1127 Ranuccio
1310 1054 1646 1127 Cerrineri
1664 1109 1683 1145 ,
1720 1056 2170 1128 Martinuccio
2212 1053 2545 1127 Guidonis
2585 1053 2676 1126 de
2705 1054 2978 1127 Villano
3010 1064 3081 1126 et
3119 1055 3398 1130 Cambio
3438 1057 3752 1129 Ricoveri

932 1186 999 1249 et
1035 1177 1189 1250 aliis
1230 1178 1545 1273 pluribus
1584 1179 1901 1252 testibus.
1936 1219 2038 1234 —
2060 1181 2210 1272 Ego
2237 1177 2387 1272 Ugo
2422 1177 2668 1250 Foschi
2701 1177 3042 1249 Albertini
3083 1179 3394 1252 notarius
3425 1180 3754 1276 predictis

933 1301 1210 1374 interfui
1243 1311 1312 1373 et
1344 1323 1428 1374 ea
1460 1302 1549 1374 de
1581 1304 1910 1375 mandato
1943 1303 2109 1376 dicti
2141 1302 2471 1402 Gualterii
2503 1302 2743 1374 vicarii
2774 1302 3015 1397 scripsi
3053 1311 3125 1374 et
3156 1303 3531 1399 publicavi.

596 1924 784 1969 “mo
1039 1906 1506 2015 Ridet-iem,
1560 1910 2082 1992 Romanorum
2134 1908 2577 2018 imperator,
2620 1908 3453 2018 Constantinopolitano
3497 1910 3750 2021 impe-

589 1980 808 2032 ἱππεία]

934 2041 1168 2124 ratori
1227 2043 1529 2124 nuntiat
1605 2069 1686 2125 se
1757 2054 1932 2151 post
1993 2042 2520 2126 liberationem
2597 2041 2943 2128 Oddonis
3001 2043 3258 2125 Sancti
3311 2043 3599 2127 Nicolai
3669 2044 3750 2127 in

932 2200 1230 2258 carcere
1266 2176 1617 2259 Tulliano
1653 2178 2102 2284 cardinalis,
2152 2177 2596 2260 clementiae
2642 2202 2824 2260 suae
2864 2177 3262 2259 cumulum
3298 2178 3752 2289 imposuisse

930 2307 1369 2418 episcopum
1421 2309 1945 2394 Prenestinum
2000 2309 2520 2393 adversarium
2569 2336 2795 2393 suum
2845 2310 3303 2393 absolvendo
3347 2321 3423 2393 et
3473 2311 3750 2395 dimit-

930 2439 1161 2525 tendo
1213 2443 1314 2525 ad
1371 2443 1834 2550 cardinales,
1884 2453 1970 2525 ut
2022 2469 2179 2525 una
2235 2468 2499 2526 omnes
2547 2468 2827 2551 papam
2877 2443 3193 2552 imperio
3250 2455 3553 2554 gratum
3601 2442 3751 2526 eli-

934 2583 1122 2681 gant
1155 2575 1288 2683 qui
1325 2575 1769 2657 diuturnam
1807 2575 2267 2656 discordiam
2306 2585 2764 2683 compescat.

1096 2789 1329 2871 (Edidit
1353 2793 1694 2867 Eunomus,
1723 2790 1945 2853 Annal.
1976 2790 2198 2872 eccles„
2229 2785 2309 2855 ad
2335 2811 2480 2856 ann.
2517 2801 2695 2867 1159,
2718 2790 2766 2875 S
2793 2802 3005 2869 24-27,
3037 2811 3070 2852 e
3096 2810 3304 2873 graeco
3322 2795 3523 2855 codiee
3540 2794 3749 2857 Fedoe.

1171 2901 1336 2960 Metii
1364 2899 1816 2963 Thermularnm
1846 2904 2124 2979 episcopi.
2155 2902 2328 2962 Errat
2370 2918 2511 2962 vero
2538 2902 2782 2961 omnino
2814 2917 3001 2978 quum
3027 2901 3182 2963 hanc
3206 2902 3513 2979 epistolam
3553 2917 3591 2962 a
3618 2901 3752 2961 Fri-

1172 3005 1370 3066 derico
1397 3006 1429 3066 1
1450 3013 1584 3083 post
1624 3012 1877 3068 mortam
1912 3006 2157 3067 Adriani
2186 3022 2371 3084 papae
2411 3008 2691 3085 scriptam
2727 3007 2908 3067 fuisse
2938 3013 2997 3067 et
3031 3009 3289 3069 Manueli
3327 3006 3611 3068 comneni
3645 3006 3751 3067 di-

1172 3120 1396 3173 rectam
1422 3112 1782 3191 arbitretur.)

1030 3297 1418 3373 Fridericus
1436 3352 1457 3390 ,
1507 3309 1641 3372 etc.
1657 3352 1678 3391 ‚
1730 3300 2127 3395 imperatori
2186 3300 2946 3396 Constantinopolitano
2977 3298 3112 3396 (⁴).
3161 3300 3360 3372 Orbis
3410 3301 3751 3375 mutilatio

935 3432 1223 3520 propter
1264 3423 1728 3515 dissensiones
1768 3433 1839 3497 et
1886 3424 2258 3499 schismata
2303 3433 2374 3496 et
2422 3425 2629 3496 totius
2669 3424 2956 3496 humani
3003 3425 3280 3518 generis
3333 3425 3753 3499 turbulentia

936 3568 1076 3642 que
1109 3557 1393 3643 propter
1421 3548 1724 3620 Ecclesie
1759 3548 2173 3621 viduitatem
2210 3548 2478 3642 antiqui
2510 3549 2849 3644 serpentis
2882 3548 3099 3621 effuso
3134 3569 3408 3622 veneno
3448 3569 3749 3622 emerse-

935 3681 1100 3745 runt
1127 3682 1196 3744 et
1232 3672 1607 3763 irruerunt,
1638 3693 1764 3768 pro
1793 3672 2132 3745 electione
2161 3672 2398 3765 magni
2430 3673 2807 3745 sacerdotis
2835 3694 2980 3744 non
3011 3673 3237 3745 solum
3268 3672 3749 3746 communibus

937 3794 1305 3890 suffragiis,
1339 3795 1464 3868 sed
1493 3794 1701 3866 etiam
1730 3816 1982 3893 magna
2012 3816 2174 3867 cum
2201 3794 2481 3868 solertia
2515 3795 2830 3867 facienda
2858 3804 2932 3866 et
2952 3794 3305 3886 habenda,
3335 3794 3652 3890 spiritum
3682 3803 3754 3866 et

935 3920 1244 3993 animum
1279 3930 1593 3994 nostrum
1620 3920 1821 4015 quasi
1863 3918 2300 4015 despondere
2337 3941 2466 3993 nos
2507 3921 3027 4016 compulerunt,
3064 3928 3143 3991 ut
3181 3941 3308 4014 per
3351 3920 3753 4013 trequentes

938 4053 1008 4118 et
1039 4056 1427 4140 prestantes
1458 4056 1529 4118 et
1558 4045 1862 4138 insignes
1895 4044 2349 4140 apocrisarios
2376 4052 2447 4117 et
2472 4045 2736 4137 legatos
2767 4054 3001 4117 nostre
3037 4043 3425 4117 serenitatis
3464 4043 3557 4117 ad
3594 4065 3751 4115 car-

938 4168 1205 4243 dinales
1238 4172 1582 4264 egerimus
1621 4179 1992 4267 propterea
2038 4178 2116 4241 ut
2152 4170 2242 4242 de
2282 4168 2680 4261 hujusmodi
2720 4169 2953 4263 magni
2998 4166 3374 4242 sacerdotis
3414 4168 3749 4241 electione

1007 4470 1080 4545 (4)
1116 4470 1486 4530 verisimiliter
1509 4472 1796 4530 Balduinus
1821 4472 1923 4530 iste
1955 4473 2050 4546 qui
2077 4471 2132 4529 in
2158 4470 2374 4529 Italiam
2400 4476 2528 4528 tunc
2554 4469 2808 4543 temporis
2833 4468 3132 4527 advenerat
3157 4473 3219 4525 ut
3250 4483 3404 4541 reges
3429 4466 3752 4525 christianos

936 4568 1005 4626 ad
1033 4582 1193 4625 suum
1218 4567 1517 4625 subsidium
1545 4568 1882 4642 imploraret;
1911 4584 2074 4641 quem
2105 4567 2271 4625 etiam
2298 4582 2398 4641 pro
2425 4581 2559 4640 pace
2585 4565 2877 4624 Ecclesiam
2902 4564 3042 4624 inter
3058 4569 3126 4623 ,et
3152 4564 3436 4638 imparium
3464 4561 3750 4622 metanda

935 4663 1273 4723 laborantem
1297 4663 1462 4739 paulo
1488 4663 1627 4722 infra
1652 4664 1973 4724 videbimus.
