4364 5738
1034 587 1114 645 72
2030 586 2454 647 anssntcl
2507 586 2858 646 SECUNDI
3482 587 3646 664 [Anu.
3685 587 3857 649 1242.

1032 744 1172 816 qua
1204 722 1477 812 vivitiS‚
1514 722 1782 818 deperit
1841 723 2213 794 rectitudo.
2274 724 2403 794 Per
2440 722 2684 816 capitis
2723 722 3007 813 quidem
3052 722 3399 793 defectum
3442 723 3734 813 emergit
3783 735 3860 795 ut

1029 847 1150 917 ubi
1208 858 1456 918 natura
1519 866 1762 917 sensus
1815 848 2140 940 imposuit
2164 901 2184 938 ,
2237 856 2545 918 monstra
2597 846 3013 941 reputemini
3078 844 3381 937 quedam
3434 856 3505 915 et
3549 847 3855 917 membra

1033 979 1382 1061 truncata,
1431 970 1503 1041 in
1549 970 1819 1042 cunctis
1865 971 2181 1042 sensibus
2233 970 2612 1059 defectiva,
2661 971 2991 1065 quoniam
3044 969 3322 1040 videtur
3362 970 3855 1041 obtenebratus

1028 1096 1216 1167 visus
1264 1105 1532 1182 vester,
1589 1094 1970 1166 diminutus
2025 1094 2341 1183 auditne,
2385 1104 2455 1165 et
2501 1095 2617 1165 ille
2661 1094 2801 1166 oris
2844 1115 3055 1165 sonus
3095 1093 3166 1163 in
3214 1090 3388 1163 fines
3436 1093 3624 1164 orbis
3675 1103 3852 1165 terre

1025 1220 1188 1290 olim
1250 1240 1581 1304 sonoruS,
1649 1220 1927 1313 penitus
1986 1220 2513 1309 obmutescens,
2574 1218 2797 1290 sactus
2854 1226 2961 1289 est
3010 1217 3385 1288 derisorius
3434 1215 3631 1288 echo.
3681 1218 3849 1287 Nam

1023 1344 1205 1415 Petri
1249 1354 1319 1415 et
1358 1344 1550 1415 Pauli
1594 1343 1805 1414 hodie
1853 1364 1992 1414 non
2029 1342 2412 1414 audiuntur
2468 1343 2807 1432 tonitrua;
2856 1340 3381 1412 concionatores
3427 1339 3605 1410 sicut
3648 1360 3851 1410 canes

1022 1468 1231 1557 muti,
1266 1467 1357 1538 ad
1397 1466 1747 1537 silentium
1777 1467 2315 1561 compelluntur.
2346 1469 2548 1539 Forte
2581 1465 2781 1538 vobis
2809 1473 3048 1560 parate
3076 1473 3240 1535 sunt
3272 1484 3523 1534 manus
3554 1463 3646 1534 ad
3674 1464 3846 1534 reci-

1025 1589 1392 1685 piendum,
1429 1590 1555 1661 sed
1586 1590 1843 1661 desunt
1878 1611 2193 1681 munera,
2226 1591 2390 1683 quia
2422 1590 2540 1685 qui
2580 1589 2956 1661 veniebant
2991 1588 3083 1659 de
3118 1588 3327 1676 Saba,
3367 1608 3615 1658 aurum
3658 1586 3848 1658 dese·

1025 1725 1258 1785 rentes
1285 1766 1303 1802 ‚
1349 1713 1558 1784 modo
1615 1733 1754 1785 non
1807 1714 2129 1804 veniunt,
2178 1736 2339 1785 cum
2384 1736 2526 1805 non
2575 1712 2932 1784 inveniant
2980 1712 3355 1783 Dominum
3402 1710 3476 1781 in
3538 1710 3845 1804 presepi,

1023 1836 1352 1910 ducatum
1416 1837 1516 1908 eis
1587 1838 1824 1910 celesti
1887 1837 2139 1932 sydere
2203 1836 2619 1929 denegante.
2689 1834 2911 1908 Pedes
2972 1835 3181 1906 etiam
3235 1854 3376 1907 non
3436 1832 3708 1905 habetis
3761 1833 3850 1906 ad

1023 1960 1557 2051 ambulandum,
1604 1969 1675 2031 et
1713 1960 2095 2032 dummodo
2137 1961 2438 2055 potentis
2467 1981 2595 2032 vos
2640 1981 2888 2030 manus
2930 1969 3270 2050 coarctet,
3315 1960 3498 2029 ultra
3544 1958 3846 2052 quinque
3979 2000 3982 2005 -

1023 2084 1239 2179 pedes
1264 2094 1497 2155 vestra
1537 2083 1827 2175 vestigia
1859 2106 2003 2156 non
2045 2094 2443 2156 moventur.
2488 2083 2670 2156 Proh
2708 2083 2961 2179 pudor,
2997 2083 3283 2153 minima
3316 2081 3667 2176 reptilium
3695 2082 3842 2152 ani·

1021 2207 1304 2278 malinm
1337 2207 1405 2277 in
1442 2207 1809 2301 prudentia
1843 2230 1970 2280 vos
2006 2208 2417 2302 precedunt,
2450 2229 2614 2279 nam
2647 2228 2814 2278 aves
2849 2208 2998 2279 sine
3039 2207 3349 2278 ductrice
3393 2226 3535 2277 non
3563 2207 3840 2294 volant,

1019 2349 1187 2423 apes
1223 2330 1486 2422 absque
1527 2350 1691 2421 rege
1725 2351 1869 2401 non
1905 2330 2178 2401 vivunt.
2217 2332 2356 2402 Vos
2393 2340 2627 2401 autem
2667 2330 2818 2401 sine
2852 2330 3138 2401 rectoris
3166 2329 3639 2421 gubernaculo
3665 2328 3840 2401 fluc-

1021 2454 1265 2540 tuatiS,
1310 2463 1601 2524 matrem
1651 2453 2030 2524 Ecclesiam
2085 2453 2380 2524 fortuitis
2430 2454 2706 2526 casibus
2760 2453 3272 2546 relinquentes,
3312 2475 3444 2525 nec
3496 2451 3845 2526 attenditis

1018 2575 1211 2667 quod
1251 2574 1349 2644 illi
1396 2584 1709 2647 errantes
1746 2575 2050 2646 Israelite
2092 2576 2210 2646 XL
2260 2577 2509 2649 diebus
2554 2578 2820 2671 absque
2873 2576 3054 2649 duce
3099 2588 3469 2670 vagantes,
3514 2577 3607 2648 ad
3653 2598 3840 2648 sum·

1017 2718 1206 2767 mam
1257 2697 1681 2769 dementiam
1749 2698 2223 2790 devenerunt,
2287 2721 2413 2794 pro
2474 2702 2622 2772 Deo
2681 2701 2812 2771 sibi
2875 2702 3169 2772 vitulum
3231 2699 3648 2772 conflatilem
3702 2711 3841 2772 sta-

1021 2828 1316 2893 tuentes.
1352 2822 1423 2893 Si
1461 2823 1730 2918 papalis
1756 2823 2054 2894 cessavit
2084 2823 2324 2896 unctio
2345 2878 2364 2915 ,
2402 2824 2639 2897 veniet
2664 2846 2832 2917 ergo
2863 2824 3042 2896 alius
3076 2826 3371 2898 Sanctus
3405 2835 3835 2913 sanctorum,

1014 2955 1088 3017 et
1131 2948 1287 3042 quis
1325 2948 1439 3019 ille
1484 2947 1637 3020 est?
1677 2948 1734 3019 Ο
1782 2949 2276 3020 inexcusabilis
2317 2950 2562 3044 culpa,
2601 2949 2858 3021 Rachel
2901 2951 3126 3021 virum
3176 2971 3317 3021 non
3356 2947 3603 3041 habet,
3643 2952 3838 3042 cujus

1014 3072 1285 3166 parvuli
1314 3082 1560 3165 petunt
1591 3093 1880 3167 panem,
1916 3082 1982 3144 et
2017 3095 2160 3145 non
2204 3083 2309 3145 est
2348 3074 2468 3167 qui
2511 3075 2818 3168 porrigat
2850 3074 2949 3145 eis
2988 3101 3005 3144 x
3045 3084 3113 3145 et
3157 3075 3322 3147 Sion
3368 3074 3636 3146 dudum
3681 3074 3835 3169 pul-

1014 3190 1182 3263 chra
1222 3195 1396 3266 facie
1422 3248 1442 3284 ,
1472 3197 1661 3286 jacet
1699 3195 1878 3266 sicut
1925 3197 2173 3268 mulier
2216 3208 2676 3289 menstruata,
2719 3199 2918 3291 cujus
2955 3199 3067 3272 vie
3111 3201 3387 3290 lugent,
3437 3210 3507 3270 et
3548 3222 3689 3272 non
3734 3209 3837 3270 est

1012 3314 1132 3407 qui
1178 3316 1413 3386 veniat
1452 3317 1543 3388 ad
1587 3319 2122 3391 solemnitatem.
2175 3320 2489 3393 Concidit
2538 3323 2760 3414 gloria
2819 3323 3052 3393 vultus
3097 3325 3280 3415 ejus,
3338 3325 3521 3395 oculi
3570 3325 3832 3395 colum·

1009 3438 1256 3508 barum
1285 3439 1440 3510 visu
1481 3439 1854 3530 deficiunt,
1884 3444 2049 3535 quia
2080 3465 2223 3514 non
2254 3444 2506 3516 videtis
2536 3455 2874 3536 quantum
2905 3446 3206 3539 proximi
3247 3446 3411 3517 estis
3444 3446 3825 3538 naufmgio,

1008 3560 1177 3632 dum
1228 3562 1375 3633 sine
1418 3565 1678 3656 remige
1726 3566 2093 3658 navigatis.
2149 3567 2207 3638 Ο
2262 3568 2317 3638 si
2370 3569 2660 3661 possetis
2708 3568 3100 3639 alternatim
3153 3569 3364 3641 libros
3414 3569 3831 3641 conscientie

1007 3685 1275 3778 legere,
1320 3697 1490 3779 quot
1523 3698 1594 3759 et
1627 3700 1922 3783 quantas
1959 3689 2363 3762 inveniretis
2396 3692 2467 3762 in
2511 3691 2612 3762 eis
2651 3691 3113 3763 accusatorias
3154 3693 3519 3784 lectiones,
3555 3705 3827 3765 contra-

1003 3809 1121 3881 riis
1155 3810 1516 3882 sententiis
1547 3811 1781 3882 involu
1793 3808 1926 3883 tasi
1970 3813 2382 3885 Revertatur
2413 3836 2606 3906 ergo,
2643 3824 3030 3886 revertatur
3062 3816 3353 3908 quilibet
3383 3818 3454 3889 in
3486 3818 3822 3911 seipsum,

1002 3944 1073 4004 et
1111 3934 1201 4006 ad
1249 3935 1744 4007 resumendum
1783 3947 2028 4031 caput,
2066 3958 2311 4009 sensus
2345 3948 2415 4009 et
2448 3939 2786 4010 rationem
2822 3938 3122 4028 induite,
3162 3950 3241 4009 ut
3273 3950 3494 4011 mater
3521 3941 3827 4012 Ecclesia

1005 4059 1267 4129 tamdiu
1326 4083 1452 4133 sno
1509 4061 1776 4156 privata
1833 4062 2128 4154 lumine,
2180 4063 2503 4135 decorem
2550 4064 2882 4159 suscipiat
2928 4074 3000 4136 et
3037 4065 3129 4136 ad
3167 4074 3421 4137 statum
3463 4066 3825 4160 pristinum

1004 4180 1403 4255 reducatur.

2182 4410 2653 4435 *-
