4364 5738
995 565 1079 627 46
1998 563 2423 625 Fulnnntcl
2474 563 2823 624 SECUNDI
3437 563 3598 640 [Am.
3637 563 3810 625 1242.

1091 698 1483 789 conradus,
1533 696 1655 768 Dei
1698 698 1918 791 gratia
1972 708 2210 769 sancte
2274 698 2700 770 Coloniensis
2757 696 3047 768 ecclesie
3116 698 3379 768 electus
3438 708 3510 768 et
3566 696 3815 769 confir-

998 833 1265 911 matus,
1307 822 1502 893 ltalie
1547 821 2230 912 archicancellarius,
2276 822 2600 894 omnibus
2657 830 2797 892 tam
2845 821 3281 914 presentibus
3317 843 3529 914 quam
3570 821 3816 893 futuris

996 949 1085 1020 ad
1129 968 1306 1041 quos
1349 967 1636 1040 presens
1685 945 2018 1039 scriptum
2084 946 2481 1040 pervenerit
2531 945 2599 1015 in
2653 953 3092 1039 perpetuum.
3145 943 3446 1035 Dignum
3506 953 3614 1016 est
3657 954 3729 1015 et
3772 966 3815 1017 a

998 1072 1282 1143 rationis
1320 1070 1590 1141 tramite
1638 1091 1780 1142 non
1828 1069 2181 1141 discordat
2229 1080 2308 1140 ut
2356 1091 2476 1141 eos
2519 1069 2639 1162 qui
2694 1069 2762 1139 in
2806 1068 3088 1140 servitio
3135 1077 3374 1140 nostro
3418 1077 3486 1139 et
3526 1069 3816 1143 ecclesie

996 1196 1420 1270 Coloniensis
1452 1193 1751 1266 fideliter
1781 1194 2103 1264 laborant
2139 1204 2209 1265 et
2240 1204 2667 1283 constanter,
2704 1192 3022 1287 ampliori
3058 1191 3419 1265 affectione
3452 1192 3817 1284 diligamus

993 1331 1064 1392 et
1099 1319 1279 1391 circa
1316 1340 1557 1390 eorum
1596 1316 2101 1412 promotionem
2142 1327 2214 1388 et
2244 1317 2782 1389 consuetudines
2816 1316 3200 1389 laudabiles
3235 1326 3305 1387 et
3329 1317 3488 1408 jura
3535 1338 3811 1388 conser-

991 1445 1221 1516 vanda
1270 1464 1554 1538 operam
1621 1440 2079 1512 adhibeamus
2138 1440 2512 1513 efficacem.
2568 1441 2737 1512 Inde
2794 1452 2901 1511 est
2952 1439 3144 1533 quod
3208 1461 3367 1511 cum
3437 1440 3811 1535 predilecta

991 1569 1236 1640 civitas
1295 1575 1531 1638 nostra
1579 1564 2001 1637 Coloniensis
2050 1566 2250 1637 nobis
2304 1576 2374 1636 et
2429 1565 3036 1659 predecessoribus
3097 1564 3351 1636 nostris
3404 1564 3692 1636 consilio
3746 1575 3814 1635 et

992 1692 1258 1763 auxilio
1287 1711 1562 1783 semper
1591 1687 1815 1759 fidelis
1850 1688 2159 1759 extiterit
2187 1700 2257 1760 et
2299 1689 2589 1780 existat,
2629 1690 2718 1761 de
2752 1709 3093 1760 consensu
3127 1698 3199 1759 et
3233 1689 3417 1759 bona
3457 1691 3813 1760 voluntate

994 1815 1284 1887 ecclesie
1330 1812 1756 1885 Coloniensis
1798 1822 1869 1883 et
1905 1813 2210 1907 priorum
2258 1814 2789 1904 recognovimus
2836 1813 3143 1907 predicte
3189 1812 3450 1885 civitati
3487 1814 3647 1904 jura
3691 1834 3813 1884 sua

995 1950 1065 2012 et
1100 1937 1640 2010 consuetudines
1678 1958 1838 2009 suas
1872 1937 2313 2031 approbatas,
2357 1937 2760 2031 Specialiter
2795 1937 3003 2009 etiam
3047 1947 3186 2008 tam
3221 1958 3350 2008 nos
3379 1959 3589 2029 quam
3632 1937 3816 2010 dicta

996 2063 1286 2136 ecclesia
1351 2072 1422 2133 et
1485 2061 1749 2155 priores
1804 2062 2334 2154 recognovimus
2397 2071 2467 2133 et
2531 2061 3089 2154 recognoscimus
3152 2061 3380 2133 eidem
3439 2071 3809 2132 consuetu-

995 2187 1230 2259 dinem
1280 2186 1636 2277 antiquam
1685 2195 1757 2255 et
1790 2184 1932 2275 juri
1983 2205 2390 2275 consonam,
2431 2186 2640 2256 talem
2668 2184 2996 2256 videlicet
3044 2184 3235 2277 quod
3276 2185 3509 2256 nullus
3558 2185 3813 2257 civium

992 2310 1497 2382 Coloniensium
1540 2329 1667 2401 pro
1706 2308 1960 2379 delicto
1994 2308 2141 2378 sive
2179 2309 2469 2379 crimine
2503 2308 2681 2379 infra
2719 2308 3070 2380 Coloniam
3116 2319 3186 2378 et
3230 2308 3556 2379 terminos
3599 2309 3813 2403 ipsius

992 2436 1288 2506 civitatis
1347 2434 1464 2526 qui
1523 2433 1849 2503 dicuntur
1903 2430 2272 2501 Burchban
2344 2432 2711 2504 commisso
2765 2433 2878 2505 vel
2931 2432 3121 2526 quod
3175 2432 3426 2503 dicitur
3487 2434 3809 2504 commis-

992 2581 1182 2646 sum,
1232 2566 1432 2627 extra
1483 2554 1834 2625 Coloniam
1876 2575 1917 2623 a
1974 2553 2175 2624 nobis
2239 2557 2351 2625 vel
2406 2556 2919 2626 successoribus
2958 2555 3210 2627 nostris
3252 2555 3320 2625 in
3360 2557 3478 2647 jus
3524 2569 3815 2627 vocetur

990 2703 1123 2752 nec
1152 2681 1242 2750 ab
1270 2679 1503 2772 aliquo
1536 2676 2017 2767 conveniatur,
2061 2678 2184 2749 sed
2221 2699 2350 2749 nos
2389 2689 2458 2749 et
2489 2700 2924 2750 successores
2942 2680 3160 2751 nostri
3196 2680 3264 2749 in
3302 2680 3555 2774 palatio
3577 2690 3813 2752 nostro

994 2802 1377 2876 Coloniensi
1439 2800 1792 2896 presidere
1846 2800 2182 2872 debemus
2242 2810 2312 2873 et
2363 2802 2455 2873 ibi
2512 2803 2895 2875 secundum
2945 2803 3136 2895 quod
3190 2803 3529 2874 sententia
3584 2802 3808 2874 scabi-

992 2950 1241 3000 norum
1275 2927 1786 2999 Coloniensium
1821 2926 2185 2998 dictaverit
2213 2928 2554 3019 judicare.
2603 2929 2680 2998 In
2717 2930 2915 3020 cujus
2947 2929 3047 2999 rei
3089 2928 3552 2999 testimonium
3582 2937 3650 2997 et
3691 2925 3808 2997 fir-

992 3052 1303 3123 mitatem
1361 3073 1646 3146 presens
1701 3051 1951 3145 pagina
2013 3062 2120 3123 est
2172 3053 2563 3150 conscripta
2613 3063 2850 3124 nostro
2905 3074 2987 3123 ac
3042 3053 3331 3124 ecclesie
3390 3051 3810 3124 Coloniensis

991 3175 1231 3266 sigillis
1258 3174 1708 3245 communita.

1087 3298 1339 3368 Actum
1397 3318 1581 3369 anno
1634 3296 1908 3370 Domini
1961 3300 2054 3369 M.
2076 3299 2201 3371 CC.
2257 3299 2604 3371 tricesimo
2646 3319 2861 3390 nono,
2917 3299 2989 3369 in
3041 3299 3338 3370 crastino
3373 3298 3584 3370 Marie
3613 3299 3805 3390 Mag-

990 3420 1264 3491 dalene.

1086 3544 1228 3615 Nos
1263 3544 1474 3635 igitur
1505 3545 1945 3616 attendentes
1976 3544 2190 3617 fidem
2227 3566 2309 3616 ac
2342 3546 2783 3618 devotionem
2814 3567 3087 3617 necnon
3121 3553 3316 3638 grata
3358 3544 3638 3617 servitia
3669 3564 3805 3636 que

992 3667 1156 3739 dicti
1186 3668 1486 3759 judiceS,
1534 3668 1792 3739 scabini
1838 3679 1907 3740 et
1942 3669 2252 3740 universi
2283 3670 2469 3740 cives
2497 3670 2940 3741 Colonienses
2985 3668 3228 3741 fideles
3268 3668 3485 3740 nostri
3531 3689 3806 3761 semper

989 3813 1151 3884 erga
1199 3793 1628 3885 majestatem
1679 3801 1987 3862 nostram
2039 3801 2108 3863 et
2161 3792 2527 3886 imperium
2569 3803 2934 3885 gesserunt
2983 3803 3054 3864 et
3097 3814 3340 3885 gerere
3386 3813 3528 3863 non
3583 3791 3824 3863 desis··

991 3924 1177 4005 tunt,
1221 3938 1435 4011 opera
1481 3913 1643 3987 fidei
1683 3935 1924 3986 eorum
1966 3915 2310 3986 continuis
2346 3926 2843 4012 prosequentes
2891 3918 3316 4009 augmentiS,
3359 3938 3600 3988 eorum
3637 3938 3801 4009 sup-

986 4038 1473 4132 plicationibus
1522 4038 1992 4112 favorabiliter
2037 4039 2346 4111 inclinati
2392 4041 2714 4134 paginam
2756 4041 3221 4112 concessionis
3260 4049 3331 4111 et
3376 4039 3803 4133 indulgentie

988 4162 1350 4232 memorati
1405 4162 1606 4232 electi
1658 4161 1763 4259 (l)
1811 4173 2034 4234 ratam
2083 4162 2445 4254 habenteS,
2498 4185 2582 4236 ea
2630 4165 2863 4236 omnia
2913 4186 3050 4257 que
3095 4163 3539 4237 continentur
3595 4164 3664 4235 in
3723 4183 3803 4234 ea

3693 4360 3792 4372 ..-

991 4357 1235 4369 n—m-..ffim
1270 4363 1427 4370 -.,--..,-
1458 4365 1483 4369 ,,
1504 4365 1667 4371 ffl--⁴..„-
1696 4367 1719 4371 .-
1738 4367 1969 4373 ,κηα-μῇ,
1990 4367 2165 4373 -....,-.,
2187 4368 2223 4373 ,.-
2253 4367 2634 4373 Α-Μῌ.---,
3121 4367 3162 4374 ..-

1058 4466 1131 4539 (t)
1156 4464 1433 4523 Conradus
1461 4466 1561 4523 iste
1587 4466 2026 4541 archiepiscopus
2049 4468 2141 4542 qui
2159 4467 2348 4526 foedus
2371 4483 2499 4524 cum
2520 4468 2829 4541 maguntino
2855 4467 3282 4543 archiepiscopo,
3300 4467 3551 4541 episcopo
3568 4464 3803 4541 Spirensi

987 4570 1042 4622 et
1057 4563 1180 4621 aliis
1208 4563 1396 4620 harum
1429 4564 1658 4636 partium
1679 4564 2028 4637 magnatibus
2053 4564 2251 4624 inierat
2276 4572 2462 4624 contra
2493 4565 2823 4624 Fridericum
2852 4566 3250 4640 imperatorem,
3279 4566 3419 4623 circa
3446 4566 3547 4622 hoc
3585 4571 3801 4638 tempus

983 4660 1291 4735 profligatus
1309 4667 1469 4719 estet
1497 4661 1549 4718 in
1575 4660 1778 4735 praelio
1803 4670 1995 4737 captus
2020 4680 2052 4720 a
2072 4662 2363 4722 Juliacensi
2385 4663 2598 4722 comite.
2642 4663 2771 4722 Inde
2796 4666 3048 4737 estquod
3079 4665 3365 4739 imperator
3387 4662 3795 4722 Coloniensibus
