4364 5738
584 1094 630 1136 11
666 1096 937 1150 septembris.

997 561 1112 620 122
1983 555 2412 618 nmmum
2463 554 2805 617 SECUNDI
3423 554 3586 633 [Ans.
3625 555 3802 619 1243.

1104 1100 1549 1183 Gernandus
1604 1097 2059 1209 burgravius
2106 1097 2549 1181 Werdensis
2610 1098 3059 1182 coenobium
3111 1097 3800 1181 sanctimonialium

993 1234 1071 1312 in
1126 1231 1462 1315 Duseren
1522 1258 1758 1341 prope
1812 1230 2174 1340 Dusburg
2249 1218 2656 1348 fundatum
2676 1292 2699 1335 ,
2760 1232 3201 1314 auctoritate
3268 1230 3639 1341 imperiali
3710 1228 3807 1312 ad

993 1364 1230 1447 alium
1263 1365 1520 1447 locum
1557 1363 1803 1473 magis
1845 1364 2204 1445 idoneum
2242 1389 2476 1473 prope
2509 1362 2797 1445 Ruram
2833 1362 3234 1470 transfert,
3273 1363 3531 1471 eisque
3569 1387 3805 1476 man-

993 1522 1168 1578 sum
1231 1497 1514 1579 ibidem
1578 1495 2075 1578 excolendum
2138 1496 2418 1599 donat,
2489 1495 2633 1578 sub
2697 1522 2953 1579 annuo
3002 1496 3331 1580 duorum
3393 1495 3805 1578 solidorum

997 1628 1562 1713 Coloniensium
1605 1630 1704 1713 ad
1745 1629 2024 1711 curtim
2057 1628 2353 1736 imperii
2389 1655 2653 1713 censu.

1157 1842 1349 1922 (Edit.
1393 1860 1492 1921 ap.
1539 1843 1927 1918 LAcomzmr,
1982 1840 2353 1906 Urkundenb.
2392 1842 2511 1923 fiir
2552 1841 2645 1904 die
2682 1840 2872 1905 Gesclt.
2927 1842 3025 1905 des
3072 1841 3405 1916 Meda-rh„
3450 1859 3567 1902 zw.
3609 1841 3792 1914 band,

1229 1967 1290 2027 p.
1331 1957 1464 2022 144,
1496 1960 1561 2009 n0
1589 1948 1759 2027 277.)

1087 2137 1423 2210 Omnibus
1460 2136 1888 2231 presentium
1929 2135 2316 2208 litterarum
2356 2136 2859 2232 inspectoribus
2899 2132 3362 2233 G[ernandus]
3394 2135 3803 2227 burgravius

990 2260 1391 2332 Werdensis
1439 2271 1682 2331 notum
1737 2258 1916 2332 facio
1966 2260 2152 2353 quod
2212 2282 2371 2332 cum
2421 2260 2743 2333 dominus
2784 2269 3019 2331 noster
3062 2258 3464 2331 Fredericus
3510 2258 3801 2330 serenis-

989 2384 1203 2457 simus
1258 2384 1728 2456 Romanorum
1771 2384 2149 2480 imperator
2192 2385 2548 2490 religiosas
2598 2406 2929 2480 personas
2973 2386 3333 2456 universas
3387 2394 3458 2456 et
3504 2383 3802 2454 maxime

988 2530 1125 2604 que
1162 2507 1336 2581 dure
1368 2508 1760 2602 paupertati
1797 2530 1872 2579 se
1909 2519 2195 2604 propter
2232 2510 2455 2579 Deum
2491 2509 2894 2581 submittere
2944 2530 3085 2581 non
3127 2519 3484 2597 verentur,
3537 2508 3803 2579 sincero

989 2633 1226 2702 favore
1272 2630 1727 2725 amplectatur
1759 2640 1830 2702 et
1873 2631 2144 2720 foveat,
2188 2631 2536 2702 licentiam
2570 2632 2809 2703 tribuit
2845 2633 2933 2703 de
2980 2631 3405 2724 benignitate
3439 2653 3563 2703 sua
3596 2651 3801 2702 ceno·

988 2755 1182 2826 bium
1219 2754 1841 2826 sanctimonialium
1883 2755 2146 2827 ordinis
2177 2755 2641 2828 Cisterciensis
2674 2756 2747 2827 in
2782 2756 3097 2828 districtu
3137 2777 3264 2828 suo
3302 2764 3373 2826 et
3410 2755 3682 2849 imperii
3716 2755 3802 2826 de

994 2878 1312 2971 Dusburg
1349 2900 1477 2973 pro
1513 2879 1743 2950 anima
1780 2902 1941 2969 sua,
1978 2890 2346 2974 parentum
2390 2901 2675 2951 suorum
2717 2888 2788 2950 et
2814 2880 3383 2975 predecessorum
3425 2890 3496 2950 et
3531 2900 3800 2951 succes-

990 3024 1221 3074 sorum
1260 3024 1544 3075 suorum
1575 3003 1939 3076 animabus
1987 3004 2339 3077 salvandis
2389 3003 2730 3095 construi,
2775 3003 3169 3098 precipiens
3224 3003 3354 3098 ipsi
3398 3002 3690 3074 cenobio
3735 3011 3804 3074 et

988 3124 1304 3220 personis
1336 3125 1650 3217 ejusdem
1682 3124 1951 3198 firmam
1987 3148 2232 3222 pacem
2268 3128 2360 3199 ab
2395 3127 2718 3200 omnibus
2759 3128 3115 3200 observari
3154 3126 3410 3199 debere
3427 3179 3448 3218 ,
3492 3135 3700 3222 prout
3732 3125 3801 3197 in

933 3272 934 3275 ¹
988 3247 1352 3343 privilegio
1394 3270 1602 3344 super
1650 3247 1786 3321 hoc
1838 3252 2153 3323 confecto
2198 3252 2564 3324 ostendere
2611 3259 2938 3346 poterunt
2973 3249 3111 3349 (⁴).
3163 3251 3338 3337 Quia
3385 3272 3555 3322 vero
3599 3270 3806 3322 ceno-

989 3373 1180 3445 bium
1213 3373 1475 3445 ordinis
1509 3373 1801 3469 predicti
1831 3396 1874 3446 a
1904 3376 2211 3469 quodam
2246 3377 2399 3449 viro
2430 3377 2519 3449 de
2555 3376 2881 3470 Dusburg
2926 3376 3257 3469 diligente
3297 3378 3519 3447 Deum
3553 3373 3801 3445 funda-

990 3505 1139 3569 tum
1167 3508 1271 3569 est
1302 3518 1519 3592 prope
1553 3498 1876 3591 Dusburg
1908 3498 2101 3593 quod
2125 3501 2436 3572 Duseren
2467 3499 2747 3591 dicitur,
2779 3511 2850 3571 et
2877 3501 3105 3594 ipsum
3131 3498 3499 3571 cenobium
3538 3498 3609 3568 in
3648 3497 3800 3569 loco

988 3620 1218 3693 minus
1262 3622 1417 3692 utili
1464 3622 1552 3695 sit
1599 3623 1807 3695 situm
1849 3632 1921 3694 et
1959 3644 2098 3696 non
2142 3623 2415 3696 modica
2451 3626 2754 3719 patiatur
2800 3623 3275 3715 incommoda,
3323 3632 3472 3693 tum
3524 3629 3804 3717 propter

949 3814 952 3817 .
988 3744 1490 3841 hospitalitates
1521 3746 1978 3841 importunaS‚
2020 3755 2167 3818 tum
2206 3757 2491 3844 propter
2520 3747 2871 3821 defectum
2902 3770 3115 3841 aque,
3143 3747 3549 3819 auctoritate
3586 3745 3801 3840 impe-

987 3869 1142 3942 riali
1178 3869 1522 3942 transmisi
1559 3870 1873 3961 ejusdem
1901 3870 2037 3942 loci
2071 3891 2405 3966 personas
2436 3870 2527 3943 ad
2554 3872 2768 3943 alium
2800 3872 2922 3966 qui
2953 3872 3107 3943 fons
3136 3871 3341 3942 beate
3371 3869 3587 3943 Marie
3617 3889 3795 3939 nun·

986 4003 1280 4088 cupatur
1313 3992 1420 4090 (2)
1480 3993 1554 4065 in
1600 3993 2074 4085 jurisdictione
2137 3994 2412 4090 imperii
2470 4016 2688 4091 prope
2745 3996 3041 4087 Buram,
3102 3993 3222 4066 ubi
3278 3991 3799 4066 convenientius

985 4118 1243 4189 morari
1275 4126 1608 4212 poterunt
1647 4125 1720 4189 et
1759 4117 2185 4213 expeditius,
2236 4140 2396 4190 cum
2436 4118 2757 4192 dominus
2803 4119 3179 4215 imperator
3221 4114 3606 4213 preceperit
3636 4112 3801 4186 mihi

988 4239 1179 4331 quod
1227 4260 1346 4311 eas
1384 4240 1459 4311 in
1500 4241 1822 4313 omnibus
1865 4261 2277 4337 promovere
2319 4242 2615 4318 debeam
2667 4251 2738 4315 et
2784 4230 3194 4314 auctoritate
3239 4260 3366 4312 sua
3419 4249 3490 4310 et
3534 4234 3804 4332 imperii

1063 4570 1136 4642 (4)
1173 4569 1309 4628 Vide
1336 4584 1502 4643 supra
1530 4570 1939 4642 documentum,
1972 4580 2009 4630 t.
2041 4575 2133 4646 1v,
2158 4591 2216 4648 p.
2246 4575 2371 4632 729.

1064 4664 1137 4737 (2)
1171 4665 1285 4724 Nec
1312 4681 1509 4723 nomen
1534 4665 1677 4724 istud
1702 4684 1803 4726 nec
1827 4670 2101 4743 antiquius
2127 4670 2260 4727 illud
2290 4670 2492 4728 scilicet
2517 4671 2682 4729 Porta
2711 4670 2827 4741 Dei,
2857 4668 3153 4743 vulgariter
3178 4664 3435 4726 usitatum
3455 4664 3574 4724 fuit.
