4364 5738
1042 554 1165 617 458
2043 554 2476 618 nmmum
2527 554 2873 618 suevum
3475 551 3642 628 [An.
3678 547 3852 610 1246.

1045 689 1160 763 die
1189 710 1400 783 quam
1428 688 1517 761 de
1545 700 1748 763 nocte
1779 690 1853 761 in
1880 700 2185 763 castrum
2209 692 2527 788 Capuacii
2559 690 2899 787 projicere
2929 709 3071 760 non
3104 686 3469 760 cessabant
3493 706 3703 778 quam
3736 705 3859 779 per

1044 813 1340 885 insultus
1367 812 1637 885 validos
1667 823 1740 885 et
1776 816 2141 888 continuos
2179 816 2488 910 quinque
2520 815 2790 888 dierum
2830 811 3144 884 similiter
3185 821 3323 883 tam
3364 810 3456 882 de
3495 809 3611 882 die
3648 829 3857 903 quam

1046 936 1136 1009 de
1168 946 1371 1008 nocte
1403 937 1654 1026 factos,
1688 936 2163 1011 Theobaldum
2199 940 2641 1012 Franciscum
2661 991 2682 1028 ‚
2717 938 3052 1010 Gisolfum
3085 936 3177 1008 de
3207 935 3484 1007 Mannia
3509 931 3638 1029 (a),
3667 931 3856 1003 Guil-

1046 1059 1329 1130 lelmum
1360 1059 1449 1130 de
1476 1061 1730 1132 Sancto
1752 1060 2111 1152 Seven-ino,
2143 1063 2526 1135 Galfridum
2554 1063 2644 1135 de
2666 1063 2918 1149 Merra,
2948 1060 3323 1133 Robertum
3350 1069 3422 1130 et
3440 1055 3855 1129 Richardum

1047 1181 1137 1254 de
1166 1182 1587 1254 Pbasanellis
1618 1184 2005 1278 proditores
2037 1198 2107 1259 et
2140 1208 2297 1260 reos
2325 1187 2563 1260 mortis
2593 1206 2717 1258 sue
2743 1207 2902 1257 cum
2937 1194 3219 1282 centum
3253 1192 3326 1255 et
3357 1179 3856 1275 quinquaginta

1044 1303 1198 1376 aliis
1224 1304 1406 1374 inter
1439 1305 1716 1394 milites,
1752 1306 2138 1380 balistarios
2166 1318 2238 1379 et
2262 1308 2436 1381 alios
2474 1308 2842 1380 familiares
2876 1307 3210 1401 ipsorum,
3246 1305 3337 1377 de
3374 1304 3630 1397 quibus
3661 1312 3858 1375 erant

1045 1424 1503 1520 quadraginta
1547 1429 1914 1502 Lombardi
1964 1431 2245 1505 obsides
2293 1442 2363 1504 et
2408 1431 2813 1527 proditionis
2858 1442 3168 1525 tempore
3208 1451 3336 1524 per
3382 1426 3853 1501 ‘theobaldum

1044 1549 1274 1644 ipsum
1316 1550 1611 1639 liberati,
1648 1551 1741 1624 ad
1779 1553 1965 1625 illam
2012 1555 2486 1651 impotentiam
2526 1555 2823 1629 deduxit
2851 1554 3044 1648 quod
3077 1554 3268 1624 nulla
3306 1552 3572 1624 ratione
3603 1571 3737 1623 nec
3766 1551 3853 1623 de

1045 1692 1342 1767 persona
1371 1695 1501 1745 nec
1529 1674 1618 1746 de
1652 1678 1979 1750 membris
2011 1689 2335 1774 poterant
2362 1701 2437 1751 se
2457 1681 2732 1772 juvare.
2761 1679 2848 1749 Et
2876 1678 2974 1750 sic
3007 1699 3132 1773 per
3161 1677 3455 1747 insultus
3478 1675 3848 1769 predictos,

1047 1803 1326 1889 captum
1372 1806 1476 1868 est
1522 1807 1822 1870 castrum
1866 1801 2093 1895 ipsum
2141 1824 2301 1874 cum
2347 1803 2669 1875 omnibus
2707 1801 3156 1897 supradictis;
3212 1800 3334 1893 qui
3367 1820 3612 1872 omnes
3658 1809 3852 1870 ante-

1046 1940 1257 2012 quam
1292 1919 1714 1993 ducerentur
1755 1924 1846 1995 ad
1888 1924 2286 2014 dominum,
2323 1927 2517 1998 salvo
2549 1925 2881 1998 mandato
2911 1923 3174 1997 domini
3212 1945 3390 2019 pape
3425 1921 3547 2018 (b),
3592 1943 3852 1994 exocu-

1049 2043 1166 2114 lati
1199 2053 1386 2132 sunt,
1425 2045 1746 2117 omnibus
1785 2047 1949 2141 ipsis
1981 2057 2052 2119 et
2086 2049 2375 2142 singulis
2416 2070 2656 2139 manu,
2690 2069 2863 2120 naso
2898 2056 2970 2118 et
3007 2047 3172 2119 tibia
3202 2047 3559 2118 mutilatis.
3595 2046 3683 2117 Et
3712 2045 3851 2118 dis-

1048 2178 1373 2259 posuerat
1409 2166 1732 2239 dominus
1768 2171 2155 2264 predictum
2194 2170 2667 2244 Theobaldum
2708 2193 2867 2244 cum
2900 2171 3055 2242 aliis
3090 2171 3397 2264 quinque
3447 2169 3582 2241 reis
3617 2167 3854 2241 mortis

1047 2308 1170 2359 sue
1216 2310 1344 2382 per
1382 2289 1655 2362 diversa
1696 2293 1938 2366 mundi
1977 2295 2254 2366 climata
2297 2295 2389 2367 ad
2429 2317 2671 2368 omnes
2724 2316 2925 2388 reges
2974 2304 3045 2365 et
3083 2294 3430 2389 principes
3463 2315 3620 2366 cum
3663 2292 3850 2363 bulla

1045 2414 1276 2508 papali
1310 2415 1643 2509 impressa
1674 2418 1743 2488 in
1776 2419 1999 2491 fronte
2027 2420 2287 2493 ibidem
2320 2420 2603 2492 inventa
2631 2419 2704 2490 in
2727 2419 3075 2514 publicam
3100 2417 3509 2513 proditionis
3543 2417 3849 2488 notitiam

1046 2535 1389 2610 destinare
1419 2538 1551 2635 (⁴).
1590 2540 1801 2635 Capto
1829 2552 1991 2614 sunt
2029 2543 2122 2614 ibi
2152 2543 2361 2615 etiam
2391 2543 2634 2637 viginti
2665 2543 2803 2615 due
2839 2542 3107 2615 nobiles
3138 2540 3418 2613 domine
3448 2542 3844 2633 conjugae,

1042 2660 1254 2732 vidue
1297 2673 1368 2733 et
1411 2665 1644 2758 puelle
1689 2676 1759 2736 et
1802 2664 1891 2737 de
1941 2667 2271 2738 mandato
2316 2667 2579 2740 domini
2627 2667 2832 2740 certis
2880 2665 3282 2738 custodibus
3324 2664 3668 2756 assignate
3709 2661 3846 2759 (2),

1043 2795 1485 2881 castrumque
1528 2787 1750 2882 ipsum
1798 2810 1841 2860 a
1882 2790 2211 2884 primario
2258 2791 2487 2887 lapide
2530 2790 2963 2863 fundamenti
3003 2810 3320 2861 eversum
3362 2799 3501 2878 est,
3548 2799 3619 2859 et
3656 2788 3846 2882 quic·

1042 2909 1214 3001 quid
1246 2909 1426 2981 intra
1458 2922 1690 3005 preter
1719 2934 2051 3007 personas
2080 2914 2441 2985 inventum
2479 2925 2609 3005 est,
2648 2914 3002 2985 redactum
3038 2922 3146 2983 est
3172 2912 3353 2984 illico
3386 2912 3455 2982 in
3485 2911 3753 2983 cineres
3782 2920 3849 2981 et

1046 3031 1312 3103 favillas
1352 3031 1482 3128 (3).
1539 3033 1727 3104 ldem
1773 3047 2004 3108 autem
2053 3038 2375 3111 dominus
2419 3038 2795 3132 imperator
2838 3036 3160 3109 omnibus
3202 3035 3537 3107 ordinatis
3581 3046 3651 3106 et
3692 3056 3844 3105 cum

1042 3153 1369 3225 Romanis
1397 3166 1467 3226 et
1493 3157 1772 3228 Venetis
1802 3156 1907 3255 (t)
1932 3161 2078 3252 jam
2112 3161 2296 3232 bona
2341 3182 2511 3255 pace
2540 3157 2845 3249 firmata,
2877 3182 3037 3231 cum
3083 3159 3343 3252 ingenti
3388 3158 3627 3229 militia
3669 3158 3846 3228 circa

1044 3273 1432 3375 Pascha[m]
1473 3279 1734 3371 juravit
1773 3293 1844 3353 et
1886 3283 2359 3355 infaillibiliter
2401 3283 2747 3355 ordinavit
2792 3284 2865 3353 in
2905 3281 3334 3353 Alemaniam
3373 3304 3449 3354 se
3497 3282 3842 3369 conferre,

1128 3480 1210 3560 (a)
1254 3483 1347 3543 Ita
1372 3501 1587 3544 nomen
1612 3488 1958 3563 corrigimus
1984 3503 2061 3546 ex
2091 3487 2236 3547 Μαι.
2267 3487 2570 3566 Hargrave
2595 3490 2657 3547 in
2689 3487 2843 3547 Blbl.
2871 3488 3141 3548 Britann.
3175 3487 3429 3558 Musaei,
3461 3486 3605 3546 dum
3634 3488 3695 3545 in
3731 3488 3845 3544 im·

1041 3604 1243 3665 presso
1268 3592 1465 3649 minus
1494 3595 1651 3651 recte
1673 3591 1899 3669 legatur
1933 3588 2302 3653 Guillelmum
2328 3590 2398 3652 de
2424 3593 2631 3653 Manu.

1126 3691 1207 3772 (b)
1251 3694 1439 3756 Locus
1464 3695 1776 3773 obscurus,
1809 3700 1924 3757 nist
1951 3712 2053 3773 per
2079 3699 2330 3757 lronlam
2356 3696 2663 3759 habeatur.

1114 3980 1189 4053 (4)
1224 3979 1306 4037 Cf.
1332 3994 1520 4054 supra,
1545 3995 1602 4051 p.
1638 3981 1760 4038 nt.

1112 4078 1186 4151 (2)
1223 4076 1472 4136 Fazellus
1496 4077 1595 4149 (Do
1609 4074 1719 4137 reb.
1737 4076 1914 4136 Sicut.
1927 4084 2074 4153 pou.
2105 4075 2422 4147 docad.,lib.
2448 4077 2588 4151 vm)
2612 4078 2805 4135 merit
2825 4078 2960 4136 istas
2977 4078 3031 4135 in
3047 4077 3414 4135 subterraneis
3437 4076 3625 4151 palatii
3647 4077 3842 4132 Panor-

1039 4174 1231 4232 mitani
1262 4174 1568 4233 carceribus
1600 4174 1837 4233 inclum
1868 4174 2043 4232 inedia
2075 4174 2374 4245 interiissc3
2413 4182 2471 4233 et
2511 4175 2568 4233 in
2604 4191 2746 4234 anno
2774 4176 2914 4232 ⁴5ss
2948 4175 3059 4232 duo
3096 4175 3360 4233 cadavera
3387 4173 3615 4232 tanim
3648 4171 3842 4231 vestita

1041 4270 1217 4328 adhuc
1238 4278 1295 4328 et
1319 4270 1460 4329 bene
1483 4277 1695 4329 servata
1722 4288 1755 4329 a
1780 4270 2074 4329 fossoribus
2101 4279 2315 4345 reperta
2340 4271 2525 4329 fuisse.

1113 4366 1190 4439 (3)
1225 4367 1333 4425 Sed
1356 4372 1411 4425 et
1436 4367 1583 4440 ipsae
1607 4384 1897 4442 personae,
1929 4385 2098 4442 quum
2138 4377 2322 4425 auctor
2348 4368 2674 4444 Appendicis
2699 4369 2771 4427 ad
2803 4368 3106 4427 Galfridum
3133 4368 3202 4426 de
3226 4367 3512 4426 Halaterra
3537 4367 3842 4440 conjuratos

1040 4479 1230 4523 omnes
1255 4463 1401 4537 apud
1426 4464 1703 4537 Neapolim
1731 4466 1854 4539 igne
1877 4473 2242 4523 concrematos
2273 4465 2434 4524 fuisse
2458 4473 2703 4524 testetur.

1113 4563 1191 4635 (t)
1227 4562 1305 4618 De
1327 4574 1461 4634 pace
1486 4576 1607 4617 cum
1627 4562 1865 4636 Venetis,
1889 4562 1959 4621 cf.
1987 4563 2158 4621 Andr.
2177 4562 2427 4620 Danduli
2450 4562 2661 4634 chron„
2681 4578 2770 4635 ap.
2794 4563 3424 4634 Muuron.,Scriptor.,
3440 4566 3483 4616 t.
3496 4559 3616 4631 ΧΠ,
3633 4574 3689 4632 p.
3712 4559 3838 4625 356,

1038 4665 1095 4717 et
1120 4672 1258 4734 quae
1281 4670 1443 4731 supra
1463 4656 1789 4731 monuimus,
1816 4674 1872 4732 p.
1898 4660 2022 4730 att,
2044 4663 2158 4716 not.
2186 4660 2241 4713 2.
2265 4657 2341 4716 De
2367 4672 2503 4731 pace
2527 4673 2655 4716 vero
2670 4673 2792 4716 cum
2813 4657 3067 4716 Romanis
3092 4673 3198 4714 non
3223 4663 3333 4713 tam
3354 4654 3494 4713 bene
3521 4653 3710 4727 liquet.
