4364 5738
555 513 757 573 Immo-r.
790 511 884 589 2.]
1448 510 1846 572 HISTORIA
1893 513 2487 576 DIPLOMATICA.
3273 513 3386 574 129

557 648 780 720 verbii
809 648 1001 717 locus
1032 643 1396 734 adveniat,
1435 655 1505 716 et
1539 647 1802 716 utinam
1842 668 1984 717 non
2027 650 2329 742 supersit
2359 673 2375 716 ε
2412 651 2587 720 Dum
2631 647 2847 719 herba
2881 646 3128 718 crescit
3164 669 3385 739 equus

561 770 880 857 moritur,
927 776 998 838 et
1046 767 1216 837 dum
1259 766 1508 859 fugans
1550 767 1741 838 canis
1782 768 2029 858 mingit
2058 770 2330 862 fugiens
2372 772 2572 863 lepus
2604 769 2846 840 evasit.
2880 769 3207 839 Dolemus
3254 789 3381 839 au·

564 904 703 966 tem
746 893 836 964 de
877 893 1147 986 prefato
1188 891 1475 980 comite,
1515 891 1640 962 sed
1674 891 1763 961 de
1797 892 1995 963 vobis
2036 915 2177 965 non
2221 894 2484 983 minuS,
2527 893 2646 985 qui
2694 893 2783 964 ad
2829 893 3190 964 consilium
3234 893 3384 984 ejus

564 1017 860 1106 adestis,
909 1014 1100 1109 quod
1142 1035 1224 1085 ea
1257 1036 1394 1106 que
1440 1014 1531 1084 ad
1572 1014 1841 1108 imperii
1885 1026 2202 1110 spectant
2238 1016 2613 1104 honorem,
2659 1016 2787 1086 sibi
2835 1037 2975 1086 non
3018 1016 3384 1108 suggeritis

565 1151 643 1213 ut
698 1140 993 1213 debetiS.
1050 1138 1161 1210 Ad
1202 1138 1373 1230 quid
1421 1159 1587 1230 ergo
1637 1139 1923 1209 venistis
1970 1139 2027 1209 si
2079 1161 2220 1210 non
2277 1139 2675 1211 succurritis
2725 1138 3077 1232 provincie
3100 1191 3120 1228 ,
3175 1151 3385 1232 atque

567 1264 769 1338 nobis
816 1263 1025 1335 etiam
1064 1262 1186 1356 qui
1223 1262 1575 1356 perimus?
1606 1262 2052 1335 Laudabilius
2099 1262 2345 1334 fuisset
2391 1263 2593 1334 vobis
2638 1262 2709 1331 in
2758 1260 3009 1356 Apulia
3051 1283 3263 1354 quam
3315 1262 3386 1331 in

567 1388 860 1460 Thuscia
907 1387 1163 1459 ducere
1200 1385 1272 1456 in
1315 1385 1558 1458 solatio
1599 1386 1749 1458 dies
1794 1397 2087 1459 vestros,
2127 1389 2301 1459 Sola
2356 1388 2541 1457 enim
2599 1395 2759 1458 ante
2805 1386 3185 1457 adventum
3229 1407 3386 1457 ves-

568 1522 752 1584 trum
780 1512 1024 1584 civitas
1068 1509 1519 1581 viterbiensis
1547 1510 1772 1582 fuerat
1806 1511 1897 1582 ab
1930 1511 2268 1606 imperiali
2296 1508 2433 1581 fide
2462 1510 2830 1599 subversa;
2870 1509 2990 1580 sed
3020 1519 3390 1602 postquam
3424 1511 3427 1514 ’

566 1637 887 1724 venistiS,
954 1655 1197 1706 eversa
1260 1644 1364 1706 est
1408 1656 1570 1728 pars
1623 1635 1931 1707 maxima
1975 1636 2300 1727 regionis.
2356 1634 2637 1705 Dudum
2691 1633 2878 1705 enim
2927 1631 3244 1704 homines
3301 1634 3390 1706 de

568 1771 802 1831 vestro
852 1780 1185 1830 succursu
1229 1780 1425 1852 spem
1483 1768 1553 1828 et
1592 1757 1918 1830 fiduciam
1956 1757 2355 1830 habuerunt
2399 1767 2471 1827 et
2522 1765 2863 1829 steterunt
2909 1757 2981 1826 in
3031 1755 3208 1847 fide;
3265 1757 3392 1828 sed

571 1893 940 1979 postquam
967 1882 1297 1955 viderunt
1321 1902 1452 1952 vos
1481 1881 1758 1953 desides
1794 1892 1865 1952 et
1899 1891 2272 1977 paventeS,
2307 1902 2391 1952 ac
2419 1880 2605 1952 vires
2644 1881 2735 1952 ad
2772 1902 3013 1952 eorum
3053 1881 3393 1952 auxilium

570 2029 715 2080 non
754 2005 1135 2077 extendere
1173 2026 1347 2097 quas
1382 2002 1687 2093 habetis,
1728 2026 1769 2075 a
1805 2003 1942 2076 fide
1992 2005 2310 2100 protinus
2350 2013 2810 2075 recesserunt.
2849 2006 2907 2077 Ο
2949 2026 3160 2096 quam
3194 2005 3395 2077 vobis

573 2141 645 2204 et
669 2131 872 2203 nobis
903 2150 1033 2224 pro
1067 2128 1267 2201 vobis
1300 2128 1680 2200 dolendum
1717 2138 1854 2218 est,
1892 2129 2083 2221 quod
2122 2128 2650 2223 pusillanimitas
2688 2127 3124 2200 sacerdotum
3170 2139 3396 2200 tantas

569 2257 757 2329 vires
795 2262 1063 2327 vestras
1107 2253 1255 2324 sine
1295 2253 1515 2348 prelio
1560 2253 1657 2324 sic
1694 2249 2012 2325 enervatl
2058 2253 2240 2324 Sane
2286 2251 2624 2323 honorem
2664 2250 3092 2346 imperialem
3133 2263 3203 2323 et
3243 2254 3393 2343 glo-

569 2378 744 2450 riam
773 2377 989 2449 vestri
1016 2376 1314 2447 nominis
1341 2377 1726 2465 minoratiS,
1760 2376 1923 2470 quia
1953 2376 2119 2447 dum
2151 2376 2277 2447 vix
2305 2374 2646 2447 ducentos
2678 2374 2928 2445 milites
2959 2377 3129 2447 tales
3144 2368 3398 2469 ⁸quales

571 2503 828 2574 habeat
858 2501 1254 2590 cardinalis,
1291 2523 1417 2573 vos
1448 2522 1609 2572 cum
1644 2501 1834 2572 mille
1862 2501 2401 2594 quingentorum
2433 2499 2727 2570 militum
2761 2500 3117 2591 comitiva,
3160 2502 3220 2570 ei
3257 2522 3399 2572 non

576 2627 887 2698 resistitis
962 2625 1392 2721 provinciam
1457 2627 1871 2721 occupanti,
1938 2647 2069 2697 nec
2134 2625 2338 2697 nobis
2402 2625 2496 2697 ad
2554 2645 2853 2717 quorum
2923 2625 3426 2697 confusionem·

577 2751 915 2841 intendit,
954 2771 1356 2822 succurrere
1398 2749 1757 2822 festinatis,
1798 2750 2000 2835 Quod
2036 2750 2093 2820 si
2127 2750 2217 2822 de
2245 2748 2602 2844 provincia
2635 2769 2777 2820 non
2812 2758 2918 2820 est
2960 2770 3127 2821 cura
3160 2748 3396 2841 vobis,

580 2876 668 2947 de
706 2875 907 2947 nobis
940 2883 1173 2945 tamen
1225 2895 1470 2945 curare
1505 2873 1803 2966 debetiS,
1840 2875 2004 2968 quia
2036 2895 2199 2946 caro
2229 2873 2318 2947 de
2346 2894 2567 2946 carne
2603 2882 2836 2945 vestra
2864 2880 2936 2945 et
2979 2893 3058 2945 os
3098 2874 3186 2946 de
3228 2874 3402 2946 ossi-

577 3001 711 3072 bus
766 2999 1013 3070 vestris
1070 3022 1334 3071 sumus.
1404 3001 1762 3094 Numquid
1801 3002 2082 3073 nescitis
2128 3002 2319 3095 quod
2379 3010 2663 3097 propter
2713 3002 2864 3074 vias
2919 3002 3405 3077 subterraneas

581 3142 758 3213 quas
791 3120 1107 3192 fecerunt
1135 3124 1466 3215 rebelles,
1505 3127 1728 3217 major
1763 3147 1924 3220 pars
1960 3125 2169 3198 castri
2198 3125 2479 3197 Viterbii
2517 3126 2607 3198 de
2658 3125 2832 3198 hora
2858 3126 2932 3197 in
2968 3126 3212 3199 horam
3260 3130 3404 3201 rui-

583 3253 739 3315 tura
780 3255 1122 3339 speratur,
1169 3255 1240 3317 et
1280 3268 1408 3318 nos
1447 3247 1850 3342 inspicimus
1882 3270 1978 3320 ex
2010 3248 2144 3321 hoc
2190 3250 2326 3320 loci
2370 3271 2572 3344 posse
2617 3249 2930 3322 accidere
2976 3252 3398 3346 captionem.

577 3367 932 3460 Numquid
964 3389 1152 3439 nunc
1182 3378 1491 3441 nostram
1523 3371 1887 3465 penuriam
1928 3372 2312 3463 ignoratis?
2342 3373 2609 3444 cunctis
2640 3396 2827 3445 nunc
2862 3376 3407 3450 comestibilibus

577 3494 721 3584 jam
771 3492 1235 3587 consumptiS,
1289 3495 1459 3564 muli
1507 3505 1577 3566 et
1626 3495 1787 3587 equi
1833 3496 2066 3567 clavas
2116 3497 2424 3567 sentiunt
2470 3505 2755 3591 propter
2793 3519 3011 3569 escas.
3051 3500 3408 3594 Numquid

582 3640 723 3689 non
761 3618 1163 3713 scripsimus
1194 3620 1385 3713 quod
1417 3641 1598 3712 aqua
1639 3620 1932 3692 fontium
1965 3621 2108 3693 suis
2147 3623 2491 3694 meatibus
2535 3632 2843 3715 extorta,
2886 3623 3087 3696 nobis
3140 3634 3408 3695 tantum

586 3748 725 3812 tres
786 3742 981 3836 putei
1044 3757 1527 3815 remanserunt
1592 3744 1664 3813 in
1721 3753 1986 3834 castro,
2034 3746 2405 3840 prebentes
2462 3767 2715 3839 aquam
2766 3757 2837 3818 et
2894 3746 3290 3851 hominibus
3342 3756 3411 3816 et

577 3865 945 3956 jumentis;
1005 3875 1076 3937 et
1123 3889 1305 3940 unus
1361 3889 1452 3939 ex
1494 3869 1593 3940 eis
1646 3889 1773 3963 per
1812 3870 2117 3942 fossuras
2155 3871 2598 3943 absconditas
2636 3893 2676 3941 a
2724 3871 3100 3941 rebellibus
3151 3879 3258 3942 est
3296 3871 3406 3941 in-

584 3989 850 4060 fectus?
892 3990 1245 4084 Numquid
1298 4002 1542 4064 notum
1589 4014 1729 4064 non
1778 3993 2067 4067 fecimus
2121 3997 2322 4068 vobis
2371 3996 2562 4088 quod
2600 4016 2742 4065 non
2795 3995 3020 4066 solum
3066 3994 3231 4085 viri,
3260 3997 3408 4069 ‘sed

584 4111 793 4182 etiam
835 4112 1117 4186 domine
1154 4116 1360 4187 castri
1408 4117 1490 4188 iis
1536 4117 1783 4190 diebus
1830 4129 1901 4190 et
1947 4120 2269 4191 noctibus
2316 4140 2458 4190 non
2509 4118 2875 4213 quiescunt
2920 4118 3289 4192 insultibus
3340 4131 3411 4192 et

582 4232 1218 4327 impugnationibus
1277 4239 1580 4312 hostium
1640 4243 2010 4314 lacessite?
2051 4244 2308 4315 Verum
2349 4264 2749 4338 quanquam
2802 4242 2895 4313 ad
2945 4242 3411 4316 invocandum

586 4366 895 4429 vestrum
941 4363 1279 4433 auxilium
1332 4372 1403 4434 et
1459 4385 1862 4441 succursum
1921 4365 2175 4435 multas
2229 4385 2489 4436 vacuas
2541 4386 2784 4459 preces
2839 4363 3284 4437 effuderimus
3342 4378 3413 4438 et

590 4478 996 4573 fundamus,
1058 4485 1149 4557 ad
1204 4496 1509 4559 nostram
1572 4497 1801 4559 tamen
1859 4488 2379 4559 excusationem
2403 4541 2424 4578 ,
2481 4509 2608 4561 vos
2663 4488 2893 4561 adhuc
2941 4489 3094 4561 vice
3143 4490 3274 4562 ista
3320 4511 3414 4561 ex

585 4602 926 4697 imperiali
958 4616 1153 4701 parte
1191 4610 1679 4682 instantissime
1710 4610 2156 4704 requirimus,
2195 4612 2326 4683 sub
2358 4610 2495 4684 fide
2530 4624 2602 4685 et
2644 4625 3075 4687 sacramento
3107 4636 3247 4709 quo
3280 4614 3413 4684 im·

807 4727 858 4788 1.
3022 4745 3091 4797 17
