4364 5738
1002 519 1128 582 246
2007 515 2439 579 vammum
2489 516 2834 579 suenum
3438 517 3602 594 [An.
3638 517 3814 581 1244.

1001 654 1198 751 perio
1234 660 1471 723 nostro
1512 650 1805 721 devotos
1834 670 1922 721 ac
1949 649 2074 721 Dei
2125 652 2625 724 ecclesiasticos
2662 650 3133 723 indifferenter
3162 649 3494 741 honores,
3526 653 3619 725 ob
3649 674 3818 727 auc·

1005 777 1174 853 toris
1208 774 1671 849 reverentiam
1707 773 1829 867 qui
1877 796 2095 868 regna
2130 776 2489 848 constituit
2532 786 2605 849 et
2638 774 3003 869 imperium
3036 776 3396 870 preposuit
3437 776 3814 868 universim

1003 902 1074 973 in
1109 900 1476 973 severitate
1516 898 1815 969 militum
1860 906 1932 969 et
1969 898 2209 970 militie
2243 900 2645 989 delecteriS,
2680 899 3026 972 affabilem
3061 908 3129 970 te
3166 898 3458 994 prebeas
3487 909 3563 972 et
3598 922 3819 972 em·

1003 1025 1285 1096 dibilem
1318 1022 1636 1112 subditiS,
1669 1022 1856 1112 juste
1894 1021 2049 1115 pius
2076 1031 2147 1094 et
2173 1022 2287 1117 ple
2305 1024 2536 1116 justus
2572 1023 2904 1111 existenS‚
2945 1021 3271 1118 pacificus
3299 1044 3431 1095 rex
3468 1032 3539 1095 et
3566 1044 3813 1113 verax,

1001 1159 1082 1220 ut
1124 1148 1195 1218 in
1233 1159 1299 1218 te
1330 1146 1459 1217 sibi
1492 1144 1963 1216 misericordia
2000 1153 2072 1216 et
2097 1145 2355 1217 veritas
2381 1146 2776 1237 obviantes,
2802 1145 3070 1238 justitia
3102 1145 3305 1217 simul
3343 1155 3416 1218 et
3446 1168 3590 1242 pax
3621 1156 3816 1218 tuum

1003 1273 1233 1365 regale
1267 1270 1514 1341 solium
1545 1268 2077 1362 amplectantur.
2119 1267 2637 1364 AucupatIones
2673 1280 2744 1341 et
2773 1269 3219 1341 venationum
3257 1269 3498 1342 solatia
3537 1270 3816 1362 regibus

1003 1404 1276 1466 assueta
1321 1393 1441 1464 tibi
1475 1412 1616 1463 non
1655 1390 2128 1462 interdicimus
2160 1394 2314 1464 loco
2348 1404 2418 1464 et
2448 1403 2758 1488 tempore
2791 1414 2948 1462 cum
2991 1392 3389 1464 exercitatis
3423 1392 3816 1465 hominibus

1006 1516 1420 1590 exercenda.
1461 1515 1822 1587 Monemus
1855 1523 2087 1586 tamen
2121 1526 2192 1586 et
2222 1516 2404 1587 istud
2442 1516 2563 1587 tibi
2602 1516 2747 1587 fore
2777 1517 3099 1587 volumus
3132 1517 3225 1588 ad
3252 1517 3593 1588 cautelam
3625 1515 3814 1609 quod

1006 1662 1133 1736 pro
1162 1637 1549 1711 venationis
1583 1636 1913 1709 exercitio
1952 1639 2064 1708 vel
2115 1638 2649 1711 deductionibus
2688 1638 2922 1710 avium
2968 1659 3110 1710 non
3155 1649 3220 1711 te
3263 1638 3593 1710 adhibeas
3635 1639 3811 1711 adeo

921 1827 928 1834 .
1007 1763 1410 1835 familiarem
1445 1759 1926 1849 venatoribus,
1973 1761 2342 1833 balistariis
2375 1772 2446 1833 et
2474 1762 2943 1834 versatoribus
2981 1771 3060 1833 ut
3099 1760 3510 1854 gravitatem
3554 1760 3812 1852 regiam

1005 1888 1267 1960 frivolis
1314 1885 1547 1958 verbis
1595 1885 1949 1957 offendant
2002 1895 2073 1957 et
2127 1885 2270 1958 sais
2327 1883 2998 1958 confabulationibus
3041 1884 3337 1956 alterent
3392 1894 3463 1955 et
3511 1883 3817 1956 inficiant

1004 2013 1226 2084 bonos
1250 2029 1505 2081 moreS.
1543 2008 1655 2080 Ad
1686 2031 1815 2081 nos
1856 2019 2090 2080 autem
2125 2010 2526 2080 memoriter
2556 2019 2944 2104 respectum
2984 2007 3244 2080 habeas
3281 2018 3351 2079 et
3392 2009 3587 2079 velut
3615 2008 3813 2080 nobis

1003 2136 1075 2208 in
1107 2144 1388 2231 pectore
1425 2133 1696 2224 singula
1727 2132 2048 2204 distincte
2084 2133 2454 2228 provideas
2486 2143 2557 2204 et
2599 2153 2933 2226 sequere,
2968 2132 3430 2204 assistent-ium
3465 2130 3663 2204 lateri
3697 2141 3813 2204 tuo

1002 2256 1092 2331 de
1122 2255 1555 2330 ordinatione
1590 2264 1829 2326 nostra
1865 2255 2415 2327 consiliariorum
2448 2255 2753 2328 consiliis
2782 2253 3190 2328 inherendo.
3227 2256 3316 2328 Et
3343 2265 3419 2327 ut
3451 2255 3628 2328 scias
3659 2254 3814 2327 evi-

1001 2391 1149 2452 tare
1181 2380 1396 2452 noxia
1424 2388 1495 2449 et
1525 2378 1752 2450 discas
1782 2378 2201 2449 salutaribus
2232 2379 2619 2468 informari,
2653 2378 3027 2473 improvisa
3059 2378 3159 2449 tui
3190 2377 3422 2450 fratris
3460 2378 3809 2470 quondam

1001 2503 1183 2594 regis
1218 2500 1494 2571 Henrici
1524 2508 1596 2569 et
1629 2499 1906 2569 incauta
1951 2500 2303 2570 temeritas
2341 2501 2580 2571 veniat
2622 2501 3021 2593 frequenter
3059 2500 3130 2571 in
3172 2510 3505 2591 mentem,
3539 2500 3659 2594 qui
3686 2523 3810 2596 pro

1000 2646 1086 2696 eo
1118 2623 1308 2717 quod
1338 2622 1540 2694 nobis
1576 2620 2134 2693 condescendere
2174 2621 2399 2694 noluit
2440 2632 2511 2693 et
2545 2622 2831 2695 obedire
2864 2623 3045 2718 patri
3076 2620 3259 2694 filius
3287 2624 3664 2715 recusavit,
3700 2646 3810 2696 se-

999 2756 1204 2820 cutus
1230 2746 1701 2833 adulationeS,
1744 2745 2116 2817 blanditias
2165 2756 2238 2818 et
2276 2756 2643 2840 suggestus
2686 2768 2821 2819 nec
2866 2768 3009 2821 non
3051 2769 3267 2844 prava
3315 2748 3603 2820 consilia
3644 2747 3810 2820 diri·

1000 2868 1338 2965 pientium
1380 2868 1566 2941 bona
1604 2889 1730 2940 sua
1774 2879 1848 2941 et
1883 2868 2437 2966 pervertentium
2481 2868 2735 2943 cotidie
2779 2891 3010 2943 mores
3048 2872 3233 2964 ejus,
3279 2869 3534 2945 cecidit
3561 2892 3603 2943 a
3646 2869 3811 2944 sede

1001 3015 1211 3088 quam
1247 2992 1492 3065 babuit
1521 3001 1601 3065 ut
1631 2993 1981 3087 ingratus,
2022 3003 2094 3066 et
2136 3001 2249 3086 tu,
2282 2993 2466 3067 bone
2500 2993 2751 3065 indolis
2789 2992 2929 3085 fili,
2961 2994 3191 3068 locum
3232 2995 3386 3088 ejus
3414 2996 3619 3069 nobis
3644 3016 3809 3068 con-

1001 3117 1409 3190 cedentibus
1440 3115 1789 3211 accepisti.
1823 3115 1932 3189 Sis
1961 3137 2131 3208 ergo
2166 3116 2368 3190 nobis
2399 3115 2733 3190 obediam
2770 3126 2842 3190 et
2880 3117 3175 3192 devotus
3212 3128 3285 3192 et
3314 3119 3536 3193 verba
3576 3129 3811 3193 nostra

1004 3239 1296 3312 memori
1327 3235 1539 3311 corde
1580 3237 1880 3311 retineas
1911 3249 1983 3312 et
2017 3249 2160 3312 tam
2192 3238 2444 3311 effectu
2473 3260 2685 3334 quam
2715 3260 2926 3337 opere
2954 3242 3418 3338 persequaris,
3447 3250 3531 3314 ut
3551 3262 3807 3335 angea-

1004 3372 1117 3435 tur
1146 3362 1218 3435 in
1252 3370 1319 3433 te
1351 3360 1746 3434 benedictio
1773 3371 2010 3435 nostra
2046 3358 2376 3435 continua
2412 3371 2485 3434 et
2516 3383 2810 3456 regnum
2844 3372 3043 3436 tuum
3069 3375 3313 3462 optata
3335 3363 3658 3438 felicitate
3689 3362 3809 3436 fir·

1003 3495 1267 3575 metui-3
1307 3485 1506 3557 nobis
1540 3506 1816 3580 quoque
1854 3482 1944 3560 de
1985 3485 2413 3560 continentia
2441 3484 2668 3578 bona,
2699 3506 3032 3580 processu
3064 3487 3400 3561 laudabili
3441 3496 3513 3559 et
3559 3485 3813 3582 optatis

1000 3608 1432 3682 successibus
1469 3609 1604 3681 tuis
1642 3608 1858 3682 letitIe
1894 3609 2216 3683 cumulus
2247 3617 2320 3681 et
2347 3608 2566 3703 glorie
2602 3610 2967 3705 proveniat
2996 3611 3501 3686 incrementum
3537 3610 3630 3686 de
3668 3609 3808 3686 mio

999 3733 1335 3829 sapiente.
2324 3728 2333 3739 '
