4364 5738
575 532 907 611 lsmcr..2.]
1466 534 1864 596 HISTORIA
1914 530 2511 596 n1PLOMAT1cA.
3286 537 3406 600 229

574 668 922 742 Frederici
952 667 1066 739 avi
1094 668 1318 740 nostri
1350 677 1421 739 et
1449 678 1688 741 nostro
1718 671 2188 758 continentur,
2226 668 2327 739 eis
2354 665 2765 739 confirmare
2798 667 2887 739 de
2919 677 3155 740 nostra
3183 673 3405 764 gratia

465 843 476 860 .
577 793 1052 887 dignaremur.
1090 791 1232 862 Nos
1267 799 1503 863 autem
1545 814 1674 887 pro
1714 791 1854 865 fide
1897 813 2072 888 pura
2115 801 2188 861 et
2230 790 2601 863 devotione
2644 790 2914 861 sincera
2948 813 3159 886 quam
3196 793 3405 865 iidem

578 914 822 988 fideles
852 915 1071 987 nostri
1103 914 1196 986 ad
1231 916 1610 1007 maJestatis
1637 926 1872 988 nostre
1900 936 2271 1011 personam
2308 924 2381 986 et
2415 936 2688 986 sacrum
2716 915 3080 1009 imperium
3113 915 3399 1006 habent,

578 1062 706 1138 pro
749 1038 965 1133 gratis
1001 1060 1285 1132 quoque
1330 1040 1629 1112 servitiis
1669 1062 1805 1132 que
1849 1040 2052 1112 nobis
2098 1048 2170 1110 et
2213 1039 2505 1133 imperio
2555 1038 3026 1110 exhibuerunt
3069 1039 3406 1112 hactenus

576 1165 877 1240 fideliter
904 1174 975 1237 et
1001 1165 1255 1238 devote
1293 1175 1366 1237 et
1395 1187 1533 1259 que
1558 1164 1893 1238 exhibere
1922 1174 2254 1260 poterunt
2279 1165 2349 1235 in
2377 1175 2582 1236 antea
2609 1164 2941 1256 gratiora,
2970 1186 3211 1236 eorum
3235 1189 3402 1262 sup-

578 1289 1068 1385 plicationibus
1109 1288 1584 1360 favorabiliter
1623 1289 1933 1361 inclinati
1978 1310 2313 1384 personas
2353 1310 2594 1361 eorum
2636 1310 2795 1359 cum
2839 1289 3162 1361 omnibus
3204 1291 3407 1363 bonis

577 1415 719 1487 suis
747 1435 885 1507 que
918 1413 990 1483 in
1022 1412 1528 1506 presentiarum
1549 1414 1736 1505 juste
1772 1423 2013 1485 tenent
2043 1422 2115 1484 et
2155 1412 2514 1506 possident
2544 1424 2616 1482 et
2646 1412 2717 1482 in
2750 1420 2955 1483 antea
2981 1414 3170 1503 justo
3208 1414 3405 1488 titulo

576 1545 907 1632 poterunt
952 1534 1277 1630 adipisci,
1316 1537 1447 1607 sub
1482 1547 1719 1608 nostra
1766 1547 1837 1609 et
1881 1536 2150 1632 imperii
2196 1534 2625 1630 protectione
2662 1534 3034 1628 recipimus
3081 1537 3400 1629 speciali,

576 1660 810 1734 omnia
852 1679 989 1752 que
1037 1644 1108 1728 in
1154 1658 1535 1754 privilegiis
1581 1682 1659 1731 su
1666 1661 1994 1755 pradictis
2048 1660 2487 1755 imperatoris
2533 1657 2873 1730 Frederici
2915 1660 3029 1731 avi
3075 1662 3294 1732 nostri
3336 1671 3408 1733 et

575 1794 816 1854 nostro
858 1781 1066 1852 etiam
1111 1782 1556 1854 continentur
1587 1783 1677 1854 de
1710 1784 2087 1877 imperialis
2122 1783 2582 1877 preminentie
2624 1784 2845 1875 gratia
2883 1781 3397 1857 confirmantes.

575 1906 966 1978 Statuimus‘
984 1905 1220 1998 itaque
1253 1914 1325 1977 et
1353 1905 1695 2000 imperiali
1723 1906 2100 1978 sanctimus
2132 1906 2398 1996 edicto,
2434 1904 2726 1977 firmiter
2755 1908 3197 1999 injungentes
3228 1931 3403 2002 qua-

577 2030 765 2101 tinus
785 2030 979 2100 nulla
1006 2049 1304 2123 persona
1326 2029 1466 2100 alta
1489 2030 1601 2099 vel
1629 2029 1934 2119 humiliS‚
1966 2029 2432 2101 ecclesiastica
2454 2029 2568 2100 vel
2601 2029 2957 2119 secularis,
2986 2043 3405 2105 memoratos

573 2151 817 2225 fideles
845 2162 1118 2225 nostros
1143 2162 1214 2224 et
1240 2174 1482 2224 eorum
1509 2152 1806 2224 heredes
1834 2153 1906 2223 in
1936 2150 2073 2224 fide
2103 2162 2175 2223 et
2204 2151 2577 2223 devotione
2604 2162 2841 2224 nostra
2869 2165 2939 2222 et
2960 2153 3230 2247 imperii
3255 2177 3407 2249 per-

574 2277 898 2349 sistentes
925 2286 1166 2350 contra
1195 2276 1536 2370 presentis
1564 2276 1905 2370 privilegii
1933 2276 2152 2348 nostri
2188 2285 2499 2346 tenorem
2528 2297 2700 2346 ausu
2736 2276 3101 2375 temerario
3133 2277 3405 2370 inquie-

576 2412 757 2494 tare,
797 2403 1169 2474 molestare
1211 2423 1335 2472 seu
1381 2402 1790 2495 perturbare
1832 2411 2213 2496 presumat.
2257 2400 2459 2486 Quod
2491 2400 2611 2493 qui
2644 2402 3143 2494 presumpserit
3173 2412 3405 2496 preter

573 2525 1122 2618 indignationem
1150 2524 1369 2597 nostri
1397 2524 1717 2596 culminis
1735 2545 1947 2617 quam
1976 2525 2309 2613 incurret,
2334 2523 2840 2618 quinquaginta
2869 2524 3078 2596 libras
3106 2526 3258 2597 auri
3285 2548 3406 2622 op-

575 2649 723 2720 timi
762 2671 890 2745 pro
931 2670 1113 2745 pena
1145 2657 1552 2743 componat,
1586 2648 2032 2720 medietatem
2066 2648 2327 2720 scilicet
2357 2668 2632 2720 camere
2673 2655 2909 2719 nostre
2952 2657 3024 2719 et
3063 2648 3403 2742 reliquam

573 2773 1018 2846 medietatem
1047 2773 1370 2866 injuriam
1395 2772 1644 2867 passis.
1667 2772 1776 2844 Ad
1805 2773 2014 2865 hujus
2043 2773 2279 2865 itaque
2309 2769 2852 2844 confirmationis
2878 2782 3112 2844 nostre
3140 2795 3403 2846 memo-

570 2898 746 2969 riam
779 2907 851 2969 et
879 2898 1095 2969 robur
1128 2906 1464 2991 perpetuo
1486 2897 1889 2987 valiturum,
1918 2917 2204 2990 presens
2235 2896 2677 2991 privilegium
2713 2894 2865 2967 fieri
2899 2906 2971 2967 et
2997 2897 3222 2989 sigillo
3252 2918 3401 2969 ma-

564 3020 837 3112 jestatis
866 3028 1100 3091 nostre
1130 3019 1462 3110 jussimus
1496 3020 1935 3091 communiri.

670 3144 892 3233 Hujus
922 3142 1022 3213 rei
1056 3152 1267 3215 testes
1298 3152 1462 3215 sunt
1493 3143 1868 3218 Riccardus
1900 3166 2134 3217 comes
2165 3144 2468 3234 Caserte,
2506 3143 2887 3216 Pandulfus
2919 3142 3008 3215 de
3045 3145 3400 3218 Fasanella

570 3265 750 3338 sacri
785 3265 1055 3359 imperii
1086 3265 1160 3335 in
1191 3266 1436 3337 Tuscia
1475 3266 1775 3338 vicarius
1812 3267 2158 3359 generalis
2177 3320 2198 3358 ,
2235 3267 2536 3339 Ubertus
2578 3266 2887 3339 marchio
2926 3268 3357 3342 Pelavicinus
3374 3322 3395 3361 ,

569 3389 932 3482 Tegrimus
974 3388 1323 3461 Palatinus
1362 3408 1597 3461 comes
1637 3390 1881 3462 Tuscis
1901 3445 1923 3483 ,
1960 3391 2286 3464 Taddeus
2327 3412 2565 3464 comes
2603 3392 2856 3464 Montis
2896 3393 3155 3464 Feretri
3192 3391 3294 3490 (a)
3329 3406 3401 3467 et

569 3514 851 3605 Urbini,
883 3514 1211 3606 magister
1254 3514 1499 3585 Petrus
1538 3514 1628 3586 de
1665 3514 1886 3586 Vinea
1927 3536 2180 3608 magne
2239 3515 2429 3587 curie
2485 3524 2719 3587 nostre
2753 3514 2977 3606 judex
2996 3569 3015 3604 ,
3053 3518 3399 3611 Tepaldus

570 3638 999 3726 Franciscus,
1033 3647 1106 3710 et
1130 3638 1248 3708 alii
1282 3638 1762 3731 quamplures,

667 3763 956 3856 Signum
984 3761 1248 3834 domini
1277 3761 1498 3834 nostri
1526 3761 1872 3834 Frederici
1904 3762 2032 3833 Dei
2062 3762 2285 3855 gratia
2315 3762 2744 3835 invictissimi
2768 3763 3236 3835 Romanorum
3264 3765 3394 3835 im-

572 3887 909 3982 peratoris
945 3908 1223 3981 semper
1246 3886 1560 3979 augusti,
1595 3888 1975 3959 Jerusalem
2006 3897 2077 3959 et
2107 3888 2338 3960 Sicilie
2370 3887 2554 3980 regis
2588 3882 3191 3983 (Monoqramma).

666 4009 841 4083 Acta
867 4019 1030 4082 sunt
1049 4010 1183 4083 hec
1213 4031 1399 4082 anno
1429 4010 1776 4083 dominice
1799 4010 2292 4083 incarnationis
2319 4010 2685 4082 millesimo
2714 4008 3189 4081 ducentesimo
3215 4032 3391 4104 qua-

567 4134 957 4227 dragesimo
985 4143 1262 4229 quarto,
1289 4156 1529 4207 menso
1559 4135 1862 4228 augusti,
1900 4134 2208 4207 secunde
2239 4132 2660 4223 indictionis,
2687 4132 3072 4226 imperante
3107 4132 3393 4208 domino

567 4267 806 4337 nostro
844 4257 1212 4331 Frederico
1244 4259 1369 4329 Dei
1399 4259 1619 4350 gratia
1655 4258 2109 4331 invictissimo
2148 4259 2616 4331 Romanorum
2659 4255 3075 4350 imperatore
3115 4279 3392 4355 semper

568 4394 899 4475 augusto,
942 4382 1323 4454 Jerusalem
1364 4390 1436 4453 et
1473 4381 1704 4454 Sicilie
1746 4403 1947 4474 rege,
1988 4379 2263 4475 imperii
2301 4380 2455 4471 ejus
2487 4401 2675 4451 anno
2716 4379 3055 4473 vigesimo
3097 4393 3383 4477 quarto,

653 4538 737 4619 (a)
784 4539 985 4615 Quum
1010 4539 1206 4601 littera
1230 4541 1291 4602 F
1310 4542 1376 4603 in
1402 4542 1675 4621 originali
1701 4558 1822 4602 non
1845 4540 2035 4602 nitide
2060 4540 2138 4601 sit
2164 4543 2442 4619 aaran,
2473 4538 2688 4619 legitur
2721 4543 2918 4619 potius
2943 4541 3161 4603 Montis
3184 4540 3392 4620 Petri,-

568 4646 727 4725 quod
758 4661 932 4707 sensu
967 4653 1154 4707 caret.
