4364 5738
1004 494 1117 554 loo
2001 500 2422 563 ramnum!
2474 501 2819 561 sEct'Nol
3434 505 3596 581 [Asu.
3634 506 3811 569 1243.

634 1036 903 1144 ssgffiss·
1111 1020 1529 1106 Fridericus
1548 1086 1567 1124 ‚
1629 1025 2149 1108 Romanorum
2219 1028 2671 1136 imperator,
2741 1028 3062 1111 Henrico
3133 1029 3554 1114 marchioni
3614 1031 3811 1113 Mis-

995 1156 1214 1237 ‘nensi
1261 1157 1631 1264 promittit
1676 1160 1884 1268 quod
1941 1161 2003 1239 si
2067 1160 2434 1244 Henricus
2483 1162 2953 1270 lantgravius
3005 1161 3502 1271 Thuringiae,
3552 1189 3808 1245 avun-

1000 1287 1217 1370 culus
1255 1289 1459 1398 ejuS,
1503 1291 1668 1373 sine
1709 1290 2033 1373 haerede
2078 1291 2236 1376 filio
2283 1292 2661 1402 praemori
2716 1294 3151 1404 contigerit,
3202 1295 3343 1402 ipsi
3395 1295 3810 1377 marchioni

991 1420 1166 1529 jure
1201 1420 1485 1503 feudali
1531 1422 1865 1505 conferet
1909 1425 2103 1507 duos
2148 1424 2491 1535 ejusdem
2536 1425 2941 1534 lantgravii
2985 1426 3486 1534 principatuS‚
3538 1427 3814 1509 scilicet

1000 1552 1504 1661 lantgraviam
1544 1555 2006 1666 Thuringiae
2041 1568 2115 1639 et
2148 1558 2581 1641 comitivam
2618 1558 2880 1667 palatii
2918 1557 3316 1640 Saxoniae.

1168 1794 1355 1872 (Edit.
1391 1812 1490 1872 ap.
1529 1797 1889 1871 Bononrm,
1933 1795 2119 1858 Gotho
2153 1794 2417 1877 diplom„
2448 1805 2497 1858 t.
2529 1797 2605 1872 V,
2634 1816 2696 1874 p.
2735 1805 2870 1859 195.
2901 1830 2983 1842 —
3011 1797 3481 1868 numanum,
3521 1796 3675 1858 Hm.
3714 1794 3813 1856 der

1230 1898 1489 1981 pfalzqr.
1521 1918 1632 1962 von
1661 1901 1933 1978 διώκῃ,
1959 1921 2021 1980 p.
2061 1912 2197 1964 154.
2230 1935 2309 1948 —
2333 1905 2558 1979 Lumo,
2589 1901 3008 1977 marchis,
3034 1911 3082 1964 t.
3115 1903 3281 1977 VIII,
3310 1923 3373 1981 p.
3412 1903 3579 1980 177.)

1094 2113 1504 2204 FridericuS‚
1542 2116 1670 2187 Dei
1700 2116 1921 2209 gratia
1955 2117 2424 2188 Romanorum
2461 2117 2836 2211 imperator
2875 2137 3148 2210 semper
3178 2125 3537 2209 augustuS,
3567 2117 3808 2188 Hieru-

997 2236 1213 2308 salem
1251 2247 1322 2308 et
1361 2239 1588 2311 Sicilie
1620 2261 1783 2331 rex,
1826 2241 2080 2312 dilecto
2113 2241 2407 2335 principi
2440 2249 2512 2311 et
2555 2240 3069 2332 consanguineo
3112 2261 3239 2311 suo
3284 2241 3580 2312 Henrico
3630 2262 3809 2311 mar-

995 2359 1228 2432 chioni
1273 2362 1599 2434 Misnensi
1639 2364 1929 2454 gratiam
1977 2385 2175 2435 suam
2226 2374 2297 2435 et
2336 2385 2543 2435 omne
2591 2364 2877 2436 bonum.
2932 2365 3125 2436 Tunc
3166 2363 3538 2458 imperialis
3572 2365 3808 2435 excel-

996 2484 1206 2555 lentie
1234 2483 1623 2556 firmissimo
1655 2487 1904 2557 robore
1932 2484 2247 2557 firmatur
2275 2487 2670 2580 imperium,
2707 2497 2873 2558 tunc
2899 2486 3113 2558 decus
3146 2487 3503 2558 extollitur
3528 2487 3809 2559 Cesaree

998 2607 1410 2698 majestatis,
1469 2629 1629 2679 cum
1683 2605 2077 2679 infidelibus
2130 2630 2258 2702 pro
2304 2607 2601 2704 perfidia
2664 2630 2919 2704 penam
2978 2610 3295 2681 retribuit
3354 2621 3426 2681 et
3483 2632 3611 2705 pro
3672 2610 3808 2684 fide

996 2728 1318 2802 fidelibus
1348 2731 1608 2825 premia
1640 2731 2019 2803 liberaliter
2055 2732 2409 2824 elargitur.
2452 2732 2667 2804 Amor
2696 2732 2983 2826 quidem
3011 2733 3283 2804 virtutis
3318 2742 3482 2806 tunc
3509 2736 3809 2808 maxime

996 2856 1243 2928 crescit
1281 2855 1350 2926 in
1387 2855 1682 2929 subditis
1714 2865 1784 2928 et
1816 2856 2150 2952 proximis
2182 2879 2342 2928 cum
2382 2877 2512 2952 pro
2553 2856 2852 2929 servitiis
2888 2855 3213 2928 exhibitis
3253 2855 3590 2931 beneficia
3639 2858 3809 2930 reci-

997 2981 1280 3075 piuntur
1333 2981 1404 3050 in
1466 2980 1770 3075 presenti
1826 2989 1898 3051 et
1951 2980 2041 3052 de
2085 2980 2201 3052 die
2255 2982 2326 3052 in
2382 2981 2571 3052 diem
2621 2993 3155 3053 remunerantur
3203 2981 3290 3052 de
3340 2983 3612 3054 futuris.
3669 2984 3808 3054 Hac

995 3104 1232 3197 itaque
1274 3104 1822 3176 consideratione
1866 3104 2238 3198 premuniti
2276 3106 2398 3199 qui
2440 3104 2732 3177 Romani
2773 3105 2969 3176 frena
3013 3105 3455 3177 moderamur
3498 3107 3804 3201 imperii,

997 3248 1080 3298 ac
1125 3228 1561 3301 attendentes
1609 3248 1855 3323 puram
1905 3227 2115 3299 fidem
2172 3238 2246 3301 et
2294 3230 2738 3302 devotionem
2789 3230 3126 3302 sinceram
3167 3251 3379 3323 quam
3424 3230 3518 3304 ad
3572 3231 3808 3302 excel-

993 3351 1281 3422 lentiam
1323 3361 1630 3423 nostram
1672 3351 2008 3423 hactenus
2051 3353 2322 3443 gessisti
2380 3375 2652 3426 necnon
2696 3365 2769 3426 et
2799 3364 2998 3447 grata
3037 3354 3242 3426 valde
3278 3365 3349 3426 et
3394 3353 3625 3427 fidelia
3661 3375 3809 3426 ser·

996 3474 1164 3546 vitia
1197 3497 1333 3566 que
1370 3485 1606 3547 nostro
1638 3476 1923 3546 culmini
1955 3477 2247 3548 exhibes
2282 3477 2708 3551 incessanter
2740 3489 2812 3551 et
2837 3479 2908 3549 in
2946 3488 3152 3550 antea
3190 3478 3519 3550 exhibere
3550 3477 3808 3571 poteris

996 3599 1369 3695 ampliora3
1413 3599 1928 3671 considerantes
1961 3601 2170 3671 etiam
2202 3603 2530 3674 avunculi
2574 3603 2670 3672 tui
2720 3602 2996 3673 Henrici
3026 3601 3411 3694 landgravii
3440 3601 3807 3693 Thuringie

995 3723 1265 3795 comitis
1305 3723 1593 3794 Palatini
1625 3722 1962 3815 Saxonis,
2015 3724 2250 3798 dilecti
2300 3726 2794 3818 consanguinei
2844 3726 3092 3815 nostri,
3141 3725 3604 3820 procuratoris
3638 3726 3806 3797 Ger·

965 3848 1222 3921 manie
1260 3847 1494 3920 dilecti
1520 3847 1640 3920 filii
1674 3848 1888 3922 nostri
1922 3848 2218 3923 Conradi
2251 3851 2718 3922 Romanorum
2754 3848 2828 3919 in
2866 3868 3101 3941 regem
3138 3848 3366 3939 electi,
3403 3847 3807 3943 petitionem

994 3996 1203 4070 quam
1244 3974 1336 4048 ad
1373 3998 1503 4049 nos
1544 3977 1752 4048 etiam
1791 3998 1915 4072 per
1949 3998 2108 4048 suas
2159 3977 2421 4048 litteras
2462 3987 2532 4048 et
2573 3999 2699 4073 per
2731 3974 3234 4048 Theodoricum
3261 3974 3351 4046 de
3382 3973 3809 4046 Rodenstedt

995 4104 1449 4175 camerarium
1498 4124 1702 4175 suum
1744 4101 1945 4192 fecit,
1981 4100 2191 4192 hujus
2229 4099 2434 4192 justis
2466 4100 2789 4195 precibus
2828 4098 3134 4171 inclinati
3179 4107 3251 4169 et
3291 4097 3484 4191 quod
3538 4106 3604 4168 te
3645 4115 3805 4188 spe-

996 4226 1153 4296 ciali
1184 4227 1404 4316 gratia
1444 4226 1769 4320 prosequi
1801 4226 2124 4296 volumus
2169 4233 2242 4295 et
2281 4225 2551 4315 favore3
2590 4223 2834 4296 litteris
2875 4221 3311 4318 presentibus
3345 4230 3809 4316 protestamur

996 4358 1068 4420 et
1119 4356 1362 4419 notum
1418 4367 1569 4418 esse
1613 4350 1936 4421 volumus
1986 4347 2328 4420 universis
2370 4346 2562 4442 quod
2608 4347 2731 4418 tibi
2786 4356 2944 4441 post
2986 4354 3280 4419 mortem
3330 4343 3659 4415 avunculi
3714 4341 3813 4415 tui

995 4467 1274 4546 Henrici
1318 4470 1706 4563 landgravii
1750 4472 2120 4565 Thuringie
2170 4470 2349 4544 duos
2401 4470 2826 4567 principatus
2871 4490 3068 4560 suos,
3115 4466 3444 4541 videlicet
3484 4465 3809 4557 landgra-

995 4599 1181 4671 viam
1210 4593 1581 4685 Thuringie
1617 4604 1687 4665 et
1716 4596 2110 4667 comitivam
2150 4595 2388 4691 palatii
2423 4594 2764 4685 saxonie,
2802 4604 2873 4666 et
2903 4593 3137 4667 omnia
3170 4591 3305 4663 alia
3346 4590 3555 4664 feuda
3601 4609 3738 4683 que
3767 4608 3809 4659 a
