4364 5738
521 617 724 675 inum.
755 613 861 690 4.]
1424 609 1822 672 msronm
1870 607 2463 670 DIPLOMM'ICA.
2518 631 2525 634 ·
3238 613 3365 674 455

527 747 792 822 rendns
854 748 974 819 vir
1035 746 1362 820 dominns
1424 745 1831 818 Leonardns
1893 744 2314 816 venerabilis
2372 744 2697 816 Cavensis
2758 745 2981 818 abbas
3033 750 3367 843 exposuit

529 874 738 946 nobis
765 872 960 968 qnod
984 892 1148 943 cum
1187 870 1628 967 impetrasset
1660 868 2016 963 quoddam
2044 889 2322 941 sacrum
2351 869 2767 964 rmcriptnm
2794 869 2884 940 ab
2915 870 3360 965 imperatoria

534 999 895 1090 majestate
931 996 1024 1067 ad
1055 995 1620 1096 nobilemlvirum
1666 992 2025 1065 dominum
2057 992 2498 1065 Guilielmum
2541 992 2637 1063 de
2660 993 2895 1064 palma
2925 993 3358 1089 imper-iaiem

527 1118 974 1211 justitiarium
1027 1118 1438 1206 Basilicate,
1488 1117 1653 1210 quia
1700 1117 2036 1187 intererat
2092 1136 2220 1188 sua
2266 1126 2342 1186 et
2378 1116 2775 1187 monasterii
2816 1116 2925 1186 sni
2959 1117 3348 1211 predictum

532 1242 938 1336 mser-iptum
979 1240 1252 1313 hebere
1275 1248 1822 1335 transumptum,
1860 1239 2132 1332 rogavit
2177 1258 2313 1310 nos
2351 1250 2435 1310 ut
2475 1238 2660 1310 idem
2715 1241 3126 1335 rescriptum
3166 1250 3355 1314 tran·

530 1365 737 1437 scribi
778 1374 849 1436 et
894 1364 1118 1455 redigi
1166 1363 1554 1435 faceremus
1603 1363 1674 1433 in
1726 1363 2082 1458 puplicum
2127 1362 2649 1433 documen-tum.
2695 1364 2841 1435 Nos
2889 1376 3122 1435 antem
3174 1367 3358 1461 peti·-

528 1489 787 1561 tionem
820 1507 1018 1560 suam
1053 1496 1135 1558 nt
1161 1487 1303 1580 juri
1336 1506 1714 1559 consonam
1743 1487 2217 1576 admittentes,
2254 1486 2417 1579 quia
2450 1485 2751 1557 vidimus
2783 1495 2856 1558 et
2879 1487 3354 1584 legimuspre-

526 1613 752 1684 fatum
807 1631 1084 1683 saci-mn
1135 1610 1496 1705 imper-iaie
1544 1611 1956 1705 rescriptum
2014 1610 2395 1702 sigillatum
2455 1629 2654 1682 sacro
2718 1611 3063 1705 imperiali
3128 1613 3359 1706 sigillo

525 1757 738 1808 cereo
764 1735 954 1828 quod
988 1735 1288 1807 vidimus
1321 1735 1392 1805 in
1430 1735 1651 1829 prima
1685 1734 1907 1827 figura
1950 1733 2140 1807 omni
2171 1734 2376 1804 litura
2411 1742 2484 1804 et
2517 1735 2907 1829 suspicione
2936 1757 3181 1808 carens
3205 1791 3224 1825 ,
3263 1738 3354 1810 de

528 1860 748 1931 verbo
779 1859 871 1930 ad
915 1859 1208 1929 verbum
1242 1857 1415 1928 illud
1452 1859 2005 1952 transcripsimus
2037 1867 2108 1929 et
2139 1856 2540 1949 redegimus
2573 1858 2640 1927 in
2678 1879 2969 1951 presens
3000 1860 3352 1955 puplicum

528 1984 1078 2072 munimentum3
1113 1982 1313 2074 cujus
1344 1982 1654 2076 rescripti
1686 1991 1886 2053 tenor
1912 2002 2039 2076 per
2064 1982 2299 2052 omnia
2333 1981 2486 2052 tafis
2516 1989 2663 2052 est:

625 2106 1057 2195 Fredericus,
1091 2105 1218 2177 Dei
1251 2105 1471 2197 gratia
1500 2107 1964 2178 Romanorum
2006 2104 2703 2198 imperator‘semper
2746 2115 3121 2197 augustus,
3159 2106 3350 2179 leru-

529 2232 743 2302 salem
783 2241 852 2302 et
883 2230 1111 2302 Sicilie
1149 2251 1309 2319 rex,
1361 2229 1732 2300 Guilleimo
1777 2228 1864 2299 de
1910 2229 2144 2299 Palma
2179 2228 2553 2320 justitiario
2598 2228 2967 2299 Basilicate
2993 2227 3180 2301 fideli
3225 2253 3351 2303 sio

527 2355 815 2446 gratiam
868 2376 1064 2426 suam
1114 2361 1185 2425 et
1227 2353 1481 2425 bonam
1527 2351 1985 2422 voluntatem.
2040 2352 2412 2438 Querelam
2458 2352 2883 2423 venerabilis
2915 2351 3185 2425 abbatis
3224 2352 3351 2426 Ca-

523 2477 756 2548 vensis
793 2476 1016 2549 fidelis
1071 2477 1287 2548 nostri
1326 2476 1714 2570 recepimus
1746 2475 2216 2547 continentem
2253 2474 2440 2569 quod
2484 2497 2643 2546 cum
2678 2475 3204 2570 predecessores
3244 2480 3350 2549 sui

528 2611 598 2672 et
630 2599 781 2696 ipse*
817 2601 1042 2673 casale
1074 2599 1545 2672 Churuzosimi
1589 2599 1795 2670 situm
1832 2599 1905 2668 in
1926 2598 2373 2689 justitiariam
2415 2598 2774 2670 Basilicate
2810 2598 2882 2669 in
2920 2601 3102 2671 valle
3140 2602 3349 2695 Segni

528 2725 736 2816 longo
776 2726 925 2817 jam
977 2733 1289 2818 tempore
1340 2744 1467 2819 pro
1528 2732 1724 2817 parte
1783 2722 2182 2794 monasterii
2237 2722 2341 2794 sui
2412 2723 2721 2816 paciffice
2772 2724 3231 2816 possederunt
3281 2737 3351 2798 et

530 2848 796 2944 quiete,
834 2871 1060 2943 nuper
1093 2847 1465 2921 Adinulfus
1500 2846 1804 2942 quadam
1835 2845 2201 2919 occasione
2243 2846 2529 2917 inventa
2578 2845 2768 2940 quod
2812 2857 3113 2918 castrum
3153 2849 3350 2923 Nohe

526 2971 717 3066 quod
749 2972 879 3043 fuit
909 2970 1262 3066 quondam
1289 2971 1548 3065 Ugonis
1579 2970 1672 3043 de
1695 2971 2138 3044 claromonte
2157 2969 2525 3066 proditoris
2552 2971 2795 3061 nostri,
2824 2992 2984 3042 cum
3005 2973 3351 3066 pertinen-

531 3095 646 3167 tiis
669 3096 811 3166 suis
842 3095 972 3167 sibi
1005 3095 1341 3167 serenitas
1377 3105 1610 3167 nostra
1649 3095 2023 3186 concessit,
2065 3094 2160 3166 ad
2191 3094 2579 3189 predictum
2616 3097 2848 3167 casale
2878 3096 2948 3166 in
2990 3096 3348 3190 pertinen·-

527 3219 636 3290 tiis
675 3218 844 3312 ipsis
879 3217 1186 3312 positum
1225 3228 1488 3289 temere
1537 3239 1790 3290 manus
1830 3219 2223 3291 extendens
2262 3219 2355 3289 ab
2397 3219 2796 3291 hominibus
2844 3221 3095 3291 casalis
3133 3222 3350 3316 ipsius

520 3341 686 3412 fecit
712 3339 842 3411 sibi
866 3341 1261 3431 juramenta
1295 3339 1615 3434 prestari,
1650 3351 1720 3412 et
1749 3340 2068 3413 homines
2096 3363 2176 3412 ac
2205 3341 2507 3435 priorem
2540 3344 2830 3413 ecclesie
2863 3345 3107 3414 casalis
3134 3345 3349 3439 ipsius

518 3464 829 3537 indebite
870 3473 1204 3556 aggravat
1245 3474 1315 3537 et
1348 3465 1704 3554 molestat,
1747 3463 1834 3533 in'
1861 3464 2076 3559 ipsius
2108 3463 2377 3534 abbatis
2411 3475 2480 3535 et
2521 3467 2922 3536 monasterii
2964 3467 3069 3537 sui
3110 3471 3344 3562 preju-

521 3588 782 3660 dicium
813 3587 1280 3659 manifestum.
1331 3587 1434 3657 Eo
1480 3586 1714 3678 itaque
1755 3608 1964 3681 super
1993 3585 2125 3658 hoc
2166 3587 2517 3681 provideri
2569 3588 2695 3659 sibi
2741 3589 3135 3680 benigniter
3178 3614 3344 3686 sup-

522 3711 864 3807 plicante,
900 3710 1218 3782 fidelitati
1263 3720 1386 3781 tue
1420 3709 1873 3804 precipiendo
1916 3709 2335 3781 mandamns
2372 3709 2707 3804 quatinus
2738 3733 2901 3782 cum
2941 3713 3344 3786 intentionis

523 3843 760 3907 nostre
802 3855 942 3906 non
997 3834 1204 3905 fucrit
1255 3834 1370 3905 vel
1425 3833 1734 3905 mandati
1777 3833 1968 3926 quod
2011 3833 2144 3904 sub
2196 3832 2315 3905 tali
2363 3834 2937 3929 pertinentiarum
2982 3836 3351 3909 involucro

526 3959 1028 4031 monasterium
1055 3958 1285 4052 ipsum
1322 3956 1569 4038 aesalis
1604 3956 1898 4051 predicti
1938 3958 2377 4052 possessione
2418 3978 2541 4030 sen
2574 3958 2893 4030 dominio
2922 3958 3339 4053 privantur,

525 4092 600 4153 tu
635 4092 851 4154 totum
895 4082 968 4154 id
998 4081 1189 4175 quod
1233 4081 1334 4153 sic
1377 4082 1634 4174 injuste
1667 4080 2029 4153 occasione
2056 4081 2373 4176 *predicta
2414 4081 2504 4153 de
2546 4081 2793 4153 eodem
2833 4083 3040 4153 casali
3086 4083 3344 4154 sactum

519 4206 874 4277 inveneris
927 4206 1000 4277 in
1045 4205 1507 4300 prejudicium
1557 4204 2008 4298 supplicantis
2064 4204 2142 4276 in
2178 4204 2449 4276 irritum
2511 4226 2895 4293 revocans,
2951 4205 3339 4299 predictum

517 4328 843 4401 abbatem
876 4350 1003 4424 pro
1034 4329 1339 4401 serviciis
1372 4328 1630 4401 nostris
1662 4330 2022 4401 absentem
2057 4327 2120 4422 (l
2138 4326 2196 4423 )‚
2232 4328 2727 4399 monasterium
2758 4349 2988 4420 sunm,
3027 4329 3342 4423 ejusdem

587 4624 659 4697 (4)
695 4622 954 4682 &vensis
980 4622 1155 4682 abbas
1179 4638 1212 4683 a
1241 4623 1501 4697 legatione
1529 4623 1726 4682 mad
1752 4622 1957 4680 curiam
1982 4619 2281 4680 Romamn
2309 4621 2567 4696 mn,
2589 4631 2653 4681 nt
2676 4624 2908 4698 ridetur,
2938 4627 3336 4691 redierat-vid-

517 4736 700 4794 suprn,
725 4738 786 4794 p.
813 4723 907 4778 ⁴2⁴
944 4726 1001 4778 et
1029 4723 1158 4779 626.
3356 4766 3361 4771 ·
