4364 5738
502 570 704 629 lxma.
736 566 829 646 5.]
1399 564 1795 626 HISTORIA
1847 561 2440 626 DIPLOMATICA.
3216 565 3328 628 461

1869 804 1966 877 11.

602 979 814 1053 Solita
845 979 1274 1072 benignitate
1310 980 1571 1076 recepit
1602 990 1838 1053 nostra
1871 980 2208 1053 serenitas
2237 980 2476 1053 literas
2505 1001 2681 1075 quas
2716 980 2982 1053 misisti.
3004 982 3135 1055 Per
3161 1005 3338 1077 quas

506 1106 669 1200 quia
703 1105 1141 1202 percepimus
1171 1104 1259 1177 ad
1300 1115 1488 1177 tuam
1523 1105 1848 1178 noticiam
1889 1108 2294 1203 pervenisse
2336 1127 2430 1178 ex
2465 1107 2801 1178 relatione
2842 1107 3144 1203 plurium
3160 1161 3179 1199 ,
3215 1109 3338 1202 qui

508 1233 582 1303 P.
617 1231 874 1302 nuncio
924 1241 1045 1302 tuo
1095 1208 1553 1304 obriaverant
1572 1282 1593 1321 ‚
1629 1252 1757 1324 per
1802 1241 1871 1303 te
1921 1253 2084 1303 cum
2129 1231 2473 1304 Masnerio
2519 1232 2609 1303 de
2659 1234 2888 1324 Burgo
2927 1235 3202 1327 captivo
3243 1233 3337 1306 ad

507 1363 813 1426 nostram
879 1351 1143 1423 curiam
1195 1352 1540 1425 destinato
1560 1406 1580 1443 ,
1623 1352 1813 1446 quod
1869 1353 2057 1425 idem
2106 1354 2181 1424 P.
2238 1354 2340 1425 tui
2392 1353 2700 1425 mandati
2750 1354 3113 1427 temerarie
3161 1352 3337 1426 fines

510 1477 861 1551 excedens
882 1527 903 1565 ,
935 1475 1281 1569 prefatum
1325 1477 1421 1549 M.
1460 1487 1743 1571 captum
1790 1476 1884 1549 ad
1934 1477 2475 1572 supplicationes
2517 1477 2954 1570 quorundam
2993 1499 3120 1571 per
3150 1477 3337 1549 viam

509 1602 813 1673 solutum
844 1599 1172 1688 ducebat,
1205 1620 1364 1670 cum
1400 1609 1466 1672 te
1496 1621 1765 1672 asseras
1795 1600 2023 1672 eidem
2055 1600 2332 1674 dedisse
2363 1601 2497 1673 sub
2531 1622 2710 1695 pena
2737 1621 3033 1696 persone
3063 1601 3337 1673 distric-

512 1725 648 1795 tius
682 1722 756 1793 in
786 1720 1134 1793 mandatis
1169 1730 1247 1792 ut
1277 1742 1556 1817 semper
1584 1743 1805 1815 usque
1834 1723 1927 1796 ad
1952 1723 2219 1795 curiam
2252 1732 2561 1795 nostram
2592 1743 2753 1794 cum
2784 1723 3236 1818 compedibus
3267 1735 3339 1797 et

510 1849 761 1922 dextra
805 1845 878 1915 in
918 1866 1132 1916 manu
1165 1844 1420 1916 ducere
1457 1845 1747 1916 deberet
1778 1846 2122 1935 eundem3
2166 1856 2240 1917 et
2281 1845 2441 1918 ideo
2489 1847 2891 1941 supplicasti
2921 1847 3113 1941 quod
3146 1848 3205 1919 si
3237 1846 3338 1919 sic

510 1971 659 2042 sine
707 1970 955 2042 dextra
1003 1979 1076 2039 et
1128 1967 1580 2063 compedibus
1634 1968 1895 2040 dictum
1935 1971 2027 2042 Μ.
2067 1970 2161 2041 ad
2208 1991 2338 2041 nos
2382 1968 2673 2063 perduci
2722 1947 3159 2060 contingeret
3209 1991 3338 2064 per

513 2093 843 2182 eundem,
879 2113 1022 2163 non
1057 2090 1207 2181 tibi,
1244 2090 1369 2162 sed
1411 2091 1705 2163 fatuitati
1739 2100 1809 2163 et
1848 2091 2047 2163 ausui
2084 2091 2452 2164 temerario
2484 2092 2801 2182 ejusdem
2830 2091 3066 2162 nuncii
3097 2101 3334 2165 nostra

515 2219 919 2309 dignaretur
953 2214 1299 2286 ascribere
1327 2214 1668 2288 celsitudo
1702 2242 1720 2285 z
1768 2225 1886 2287 tua
1914 2224 2155 2287 noscat
2184 2215 2466 2288 devotio
2493 2215 2685 2307 quod
2717 2214 2905 2286 idem
2935 2215 3011 2287 P.
3035 2214 3335 2287 nuncius

517 2354 675 2414 tuus
709 2338 1182 2435 supradictum
1223 2338 1317 2410 M.
1357 2360 1517 2409 cum
1549 2338 1999 2433 compedibus
2033 2348 2104 2410 et
2130 2337 2400 2411 dextris
2426 2338 2499 2409 in
2540 2337 2861 2410 manibus
2891 2338 3333 2411 marescalcie

515 2472 747 2537 nostre
775 2471 976 2536 caute
1006 2472 1075 2532 et
1101 2459 1400 2533 fideliter
1428 2461 1826 2555 assignavit.
1863 2461 1964 2534 De
1994 2483 2078 2533 eo
2108 2471 2341 2532 autem
2374 2461 2566 2554 quod
2591 2461 2931 2532 industria
2963 2473 3083 2533 tua
3115 2462 3332 2557 scrip-

515 2589 604 2659 sit
632 2597 710 2657 ut
741 2606 951 2680 super
1002 2585 1410 2657 liberatione
1454 2585 1669 2679 ipsius
1709 2584 1978 2656 cautius
2019 2584 2397 2680 procedere
2445 2585 2883 2675 deberemus,
2924 2585 3153 2656 taliter
3183 2607 3328 2657 res-

516 2710 903 2806 pondemus
937 2708 1128 2802 quod
1159 2708 1253 2781 ad
1289 2708 1601 2799 ejusdem
1647 2708 2125 2779 liberationem
2166 2729 2307 2779 non
2347 2717 2552 2779 antea
2587 2708 3084 2803 procedemuS,
3121 2730 3331 2800 quam

515 2857 642 2933 per
666 2844 732 2907 te
759 2832 1203 2908 didicerimus
1230 2833 1421 2928 quod
1449 2833 1614 2906 inde
1641 2833 1862 2927 magis
1893 2833 2145 2906 nostris
2174 2833 2505 2929 expediat
2533 2832 2829 2907 servitiis
2857 2841 2928 2905 et
2953 2831 3225 2905 honori.

2838 3128 2910 3142 ,-

626 3416 1087 3523 FridericuS,
1134 3417 1653 3500 Romanorum
1700 3415 2144 3523 imperator,
2197 3411 2488 3520 Angelo
2542 3412 2639 3494 de
2678 3410 2903 3493 Pavia
2950 3438 3330 3520 procura-

516 3551 664 3634 tori
708 3550 964 3633 curiae
1004 3549 1084 3631 in
1140 3559 1342 3631 terra
1394 3546 1706 3629 Barensi
1750 3547 2198 3628 mandatum
2253 3544 2643 3652 quoddam
2698 3543 3140 3626 transmittit
3193 3569 3333 3652 pro

520 3682 1080 3789 archiepiscopo
1126 3681 1435 3762 Barensi
1474 3678 1677 3761 fideli
1716 3703 1884 3760 suo.

685 3894 980 3972 (Exti-act.
1010 3896 1207 3972 potius
1228 3908 1409 3969 qnam
1437 3892 1661 3951 editum
1689 3893 1752 3951 in
1779 3906 1951 3967 opere
1975 3892 2073 3951 cul
2102 3890 2310 3950 titulus
2337 3906 2352 3950 t
2380 3885 2628 3970 Colleyio
2651 3884 3088 3960 mabilloniano,
3106 3904 3166 3964 p.
3188 3897 3330 3962 161,

758 4016 834 4060 ex
874 4000 1134 4077 quodam
1170 4001 1563 4059 instrumento
1605 3996 1870 4057 cathedr.
1909 3997 2184 4056 ecclesiae
2226 3996 2527 4069 Barensls3
2565 3997 2737 4069 cujus
2772 3996 3002 4070 eoplam
3045 3996 3334 4072 integram

759 4105 979 4167 frustra
1031 4106 1475 4183 disquisivimus
1488 4144 1507 4176 ,
1552 4103 1713 4164 unde
1755 4109 2174 4181 argumentum
2205 4103 2387 4179 hujus
2433 4101 2674 4162 chartae
2718 4100 2927 4160 melius
2972 4098 3338 4178 exprimunt

763 4211 935 4272 nobis
969 4210 1219 4272 facultas
1258 4207 1644 4288 advenisset.)

617 4397 820 4467 Anno
874 4394 1367 4467 incarnationis
1409 4393 1670 4467 domini
1716 4391 1932 4464 nostri
1963 4392 2124 4465 Iesu
2167 4389 2415 4463 Christi
2460 4390 2825 4464 millesimo
2867 4391 3341 4468 ducentesimo

522 4520 1054 4614 quadragesimo
1094 4519 1389 4616 septimo
1403 4572 1424 4609 ‚
1457 4517 1728 4614 imperii
1774 4538 1941 4590 vero
1982 4516 2249 4590 domini
2284 4517 2502 4589 nostri
2532 4516 2875 4590 Frederici
2914 4518 3343 4592 invictissimi

520 4646 990 4718 Romanorum
1017 4643 1450 4740 imperatoris
1478 4663 1754 4737 semper
1770 4640 2044 4733 augusti
2067 4660 2254 4712 anno
2276 4639 2604 4715 vicesimo
2631 4642 2952 4737 septimo,
2972 4644 3166 4737 regni
3194 4645 3346 4735 ejus

3433 3492 3480 3534 19
3494 3467 3703 3533 octobrio.
