4364 5738
533 595 742 659 lunia·
769 595 861 675 3.]
1427 589 1822 651 msroma
1870 591 2462 653 menomenae.
3232 569 3387 659 263

536 738 1052 826 compararunt,
1082 723 1523 799 collatlonem
1551 734 1623 797 et
1658 725 2043 820 emptiones
2074 726 2463 821 ipsis'ratas
2487 724 2773 816 habere,
2813 738 2883 799 et
2902 729 3141 801 'omnia
3171 731 3355 803 bona

538 854 879 950 predicta,
916 874 1075 924 cum
1109 849 1539 937 nemoribuS,
1565 845 1833 942 'pratiS,
1879 850 2107 942 aquis,
2143 849 2444 945 pa'scuiS,
2485 850 2682 921 terris
2708 851 2911 923 cultis
2945 850 3017 923 e't
3050 853 3367 946 incultis,

541 987 614 1049 et
657 975 1264 1050 omnibus‘eorum
1305 972 1777 1068 pertinentiis,
1829 972 2056 1044 eidem
2095 973 2514 1045 monasterio
2555 995 2682 1068 per
2716 974 3165 1068 privilegium
3194 977 3358 1050 nos-

541 1096 726 1172 trum
768 1094 1177 1171 confirmare
1206 1097 1296 1170 de
1336 1104 1574 1168 nostra
1615 1095 1836 1198 gratia
1870 1095 2342 1188 dignaremur.
2389 1097 2531 1168 Nos
2564 1097 2773 1189 igitur
2816 1098 2933 1191 qui
2970 1097 3074 1170 'ex
3109 1098 3355 1172 huma·

540 1225 757 1295 nitate
791 1232 863 1295 et
892 1222 1130 1308 innata
1161 1219 1364 1291 nobis
1396 1220 1763 1291 clementia
1783 1272 1803 1309 ,
1844 1220 2287 1291 rationabiles
2318 1220 2708 1315 principum
2750 1221 3142 1293 nostrorum
3179 1225 3356 1319 peti-

545 1347 767 1419 tiones
798 1368 940 1418 non
971 1343 1296 1417 novimus
1339 1343 1710 1432 obaudire,
1748 1341 2287 1438 supplicationes
2319 1342 2733 1414 marchionis
2778 1345 3067 1438 predicti
3111 1346 3364 1418 effectu

545 1481 779 1542 nostre
824 1469 1043 1561 gratie
1100 1476 1595 1561 prosequentes
1615 1519 1633 1555 ,
1682 1467 2120 1538 collationem
2172 1489 2299 1561 per
2341 1467 2568 1560 ipsum
2613 1468 2703 1539 de
2745 1468 2911 1539 villa
2963 1469 3315 1541 Nissewaz
3335 1522 3355 1559 ,

545 1591 965 1665 molendinis
1019 1591 1092 1660 in
1141 1589 1498 1679 GriminiS,
1553 1588 1800 1679 viginti
1855 1589 2113 1660 mansis
2165 1598 2235 1659 et
2277 1610 2419 1660 uno
2469 1590 2541 1658 in
2592 1590 2927 1680 Ganzich,
2977 1589 3362 1691 emptiones

548 1736 827 1807 quoque
865 1732 1040 1806 quas
1085 1712 1175 1783 de
1220 1709 1428 1782 bonis'
1466 1710 2017 1782 ministerialium
2056 1720 2454 1784 nostrorum
2490 1713 2956 1807 predictorum
3008 1716 3358 1806 fecerunt,

549 1837 622 1907 in
666 1837 833 1909 villa
880 1838 1203 1909 Oztrowe
1242 1845 1312 1905 et
1343 1835 1652 1927 quinque
1697 1834 1952 1905 mansis
1993 1836 2066 1904 in
2112 1835 2357 1927 Leine,
2411 1835 2588 1906 sicut
2632 1838 3362 1930 prefatomonasterio

544 1961 731 2051 juste
761 1978 845 2030 ac
884 1939 1592 2029 rationabiliterlacte
1624 1965 1821 2044 sunt,
1858 1963 2042 2026 ratas
2078 1956 2384 2047 gerimus
2423 1965 2495 2027 et
2531 1958 2763 2028 omnia
2792 1959 2981 2030 bona
3013 1961 3357 2054 predicta,

552 2104 714 2154 cum
759 2080 1195 2167 nemoribus,
1243 2078 1475 2171 aquiS,
1513 2075 1762 2170 pratis,
1802 2077 2001 2147 terris
2046 2077 2249 2147 cultis
2296 2087 2366 2148 et
2401 2077 2712 2168 incultis,
2758 2080 3066 2173 pascuis,
3104 2092 3175 2153 et
3212 2105 3361 2154 om-

552 2204 759 2275 nibus
791 2223 1031 2274 eorum
1064 2199 1522 2295 pertinentiis,
1559 2207 1925 2292 prenotato
1958 2199 2373 2284 monasterio
2403 2208 2474 2269 et
2499 2202 2811 2294 personis
2842 2203 2912 2271 in
2949 2224 3031 2274 eo
3072 2207 3365 2286 Domino

553 2326 1048 2418 famulantibus
1095 2324 1167 2394 in
1209 2332 1622 2419 perpetuum
1668 2319 2180 2393 confirmamus.
2229 2322 2606 2414 Statuimus
2655 2324 2865 2415 igitur
2906 2337 2976 2396 et
3029 2329 3366 2422 presentis

554 2449 894 2546 privilegii
911 2447 1317 2519 auctoritate
1343 2446 1650 2518 districte
1677 2444 2122 2548 precipiendo
2147 2445 2557 2516 mandamus
2580 2447 2904 2538 quatinus
2930 2451 3162 2521 nullus
3185 2452 3361 2543 dux,

556 2573 789 2644 nullus
835 2545 1178 2660 marchio,
1225 2570 1461 2640 nullus
1508 2568 1868 2664 princepS,
1919 2568 2152 2639 nullus
2194 2589 2462 2657 comeS,
2517 2570 2749 2640 nullus
2794 2572 3133 2664 prelatus,
3179 2575 3370 2647 nulla

559 2678 861 2790 denique
905 2677 1202 2791 persona
1238 2693 1377 2765 alta
1401 2679 1523 2764 ¹vel
1558 2691 1874 2782 humiliS,
1918 2690 2380 2762 ecclesiastica
2427 2690 2538 2761 vel
2584 2692 2973 2784 mundana,
3019 2698 3368 2789 prenomi-

560 2807 800 2891 natum
841 2809 1334 2889 monasterium
1364 2814 1435 2884 in
1467 2809 1670 2885 bonis
1707 2811 2105 2907 prescriptis
2142 2821 2214 2883 et
2257 2811 2580 2883 omnihus
2615 2834 2854 2884 eorum
2901 2805 3367 2911 pertinentiis,

562 2952 805 3014 contra
845 2940 1186 3036 presentis
1238 2936 1742 3008 ratihabitionis
1794 2946 1865 3006 et
1914 2934 2455 3007 confirmationis
2500 2947 2734 3008 nostre
2783 2948 3095 3011 tenorem
3151 2941 3373 3039 impe·

562 3064 741 3154 dire,
776 3063 1169 3150 molestare,
1206 3082 1330 3132 seu
1361 3060 1769 3154 perturbare
1803 3067 2182 3152 presumat.
2219 3059 2421 3142 Quod
2456 3059 2576 3151 qui
2616 3064 3143 3156 presumpserit,
3194 3065 3375 3137 indi-

562 3184 966 3278 gnationem
1007 3182 1226 3253 nostri
1256 3179 1600 3271 culminis,
1643 3190 1713 3251 et
1737 3201 1992 3281 penam
2034 3179 2534 3272 quinquaginta
2575 3181 2905 3253 librarum
2948 3186 3097 3256 auri
3138 3209 3211 3258 se
3248 3210 3375 3260 no·

563 3305 747 3378 verit
790 3305 1262 3392 incursurum,
1308 3323 1605 3394 quarum
1641 3301 1974 3374 medietas
2011 3323 2284 3373 camere
2323 3317 2593 3396 nostre,
2639 3305 2907 3399 reliqua
2944 3330 3112 3380 vero
3159 3312 3377 3404 passis

566 3428 890 3522 injuriam
955 3425 1365 3521 applicetur.
1428 3424 1543 3495 Ad
1602 3424 1813 3516 hujus
1864 3424 2073 3517 igitur
2139 3426 2644 3498 ratihabitionis
2704 3438 2774 3499 et
2841 3429 3378 3506 confirmationis

565 3532 801 3626 nostre
830 3548 1133 3622 futuram
1162 3547 1567 3619 memoriam
1600 3556 1672 3619 et
1712 3546 1924 3619 r'obur
1945 3548 2704 3643 ‘perpetuo'valiturum
2723 3546 3061 3644 ,presens
3090 3556 3374 3649 privile-

566 3678 757 3770 gium
791 3672 942 3746 fieri
970 3683 1040 3746 et
1070 3671 1450 3764 majestatis
1480 3681 1716 3743 nostre
1744 3670 1967 3762 sigillo
1995 3671 2326 3762 jussimus
2357 3671 2790 3745 communiri.

665 3800 887 3891 Hujus
923 3796 1025 3868 rei
1068 3794 1280 3867 testes
1331 3804 1495 3865 sunt
1537 3822 1555 3866 ε
1604 3793 1933 3865 Albertus
1975 3794 2395 3867 venerabilis
2438 3792 3371 3891 patriarcha‘AntiochenuS,

569 3923 933 3996 Bertoldus
991 3917 1381 4015 patriarcha
1409 3917 1944 4011 Aquilegensis,
1998 3918 2341 3991 Berardus
2402 3919 2955 4014 archiepiscopus
3022 3917 3376 3993 Panormi-

574 4044 776 4119 tanus
796 4096 817 4135 ,
857 4043 1181 4115 Nicolaus
1242 4039 1800 4135 archiepiscopus
1851 4040 2264 4112 Tarentinus
2284 4095 2304 4130 ,
2351 4042 2619 4114 Ulricus
2677 4043 3039 4137 episcopus
3092 4040 3377 4138 Terges-

575 4168 795 4258 tinus,
828 4165 1182 4239 Odorisius
1229 4164 1595 4259 episcopus
1630 4162 2089 4252 Marsicanus,
2138 4163 2525 4235 Fridericus
2555 4162 2761 4233 filius*
2790 4164 3142 4256 quondam
3191 4168 3377 4238 Hen-

578 4286 1021 4364 ricissillustris
1036 4269 1047 4311 ‘³
1065 4288 1250 4381 regis
1284 4288 1751 4360 Romanorum
1771 4339 1791 4378 ,
1834 4284 2221 4358 Fridericus
2269 4283 2451 4357 filius
2500 4285 2781 4357 illustris
2831 4287 3012 4379 regis
3051 4289 3372 4384 Castelle,

575 4410 958 4500 Richardus
1000 4430 1235 4482 comes
1276 4411 1719 4499 CasertanuS,
1758 4407 2088 4498 magister
2120 4407 2364 4479 Petrus
2400 4407 2489 4480 de
2524 4409 2740 4481 Vinea
2764 4463 2782 4499 ,
2823 4411 3149 4502 magister
3197 4414 3378 4487 Tad-

579 4508 757 4608 ‹leus
792 4532 883 4604 de
913 4533 1191 4624 Suessa,
1226 4536 1477 4625 magne
1519 4528 1894 4627 imperialis
1933 4528 2140 4602 curie‘
2154 4530 2461 4621 judices,
2492 4534 2572 4603 *et
2604 4532 2721 4603 alii
2752 4534 3254 4629 quamplures.'
