4364 5738
1035 574 1158 637 316
2026 573 2455 635 Fnlnmtlcl
2505 572 2849 635 SECUNDI
3299 646 3306 651 ,
3461 574 3624 652 [Anu.
3663 573 3830 635 1245.

1034 709 1340 782 Ecclesia
1387 720 1457 781 et
1501 706 2016 803 archiepiscopo
2065 708 2493 801 Maguntino.
2551 706 2660 779 Ad
2711 710 2910 801 cujus
2958 709 3059 781 rei
3107 708 3508 781 memoriam
3558 730 3837 805 presens

1036 835 1367 929 scriptum
1402 831 1550 904 fieri
1578 843 1648 903 et
1673 832 1896 924 sigillo
1923 841 2159 904 nostro
2179 832 2511 924 jussimus
2539 832 2970 905 communiri.

1131 957 1382 1029 Datum
1407 959 1678 1029 verone
1695 1007 1715 1045 ‚
1744 957 1891 1028 VIlI
1915 955 2105 1048 julii,
2140 954 2349 1027 tercie
2376 955 2791 1027 indictionis,

710 1524 882 1577 ’Μ’-
1138 1520 1551 1629 Imperator
1586 1520 1708 1602 die
1742 1518 2122 1601 dominico
2152 1518 2350 1600 VlIII
2375 1518 2659 1599 mensis
2683 1516 2855 1626 julii
2890 1518 3094 1601 venit
3132 1518 3582 1600 Cremonam
3618 1522 3829 1603 ordi-

1033 1654 1388 1762 navitque
1459 1652 1561 1734 ibi
1638 1652 2130 1760 quamplures
2193 1651 2470 1733 milites
2528 1649 2730 1758 fieri,
2795 1650 3074 1733 scilicet
3142 1649 3339 1733 filios
3406 1651 3674 1735 Janoni
3737 1653 3830 1735 de

1031 1787 1308 1869 Audito
1364 1795 1437 1868 et
1481 1785 1697 1867 alios.
1748 1785 1844 1866 Et
1894 1785 2071 1867 inde
2121 1792 2454 1866 semotus
2507 1809 2682 1866 cum
2733 1810 2911 1894 rege
2967 1784 3314 1867 Conrado
3358 1783 3516 1865 filio
3566 1811 3706 1868 suo
3757 1796 3829 1867 et

1029 1945 1309 2029 magna
1379 1918 1709 2001 militum
1771 1918 2122 2001 comitiva
2176 1916 2485 2027 Papiam
2543 1915 2929 2024 equitavit.
3000 1915 3288 1998 Interea
3358 1915 3584 1999 filius
3633 1918 3823 2027 regis

1028 2052 1394 2135 Castellae
1451 2051 1583 2161 qui
1641 2077 1814 2132 cum
1881 2076 1971 2132 eo
2026 2060 2233 2155 erat,
2290 2048 2488 2157 fugit
2534 2048 3071 2131 Mediolanum.
3131 2049 3227 2157 Et
3267 2048 3442 2132 inde
3494 2061 3822 2133 semotus

1024 2185 1443 2267 Taurinum
1490 2184 1877 2292 equitavit.
1939 2180 2279 2266 Chronic.
2342 2185 2431 2262 de
2475 2182 2690 2262 rebus
2747 2180 2824 2261 in
2877 2184 3053 2263 Ital.
3109 2195 3330 2290 qest.,
3383 2208 3460 2290 p.
3511 2186 3817 2267 196.—

1018 2315 1345 2426 Fingens
1401 2326 1654 2397 autem
1713 2316 1768 2397 F
1774 2314 2137 2398 ridericus
2196 2340 2277 2395 se
2327 2313 2519 2396 velle
2565 2314 2664 2395 ad
2716 2313 3121 2395 concilium
3172 2339 3574 2422 properare
3624 2316 3816 2398 venit

1017 2447 1327 2556 Papiam
1347 2508 1369 2549 ‚
1435 2448 1708 2529 deinde
1772 2446 2340 2528 Alexandriam.
2417 2445 2555 2527 Cui
2629 2445 3117 2528 Alexandrini
3191 2445 3435 2530 claves
3506 2447 3814 2530 civitatis

1019 2579 1515 2663 Alexandriae
1542 2594 1616 2661 et
1649 2581 1908 2660 omnia
1944 2603 2212 2662 eorum
2248 2587 2498 2659 castra
2533 2577 3031 2659 tradiderunt.
3074 2576 3359 2660 Deinde
3392 2579 3595 2661 venit
3621 2580 3808 2662 Ter-

1015 2712 1336 2816 donam3
1368 2723 1857 2794 occurrerunt
1882 2711 2108 2819 etiam
2147 2710 2581 2819 imperatori
2620 2709 2958 2792 marchio
2993 2709 3565 2818 Montisferrati,
3594 2738 3808 2792 mar-

1014 2844 1319 2928 chiones
1366 2845 1461 2927 de
1503 2844 1698 2929 Ceva
1753 2855 1828 2927 et
1872 2843 2312 2928 Maufredus
2366 2843 2462 2924 de
2514 2840 2879 2924 Carretto.
2942 2840 3248 2950 Cassari
3291 2846 3555 2926 Annal.
3604 2852 3802 2948 Gen„

1014 3003 1136 3086 ap.
1178 2977 1589 3079 Mummii„
1631 2978 2040 3086 Serimon,
2080 2987 2136 3058 t.
2179 2975 2318 3081 Vl,
2357 3002 2435 3084 p.
2480 2975 2667 3057 507.

654 3550 887 3660 ¹13⁸3¹ffl²
1112 3552 1591 3635 Innocentius
1644 3580 1839 3663 papa
1903 3553 2296 3664 privilegia
2357 3554 2742 3637 Romanae
2802 3553 3177 3636 Ecclesiae
3234 3553 3332 3635 ab
3393 3553 3803 3662 imperato-

1005 3686 1219 3768 ribus
1254 3696 1328 3768 et
1364 3685 1625 3768 multis
1663 3686 1968 3794 regibus
1998 3686 2142 3768 sub
2168 3686 2482 3769 diversis
2522 3686 2991 3795 temporibus
3027 3712 3413 3792 concessa,
3450 3687 3530 3767 in
3567 3709 3798 3768 unum

1002 3816 1259 3927 colligi
1303 3828 1378 3900 et
1413 3817 1811 3899 transcribi
1842 3817 2099 3926 jubet3
2150 3818 2432 3927 quibus
2486 3818 2982 3926 transumptis
3032 3818 3540 3927 quadraginta
3580 3841 3799 3925 prae-

1000 3950 1134 4032 lati
1169 3950 1250 4032 in
1284 3950 1603 4033 concilio
1639 3949 2130 4058 Lugdunensi
2171 3960 2598 4058 praesentes
2642 3950 2894 4058 sigilla
2930 3976 3069 4032 sua
3114 3960 3534 4059 apponunt.
3621 4005 3624 4010 ,

1161 4165 1459 4244 (Aderant
1484 4164 1603 4226 duo
1623 4171 1682 4224 et
1708 4169 1963 4241 quatuor
1984 4165 2195 4243 viginti
2221 4170 2352 4224 tum
2379 4164 2722 4241 diplomata,
2748 4171 2877 4225 tum
2900 4165 3183 4241 epistolae
3206 4181 3308 4224 seu
3331 4164 3629 4238 mandata,
3653 4170 3711 4223 et
3735 4165 3796 4222 in

1234 4271 1405 4331 XVII
1442 4270 1652 4332 rotulis
1688 4271 2086 4350 pergameneis
2119 4271 2593 4331 continebantur.
2632 4272 2745 4346 Qui
2775 4272 2954 4332 rotuli
2999 4271 3076 4331 ab
3109 4273 3237 4347 ipso
3267 4287 3501 4332 summo
3527 4269 3798 4347 pontifice

1236 4377 1299 4434 in
1326 4374 1564 4435 archivo
1592 4376 1962 4437 cluniacensi
1989 4377 2239 4454 depositi
2275 4383 2334 4436 et
2369 4391 2557 4454 usque
2583 4376 2659 4436 ad
2684 4375 2865 4436 finem
2894 4376 3073 4436 seculi
3113 4378 3308 4436 octavi
3337 4375 3547 4436 decimi
3580 4374 3793 4434 ibidem

1236 4482 1539 4555 asservati,
1564 4487 1769 4540 utrum
1789 4482 2071 4543 destructi
2091 4483 2310 4543 fuerint
2336 4500 2414 4543 an
2436 4481 2632 4543 adbuc
2657 4485 2949 4559 supersint
2976 4481 3078 4543 sed
3103 4481 3456 4552 absconditi,
3476 4496 3600 4541 non
3626 4480 3796 4556 piane

1234 4584 1438 4662 liquet.
1467 4585 1636 4646 Unus
1661 4588 2072 4648 tantummodo
2103 4587 2179 4648 ad
2208 4587 2621 4649 bibliothecam
2648 4586 2953 4648 Cesaream
2981 4588 3367 4649 Parisiensem
3394 4586 3651 4662 devenit,
3676 4599 3793 4661 quo

1230 4695 1493 4769 inspecto
1519 4691 1748 4753 facilius
1774 4694 1850 4754 de
1883 4695 2072 4756 torma
2099 4702 2162 4757 et
2191 4694 2383 4775 figura
2404 4701 2764 4757 caeterorum
2790 4693 3122 4755 edocemur.
3152 4695 3224 4754 In
3251 4709 3357 4754 ora
3381 4691 3641 4753 inferiori
3659 4706 3794 4769 per-
