4364 5738
547 597 753 659 mm.
784 596 881 675 5.]
1439 596 1839 664 ms’roma
1877 596 2480 663 macunen.
3259 603 3387 667 ιω

552 732 844 805 sollicita
891 729 1341 805 meditatione
1400 753 1776 828 pensamus
1799 785 1822 823 ‚
1874 734 1946 805 in
1991 734 2367 807 Henricum
2412 732 2745 805 dilectum
2798 731 3018 805 filium
3065 745 3380 809 nostrum

550 866 879 950 nepotem
929 862 1243 926 vestrum
1291 852 1531 950 (cujus
1588 855 1872 928 nomine
1928 878 2167 948 regem
2212 856 2614 929 Heinricum
2681 877 2891 928 avum
2934 867 3247 930 vestrum
3282 858 3382 956 (a)

549 978 846 1069 gloriose
883 977 1214 1049 memorie
1253 978 1694 1050 laudabiliter
1729 977 2194 1074 excitamus),
2238 1001 2451 1073 quem
2478 988 2809 1073 tanquam
2842 979 3160 1053 durabile
3201 982 3383 1055 inter

549 1119 678 1173 nos
709 1100 962 1197 pignus
1004 1101 1262 1174 amoris
1292 1102 1592 1178 fecunda
1631 1102 1839 1178 nobis
1868 1111 2117 1178 nature
2150 1102 2456 1198 provisio
2501 1103 2830 1194 contulit,
2875 1104 3133 1184 favoris
3153 1107 3382 1190 ‚nostri

545 1227 840 1321 gratiam
887 1226 1188 1299 libenter
1231 1226 1712 1318 extendimus,
1753 1237 1824 1303 et
1859 1229 2087 1324 gratie
2124 1237 2366 1307 nostre
2392 1229 2710 1308 ‚favorem
2759 1228 3089 1309 libentius
3124 1251 3382 1327 propa.-

520 1370 815 1443 ,gamuffl
835 1351 1026 1422 ‚Ecce
1049 1350 1286 1443 itaque
1313 1370 1447 1448 pro
1473 1348 1716 1423 arduis
1748 1351 2164 1428 excellentie
2202 1361 2438 1440 nostre
2465 1352 2802 1448 negociis,
2841 1353 2935 1428 ad
2962 1355 3383 1456 repetendas

542 1484 777 1570 partes
827 1473 1097 1545 Italicas
1140 1481 1281 1544 tam
1333 1473 1699 1566 magnifice
1752 1497 1963 1569 quam
2014 1485 2338 1570 potenter
2380 1476 2707 1567 accincti,
2771 1479 3117 1570 prefatum
3154 1478 3376 1562 ‚Hein-

543 1597 765 1669 ricum
784 1650 806 1688 ‚
849 1618 1046 1669 sacro
1087 1597 1277 1668 fonte
1319 1597 1754 1693 baptismatis
1784 1597 2140 1693 tripudiali
2185 1598 2602 1671 solennitate
2637 1608 2997 1691 renatum,
3041 1602 3113 1671 in
3160 1623 3377 1694 regno

543 1721 774 1795 Sicilie
813 1722 969 1793 loco
998 1721 1223 1792 nostri
1263 1741 1351 1792 ac
1386 1722 1586 1793 velut
1626 1723 1864 1794 vultus
1914 1729 1987 1793 et
2019 1719 2346 1817 ‘potentie
2390 1730 2626 1793 nostre
2673 1724 3031 1817 speculum
3051 1776 3071 1814 ,
3116 1724 3377 1796 relictis

542 1843 676 1916 sibi
714 1844 1120 1917 consiliariis
1159 1845 1250 1918 de
1295 1865 1595 1937 quorum
1635 1844 1921 1917 consilio
1963 1844 2088 1917 toti
2142 1866 2359 1935 regno
2397 1844 2758 1939 disponat,
2811 1845 3104 1940 provida
3150 1869 3378 1942 nuper

541 1965 1039 2040 deliberatione
1097 1967 1510 2063 prehabita‚
1567 1967 2005 2063 providimus
2070 1966 2609 2057 dimittendum;
2681 1969 2866 2041 facto
2954 1969 3028 2040 in
3101 1971 3373 2050 solenni

543 2091 735 2164 curia
780 2090 885 2189 (⁴)
937 2091 1249 2185 generali
1299 2091 1629 2162 mandato
1677 2090 2019 2163 universis
2061 2090 2268 2183 regni
2318 2088 2647 2167 fidelibus
2698 2099 2781 2162 ut
2837 2090 3102 2182 eidem,
3150 2114 3375 2185 quem

540 2215 723 2287 inter
763 2236 883 2288 eos
918 2216 1113 2287 velut
1147 2214 1635 2306 imaginarium
1672 2234 1968 2308 persone
2007 2223 2246 2288 nostre
2279 2213 2773 2307 relinquimus,
2810 2222 3166 2307 tamquam
3205 2236 3370 2310 perr·

541 2360 711 2412 sone
744 2348 978 2411 nostre
1009 2345 1414 2410 reverenter
1455 2336 1787 2410 obediant
1828 2346 1901 2408 et
1938 2337 2330 2411 intendant.
2376 2339 2483 2411 De
2519 2338 2719 2429 cujus
2761 2345 2904 2416 tam
2947 2338 3157 2428 longa
3192 2338 3370 2420 dila-

543 2461 730 2534 tione
765 2461 1202 2558 baptismatis
1240 2460 1477 2532 mirari
1520 2482 1650 2534 vos
1686 2461 2051 2553 nolumus,
2097 2482 2259 2534 cum
2302 2460 2397 2535 ad
2443 2481 2686 2555 preces
2714 2461 3160 2553 ,quorundam
3193 2461 3370 2544 amis·

541 2604 779 2659 corum
812 2592 1207 2655 nostrorum
1243 2582 1337 2656 ,de
1373 2582 1607 2678 papali
1642 2581 1872 2674 curia,
1905 2604 2096 2677 quas
2135 2581 2472 2656 obaudire
2503 2581 2882 2673 nescimus,
2927 2603 3021 2653 ex
3052 2582 3368 2676 ¹ipsorum

539 2709 826 2782 consilio
864 2710 1092 2781 fuerat
1133 2708 1497 2804 hucusque
1533 2707 1863 2799 dilatum,
1909 2717 1991 2779 ut
2030 2707 2103 2780 in
2139 2707 2633 2784 reformatione
2669 2706 2863 2800 pacis
2906 2705 3088 2776 inter
3128 2727 3256 2778 nos
3296 2716 3377 2792 et,

538 2832 918 2907 Romanam
944 2831 1362 2923 Ecclesiam,
1398 2831 1471 2904 in
1509 2831 1713 2925 ,cnjus
1763 2830 2249 2925 expectatione
2291 2829 2562 2903 diutina
2600 2839 2839 2901 nostra
2878 2839 3143 2902 suntet
3182 2830 3363 2902 mul-

539 2967 768 3031 torum
799 2960 948 3050 jam
992 2967 1158 3030 vota
1207 2959 1571 3048 frustrata,
1628 2977 1713 3028 eo
1766 2955 2200 3029 manifestius
2254 2954 2451 3047 signa
2496 2954 2816 3048 perpetui
2866 2962 2937 3024 et
2984 2954 3365 3035 constantis

536 3079 794 3152 amoris
832 3079 1267 3170 ostenderet,
1315 3101 1456 3173 quo
1499 3079 1889 3152 traderetur
1933 3078 2289 3153 solennius
2334 3098 2608 3153 summo
2650 3075 2960 3172 pontifici
2999 3076 3360 3171 baptizan-

536 3203 697 3275 dus,
750 3203 893 3271 Hec
935 3221 1065 3272 nos
1093 3201 1415 3295 profecto
1454 3210 1684 3273 vestre
1729 3202 2084 3274 serenitati
2123 3201 2619 3292 describimus,
2662 3208 2744 3272 ut
2781 3209 3122 3295 quantum
3160 3200 3363 3274 vobis

536 3322 1048 3418 magnificentia
1083 3332 1320 3395 nostra
1353 3324 1635 3429 placere
1681 3323 2068 3413 desideret,
2113 3333 2347 3395 vestra
2391 3323 2728 3395 serenitas
2761 3333 3002 3419 aperte
3040 3325 3363 3416 conjiciat

537 3460 609 3521 et
662 3448 961 3542 qualiter
1007 3447 1190 3517 inter
1237 3446 1409 3518 alios
1458 3444 1700 3534 affines
1757 3454 2031 3516 nostros
2059 3465 2441 3538 personam
2487 3453 2792 3521 vestram
2842 3446 3149 3518 tenerius
3198 3446 3356 3527 dili-

534 3593 816 3666 gamuS,
851 3569 1275 3662 argumentis
1315 3567 1755 3642 evidentibus
1792 3565 2301 3661 apprehendat.

620 3773 702 3854 (a)
747 3774 840 3835 Ibi
863 3776 930 3833 in
955 3775 1239 3851 impresso
1264 3768 1633 3831 meditatione
1664 3789 1687 3827 .-
1713 3768 1874 3847 quod
1900 3767 2166 3829 abundat
2193 3774 2254 3830 et
2280 3771 2345 3829 in
2371 3767 2603 3829 duobus
2630 3767 2929 3829 codicibus
2954 3767 3139 3830 deest.

587 4062 679 4137 ’(1)
709 4060 928 4120 Dehac
947 4061 1171 4120 solemni
1194 4060 1347 4118 curia
1374 4059 1581 4116 nullum
1603 4057 1766 4115 alium
1792 4061 2141 4115 coaetaneum
2164 4063 2364 4115 testem
2391 4057 2660 4115 adducere
2684 4070 2989 4130 possumus.
3011 4054 3351 4114 celebratam

533 4158 698 4217 fuisse
734 4157 1399 4233 apudNoapolimmonet
1431 4155 1712 4213 Ram-rus
1744 4155 1890 4229 apul
1921 4157 2226 4224 mlum,
2256 4154 2423 4213 «Tlos.
2464 4153 2733 4227 antiquit.
2761 4140 2952 4225 sicit,
2983 4160 3024 4212 t.
3057 4155 3126 4225 V,
3156 4171 3213 4228 p.
3233 4156 3346 4227 ω,

533 4256 952 4314 consiliariorum
979 4255 1284 4312 nominibus
1318 4270 1427 4310 non
1458 4253 1751 4325 adjunctis,
1785 4268 1925 4324 quos
1960 4258 2142 4311 tamen
2177 4252 2346 4311 tuisse
2380 4252 2635 4310 comitem
2667 4251 3013 4318 Casertanum
3044 4253 3351 4337 dtr-apha-

530 4368 672 4425 mm,
696 4354 918 4410 Petrum
944 4354 1157 4409 Rufl'um
1175 4353 1334 4423 ultra,
1356 4368 1424 4408 ex
1447 4348 1797 4424 sequentibus
1818 4342 2154 4405 documentis
2176 4348 2444 4422 conjicere
2469 4350 2609 4406 licet.
2634 4348 2692 4405 In
2713 4365 2811 4407 sua
2833 4348 3107 4408 Friderici
3129 4350 3352 4409 secundi

530 4451 655 4507 vim
675 4450 843 4508 Pand.
865 4450 1249 4523 Collenuccius,
1276 4465 1456 4506 rerum
1477 4447 1642 4523 hujus
1662 4445 1780 4505 aevi
1804 4451 1891 4504 sat
1913 4446 2053 4505 bene
2067 4461 2311 4525 fimus,
2327 4446 2400 4511 ad
2433 4461 2556 4512 eam
2587 4448 2959 4514 tantummodo
2982 4464 3146 4522 quam
3167 4448 3346 4507 denuo

531 4548 737 4606 edimus
762 4547 1043 4622 epistolam
1067 4548 1284 4605 stetisse
1313 4546 1542 4604 videtur.
