4364 5738
581 508 782 568 humer.
814 505 906 585 2.]
1467 506 1863 568 HISTORIA
1889 509 2508 571 mannulos.
3290 508 3396 568 131

582 663 876 737 persone
927 650 1043 713 tue
1092 663 1303 735 quam
1356 643 1791 737 prerogativa
1837 643 2227 716 dilectionis
2273 655 2343 716 et
2395 645 2614 736 gratie
2670 644 3194 740 complectimur
3242 665 3403 738 spe·

582 765 742 839 ciali
765 775 835 838 et
856 766 1143 838 sinceris
1170 763 1592 837 intendimus
1622 766 1980 838 affectibus
2011 769 2411 859 confovere,
2439 778 2808 863 paternum
2847 776 3240 861 respectum
3276 767 3402 839 ha-

582 889 855 978 benteS,
887 910 971 960 ac
992 888 1528 962 viterbiensium
1563 889 1870 984 pericula
1901 900 1972 962 et
2007 891 2215 961 etiam
2239 892 2532 963 aliorum
2561 893 2682 985 qui
2715 892 2804 963 ad
2832 891 3240 962 mandatum
3268 891 3405 962 Ec-

584 1013 790 1085 clesie
832 1012 1223 1103 redierunt,
1261 1012 1516 1106 quibus
1548 1013 1606 1084 si
1636 1014 1706 1082 in
1742 1036 1988 1085 manus
2027 1014 2417 1087 inciderent
2448 1015 2705 1087 inimici
2742 1015 3114 1087 discrimen
3163 1014 3406 1109 capitis

584 1134 1004 1225 immineret,
1023 1135 1137 1230 pia
1155 1134 1708 1208 consideratione
1728 1158 1988 1231 pensan
1997 1145 2123 1228 teS,
2146 1158 2545 1230 quanquam
2562 1138 2786 1209 nuntii
2810 1148 2881 1208 et
2904 1138 3408 1209 ambassatores

584 1259 793 1331 iidem
823 1279 964 1354 'pro
1005 1269 1162 1331 octo
1214 1269 1284 1330 et
1337 1259 1734 1352 quindecim
1787 1260 2033 1331 diebus
2084 1270 2355 1332 tantum
2396 1260 2932 1356 quingentorum
2987 1261 3284 1333 militum
3340 1271 3411 1331 et

586 1385 773 1456 mille
806 1384 1122 1479 peditum
1163 1384 1547 1456 subsidium
1593 1385 2139 1480 postulaverint,
2193 1384 2536 1457 desideria
2575 1394 2807 1456 tamen
2854 1385 3245 1480 supplicum
3283 1405 3409 1456 ex·

586 1509 903 1582 cedendo
942 1529 1035 1579 ex
1065 1509 1444 1602 apostolice
1485 1507 1921 1580 abundantia
1952 1509 2264 1604 pietatis,
2303 1508 2444 1582 duo
2476 1509 2689 1580 millia
2721 1509 3138 1602 quingentas
3173 1509 3414 1580 uncias

587 1634 740 1703 auri
772 1633 863 1705 ad
895 1632 1172 1727 pondus
1216 1634 1634 1722 Romanum,
1676 1634 2193 1706 connumeratis
2218 1634 2621 1726 quingentis
2648 1633 2898 1705 marcis
2924 1632 3413 1724 sterlingorum

589 1778 764 1849 quas
794 1777 922 1851 per
946 1758 1303 1849 Arengum
1332 1766 1786 1829 mercatorem
1815 1757 2287 1829 Florentinum
2321 1779 2546 1852 nuper
2572 1757 2696 1827 tibi
2728 1756 3212 1830 mandavimus
3243 1756 3415 1828 assi-

588 1880 814 1971 gnari,
854 1901 981 1974 pro
1028 1879 1390 1974 stipendiis
1418 1880 1716 1950 militum
1759 1888 1830 1952 et
1873 1880 2186 1974 peditum
2236 1881 2706 1974 predictorum
2737 1879 3259 1952 retinendorum
3291 1900 3416 1974 per

589 2025 903 2076 mensem
944 2003 1002 2074 si
1039 2002 1247 2073 fuerit
1280 2011 1738 2096 oportunum,
1781 2003 2179 2074 discretioni
2224 2013 2338 2073 tue
2377 2026 2500 2096 per
2546 2004 2877 2076 dilectum
2909 2002 3126 2074 filium
3161 2004 3415 2096 magis-

592 2138 778 2199 trum
816 2126 1189 2199 Martinum
1238 2125 1566 2197 clericum
1603 2135 1916 2197 nostrum
1969 2127 2258 2197 latorem
2298 2127 2723 2219 presentium
2772 2127 3239 2216 destinamus;
3287 2125 3415 2198 ha-

593 2272 752 2322 rum
793 2251 970 2322 serie
1001 2250 1463 2340 declarantes,
1498 2250 1677 2320 sicut
1707 2258 2034 2320 oretenus
2079 2248 2386 2321 diximus
2424 2249 2680 2320 nuntiis
2722 2259 2793 2320 et
2830 2249 3417 2321 ambassatoribus

591 2375 982 2470 prelibatis,
1025 2374 1214 2466 quod
1247 2372 1340 2444 ad
1380 2374 1609 2445 nullos
1646 2394 1985 2466 equorum
2016 2373 2127 2444 vel
2160 2394 2514 2445 armorum
2545 2394 2667 2444 seu
2713 2374 2922 2445 etiam
2953 2373 3418 2466 quarumlibet

592 2521 824 2570 rerum
860 2499 1080 2571 teneri
1111 2499 1436 2570 volumus
1467 2497 1781 2570 redditus
1810 2499 1922 2570 vel
1958 2497 2326 2588 emendas,
2362 2510 2436 2568 et
2466 2519 2626 2568 cum
2655 2519 2782 2592 pro
2812 2498 3215 2569 defensione
3244 2497 3415 2574 civi-e

597 2624 753 2695 tatis
794 2623 1036 2694 militia
1068 2622 1296 2694 minus
1325 2621 1717 2694 necessaria
1752 2619 2099 2712 videatur,
2137 2620 2410 2716 pedites
2445 2630 2676 2692 autem
2712 2621 3024 2692 utiliores
3064 2642 3216 2692 esse
3250 2641 3415 2694 nos·

593 2757 875 2839 cantur,
926 2745 1289 2842 provideat
1336 2745 1861 2840 circumspectio
1916 2754 2031 2816 tua
2081 2743 2275 2839 quod
2325 2766 2534 2838 super
2576 2743 2712 2815 hoc
2763 2729 3009 2815 melius
3060 2753 3132 2815 et
3180 2743 3418 2815 utilius

593 2873 846 2945 viderit
899 2872 1268 2967 expedire,
1320 2868 1608 2941 firmiter
1657 2869 1950 2941 credens
2007 2889 2144 2964 que
2200 2867 2426 2963 dictus
2465 2868 2759 2940 clericus
2801 2890 2894 2941 ex
2932 2869 3136 2964 'parte
3180 2878 3419 2941 nostra

596 2995 718 3066 tibi
750 3015 961 3089 super
986 2994 1337 3091 premissis
1367 2995 1652 3099 dunerit
1679 2992 2072 3066 referenda.

691 3119 943 3189 Datum
977 3118 1321 3209 Anagnie,
1356 3118 1559 3191 nonis
1593 3117 1924 3210 octobris,
1966 3138 2154 3189 anno
2188 3118 2440 3212 primo.

1044 3399 2105 3410 ...ι-,Μὴ-
2112 3403 2954 3414 —vmm-—m-—ae--o

700 3667 1185 3750 Innocentius
1255 3693 1453 3775 papa
1527 3668 2043 3751 marchionem
2115 3668 2513 3751 Estensem
2583 3668 2663 3749 in
2739 3696 2880 3751 sua
2961 3671 3420 3779 protectione

597 3800 943 3953 suscipit,
999 3800 1199 3883 bona
1248 3800 1316 3883 ei
1361 3800 1763 3882 confirmat
1797 3826 1996 3910 quae
2030 3799 2363 3882 habebat
2406 3811 2743 3908 tempore
2792 3826 2949 3910 quo
2995 3801 3421 3884 Fridericus

592 3898 1003 4041 imperator
1051 3933 1747 4017 excommunicatus
1800 3932 1982 4039 fuit,
2042 3932 2685 4042 alienationesque
2743 3942 3043 4015 revocat
3100 3933 3199 4015 ab
3253 3933 3420 4042 ipso

597 4065 935 4175 principe
999 4066 1096 4148 de
1158 4067 1380 4150 bonis
1445 4066 1908 4150 marchionis
1981 4065 2221 4148 factas
2294 4092 2435 4148 nec
2505 4090 2660 4151 non
2729 4063 3162 4173 juramenta
3224 4092 3422 4176 quae

600 4200 1041 4282 eorumdem
1076 4200 1469 4283 occasione
1503 4199 1825 4309 principi
1859 4198 2230 4309 praestari
2266 4199 2713 4306 potuissent.
2870 4182 2881 4197 ’

769 4404 954 4487 (Edit.
985 4428 1083 4489 ap.
1119 4407 1467 4488 Munnom,
1497 4411 1729 4475 Antn'ch.
1761 4413 2016 4482 Estensi,
2049 4418 2096 4473 t.
2126 4413 2208 4482 11,
2239 4428 2302 4488 p.
2336 4409 2424 4490 9.)

703 4597 958 4670 Datum
986 4598 1326 4693 Anagnie,
1359 4601 1478 4672 VII
1504 4601 1662 4674 idus
1688 4598 2018 4689 octobris,
2054 4596 2496 4693 pontificatus
2527 4599 2744 4671 nostri
2776 4619 2960 4695 anno
2990 4599 3241 4711 primo.
3338 4582 3401 4709 ⁸„
