4364 5738
994 565 1072 623 26
1989 572 2414 630 anmuct
2467 571 2811 632 SECUNDl
3425 573 3588 651 [Aure.
3627 575 3801 636 1242.

991 724 1175 781 cans
1213 698 1291 779 in
1328 700 1633 808 gemina
1680 701 1970 807 sobole,
2009 702 2169 785 filio
2216 702 2497 784 scilicet
2549 712 2622 784 et
2673 701 2863 807 filia,
2917 727 3151 811 quam
3198 704 3542 814 reliquit,
3604 707 3806 790 unde

989 831 1378 915 affinitatis
1457 834 1845 917 vinculum
1919 835 2118 917 inter
2204 836 2409 943 ipsos
2493 832 3116 918 indissolubiliter
3199 838 3805 920 conservandum

987 975 1268 1073 sperat.

1145 1166 1336 1247 (Edit.
1369 1186 1461 1246 ap.
1494 1169 1701 1231 Mur.
1734 1173 1951 1249 lunis,
1981 1171 2137 1231 Hist.
2168 1171 2310 1251 maj.
2340 1167 2609 1250 Anqlor„
2637 1186 2699 1247 p.
2737 1178 3006 1230 zat-392
3044 1172 3108 1230 in
3145 1171 3288 1233 edit.
3320 1171 3587 1234 Parlslna
3622 1181 3799 1248 1644,

1220 1281 1282 1336 et
1308 1292 1405 1352 ap.
1432 1277 1684 1350 Rma,
1714 1274 1970 1337 Foedera
2000 1284 2055 1338 et
2080 1282 2367 1354 convent„
2397 1282 2443 1336 t.
2478 1277 2527 1350 1,
2557 1293 2618 1353 p.
2655 1280 2813 1351 1⁴1.)

1078 1446 1521 1539 Fredericus,
1555 1449 1955 1544 imperator,
1995 1463 2165 1542 etc.,
2199 1450 2346 1543 regi
2410 1449 2658 1541 Anglie
2714 1449 3034 1521 salutem.
3069 1502 3088 1521 .
3121 1503 3147 1531 ,.
3182 1502 3201 1521 .
3236 1503 3255 1522 .
3292 1451 3629 1547 Prospera
3679 1453 3801 1546 qui

979 1570 1333 1662 quondam
1386 1575 1851 1668 expectationi
1896 1586 2126 1648 vestre
2168 1596 2751 1649 consueveramus
2794 1573 3038 1645 litteris
3077 1584 3148 1646 et
3189 1576 3452 1651 nuntiis
3492 1575 3803 1649 hilariter

978 1714 1163 1765 nova
1196 1696 1622 1788 describere,
1651 1721 1839 1771 nunc
1871 1700 2061 1771 fatali
2095 1709 2352 1771 eventu
2387 1698 2542 1770 letis
2570 1697 3003 1769 successibus
3035 1698 3422 1791 invidente,
3452 1722 3580 1772 nos
3606 1702 3802 1773 velut

975 1817 1249 1889 noviter
1290 1830 1524 1892 nostre
1575 1821 1824 1894 dilecte
1881 1824 2218 1895 consortis
2268 1832 2560 1915 auguste
2613 1822 3069 1894 irrevocabile
3116 1822 3449 1895 damnum
3500 1826 3685 1920 passi
3730 1835 3799 1897 et

975 1953 1241 2014 moesta
1269 1945 1579 2017 seviente
1606 1949 1747 2020 fato
1781 1948 2049 2020 socialis
2081 1948 2339 2020 federis
2375 1948 2672 2019 divortia
2698 1947 3103 2036 subeuntes,
3127 1947 3444 2019 dolentes
3482 1949 3825 2020 ducimur·

975 2074 1048 2137 et
1095 2066 1292 2138 inviti
1343 2091 1651 2142 reserare
1690 2072 1891 2144 vobis
1939 2072 2414 2166 germanitatis
2474 2071 2781 2143 invidam
2840 2070 3242 2142 sectionem.
3304 2072 3431 2142 Die
3494 2092 3795 2164 namque

972 2190 1198 2284 primo
1244 2188 1562 2266 intrantis
1595 2197 1850 2268 mensis
1878 2195 2266 2269 decembris
2316 2196 2650 2291 preteriti,
2704 2207 2776 2265 et
2818 2204 3204 2266 memoratu
3250 2194 3449 2265 nobis
3497 2196 3799 2267 occurrit

972 2311 1329 2406 horribile,
1349 2317 1532 2389 dicta
1563 2339 1846 2391 consors
1860 2332 2093 2391 nostra
2125 2319 2531 2413 imperatrix
2554 2338 2751 2389 soror
2774 2327 3004 2389 vestra
3036 2327 3328 2389 vocante
3355 2319 3648 2389 Domino
3675 2319 3796 2412 qui

969 2439 1197 2509 aufert
1223 2439 1537 2533 spiritum
1566 2442 1985 2536 principum,
2004 2442 2194 2536 apud
2222 2464 2432 2534 quem
2467 2462 2607 2512 non
2637 2449 2742 2511 est
2774 2442 3129 2536 exemptio
3152 2463 3284 2514 nec
3302 2442 3614 2538 acceptio
3643 2463 3796 2536 per-

972 2582 1329 2650 sonarum,
1370 2573 1617 2634 nature
1650 2565 2029 2655 concessit3
2068 2565 2140 2635 in
2171 2567 2371 2657 cujus
2398 2564 2877 2637 redhibitionis
2913 2565 3282 2656 auxilium,
3323 2565 3376 2635 si
3414 2567 3553 2637 fata
3581 2566 3790 2637 favis-

972 2694 1129 2755 sent
1180 2696 1249 2756 et
1297 2687 1696 2758 inevitabile
1742 2688 2177 2760 mortalitatis
2229 2688 2537 2760 debitum
2590 2688 2921 2760 creditrix
2963 2700 3211 2761 natura
3253 2688 3594 2779 differret,
3652 2699 3790 2761 tam

970 2810 1311 2902 gratiosus
1342 2833 1539 2885 amor
1574 2824 1644 2885 et
1678 2813 1784 2884 sui
1818 2834 2018 2885 carus
2051 2815 2240 2886 zelus
2273 2814 2597 2887 consortii
2629 2835 2758 2886 nos
2791 2814 3094 2886 ducebat
3123 2813 3314 2908 quod
3348 2812 3605 2884 nullius
3638 2814 3789 2909 opis

969 2935 1081 3004 vel
1129 2956 1375 3030 opum,
1416 2937 1670 3008 laboris
1706 2946 1778 3008 et
1816 2958 2047 3008 rerum
2085 2938 2437 3033 impendia
2473 2938 2907 3009 vitassemus.
2947 2937 3039 3009 At
3079 2938 3198 3008 ubi
3243 2938 3394 3009 Rex
3434 2958 3677 3029 regum
3719 2948 3788 3008 et

970 3058 1303 3130 Dominus
1335 3059 1837 3132 dominantium
1865 3060 1987 3153 qui
2003 3071 2234 3155 preest
2254 3061 2696 3132 tribunalium
2716 3060 3198 3155 potestatibuS,
3224 3060 3421 3149 cujus
3445 3060 3784 3132 voluntati

969 3203 1176 3252 nemo
1208 3183 1526 3254 resistere
1555 3194 1809 3278 potest,
1852 3205 2006 3254 eam
2037 3205 2079 3255 a
2108 3184 2325 3255 nostri
2366 3184 2675 3277 corporis
2716 3183 2980 3254 unitate
3015 3193 3086 3255 et
3115 3183 3204 3255 de
3239 3192 3471 3254 vestre
3506 3182 3785 3254 vinculo

968 3305 1413 3377 fraternitatis
1444 3307 1728 3395 ademit,
1754 3329 1844 3378 ex
1871 3308 1992 3378 alti
2005 3307 2271 3379 c'onsilii
2291 3307 2765 3402 dispositione,
2786 3307 2996 3378 immo
3019 3307 3249 3401 potius
3271 3306 3784 3401 dispensatione

966 3428 1271 3522 providit
1300 3439 1379 3500 ut
1409 3431 1610 3502 nobis
1643 3441 1713 3503 et
1743 3431 1943 3503 vobis
1973 3441 2131 3527 post
2164 3432 2305 3503 fata
2332 3431 2601 3503 viveret
2638 3431 2708 3500 in
2750 3430 3048 3502 duorum
3083 3431 3416 3502 memoria
3451 3427 3771 3500 filiorum.

963 3553 1175 3625 Extat
1208 3554 1391 3625 enim
1422 3555 1548 3626 Dei
1584 3556 2076 3649 omnipotentis
2102 3555 2290 3627 dono
2324 3555 2513 3647 regia
2546 3555 2819 3626 soboles
2851 3553 2940 3625 de
2968 3575 3107 3646 qua
3138 3554 3210 3624 in
3244 3560 3621 3648 conspectu
3653 3572 3777 3646 pa-

965 3676 1086 3747 tris
1124 3699 1252 3749 rex
1291 3687 1361 3748 et
1397 3678 1634 3770 regina
1667 3688 2094 3769 consurgunt
2124 3701 2246 3750 sue
2280 3678 2544 3751 indices
2576 3678 2952 3769 genitricis,
3001 3678 3078 3748 ln
3115 3678 3312 3768 cujus
3352 3675 3777 3748 fecunditate

959 3800 1251 3897 pignora
1282 3822 1618 3892 generosa
1653 3800 2106 3894 suscepimus,
2132 3823 2269 3894 que
2294 3822 2735 3874 communem
2764 3801 3171 3872 affinitatem
3196 3800 3526 3872 roborant
3556 3809 3628 3870 et
3661 3820 3776 3870 ce·

959 3946 1228 3997 saream
1258 3926 1702 4018 regalemque
1730 3924 1967 3997 sedem
1997 3925 2299 4017 quadam
2334 3924 2664 4016 singulari
2697 3925 3136 4019 prerogativa
3172 3921 3396 3995 filialis
3425 3922 3778 4014 sanguinis

959 4057 1030 4119 et
1059 4059 1392 4142 nepotum
1407 4049 1688 4122 vinculo
1719 4048 2083 4121 foederant
2100 4048 2404 4137 arctiori,
2426 4059 2505 4119 ut
2532 4047 2812 4119 dilectio
2839 4068 3023 4120 nova
3049 4069 3176 4143 per
3205 4068 3416 4139 quam
3445 4045 3629 4140 cepit
3652 4065 3775 4116 sue

955 4168 1135 4242 filios
1168 4173 1590 4266 posteritatis
1636 4194 1993 4245 assumens
2025 4167 2097 4242 in
2129 4172 2623 4264 obligationem
2667 4181 2738 4242 et
2778 4171 3070 4262 gratiam
3109 4171 3440 4243 durature
3481 4188 3774 4241 consan-

956 4293 1311 4384 guinitatis
1341 4295 1696 4367 ascendat.
1735 4296 1924 4367 Licet
1960 4317 2126 4388 ergo
2162 4305 2456 4387 auguste
2496 4294 2812 4386 conJ'ugis
2851 4304 3085 4366 nostre
3120 4305 3490 4385 vestreque
3524 4290 3776 4363 sororis

957 4417 1233 4488 amissio
1274 4417 1422 4489 sine
1472 4418 1862 4491 turbatione
1909 4419 2222 4490 cordium
2272 4418 2575 4489 intimari
2620 4427 2924 4512 nequeat
2956 4418 3069 4489 vel
3102 4417 3361 4506 audiri,
3397 4417 3513 4486 vel
3544 4414 3635 4485 ab
3666 4414 3772 4485 in·

957 4543 1121 4615 timo
1144 4542 1442 4638 pectoris
1457 4542 1675 4614 nostri
1694 4544 1799 4614 sui
1819 4566 2017 4616 casus
2036 4543 2352 4616 anxietas
2370 4565 2511 4616 non
2536 4552 2920 4638 separetur,
2934 4543 3096 4636 quia
3116 4551 3345 4613 tamen
3362 4541 3551 4632 viget
3566 4539 3635 4610 in
3655 4560 3775 4631 ge·

952 4668 1139 4740 mina
1169 4668 1361 4763 prole
1394 4669 1959 4740 commemoratio
1990 4668 2198 4741 chare
2231 4669 2573 4764 parentiS,
2607 4667 2875 4763 accepit
2906 4667 3120 4738 robur
3151 4687 3357 4738 omne
3388 4663 3772 4736 dilectionis
