4364 5738
563 561 766 619 lsmcr.
799 557 890 634 2.]
959 569 964 574 ’
1462 554 1853 616 HISTORIA
1902 555 2496 619 mPLOMA'rch.
3280 549 3387 609 161

1554 798 1731 869 LIB.
1799 799 1863 891 1,
1930 800 2108 871 TIT.
2176 799 2405 872 XLII.

573 979 653 1050 Ut
681 977 1003 1070 maqister
1012 976 1437 1067 justitiarius
1455 977 1670 1069 possit
1698 976 2047 1048 emendare
2073 978 2527 1070 oppressiones
2559 975 2941 1072 officialium
2967 985 3029 1046 et
3053 996 3386 1047 revocare.

665 1154 992 1248 Magister
1022 1152 1435 1246 justitiarius
1471 1152 1795 1246 injuriaS,
1830 1156 2317 1251 oppressiones
2350 1167 2423 1227 et
2458 1155 2948 1228 concussiones
2991 1154 3394 1225 inferiorum

570 1278 881 1352 omnium
916 1276 1268 1369 judicum,
1313 1277 1798 1352 destitutiones
1849 1279 2059 1351 etiam
2100 1280 2252 1352 sine
2292 1279 2577 1376 speciali
2613 1278 2943 1351 mandato
2982 1287 3221 1350 nostro
3270 1299 3397 1373 pro

572 1404 763 1476 curia
817 1411 1055 1474 nostra
1110 1402 1326 1473 factas
1381 1402 1588 1473 faciat
1638 1403 2013 1475 emendare
2066 1413 2138 1477 et
2186 1403 2658 1499 possessiones
2703 1402 2973 1475 restitui
3026 1400 3391 1491 destituto,

572 1528 774 1600 nobis
832 1526 1041 1599 etiam
1114 1526 1546 1597 inconsultis.
1610 1525 1931 1622 Captivos
1994 1527 2204 1599 etiam
2261 1527 2466 1600 nobis
2527 1548 2669 1599 non
2727 1525 3221 1598 mandantibus
3282 1527 3398 1597 vel

573 1651 980 1724 inconsultis
1011 1672 1140 1746 per
1169 1649 1579 1743 justitiarios
1608 1651 1724 1723 vel
1761 1673 1887 1746 per
1926 1652 2101 1724 alios
2140 1663 2379 1747 captos
2403 1706 2421 1742 ,
2469 1651 2723 1745 injuste
2763 1652 2876 1723 vel
2914 1652 3102 1743 juste
3160 1660 3400 1745 captos

574 1786 644 1849 et
675 1777 927 1870 injuste
959 1774 1313 1866 detentos,
1350 1773 1552 1846 nobis
1581 1774 1988 1847 inconsultis
2022 1776 2230 1848 faciat
2262 1776 2567 1848 liberari.

1394 2031 1584 2100 Nova
1625 2031 1996 2101 constitutio
2036 2031 2118 2101 de
2163 2032 2389 2103 eodem
2431 2029 2566 2130 (l).

678 2211 932 2281 Causas
960 2230 1087 2303 per
1121 2208 1487 2299 magistros
1523 2209 1940 2280 camerarios
1993 2211 2065 2280 in
2107 2230 2331 2301 regno
2372 2212 2488 2282 vel
2528 2234 2655 2306 per
2702 2212 3102 2306 capitaneos
3150 2213 3223 2282 in
3273 2213 3404 2283 im-

579 2336 777 2432 perio
809 2355 1044 2407 coram
1077 2334 1177 2405 eis
1218 2344 1459 2406 contra
1494 2331 1742 2405 fiscum
1793 2343 2016 2406 motas
2057 2344 2130 2405 et
2172 2335 2266 2407 ad
2303 2334 2568 2406 curiam
2622 2334 3095 2407 terminandas
3144 2336 3409 2407 delatas

580 2481 790 2555 super
822 2457 1073 2530 debitis
1110 2466 1180 2528 et
1229 2457 1438 2528 rebus
1482 2456 1886 2546 mobilibuS,
1917 2478 2045 2528 suo
2081 2458 2244 2549 jure
2276 2455 2589 2530 definiat.
2634 2459 2806 2530 Item
2835 2458 2926 2530 de
2958 2457 3250 2530 modicis
3279 2458 3412 2529 im-

580 2582 980 2672 mobilibuS,
1018 2580 1196 2652 sicut
1225 2579 1314 2652 de
1352 2579 1563 2651 domo
1594 2601 1734 2651 una
1765 2590 1836 2651 et
1860 2579 2065 2653 vinea
2105 2601 2245 2674 que
2276 2601 2418 2652 non
2460 2590 2627 2653 sunt
2656 2582 2890 2674 magni
2921 2582 3150 2676 pretii.
3189 2582 3413 2677 Super

582 2709 733 2780 aliis
758 2716 994 2778 autem
1027 2704 1521 2777 conscientiam
1552 2714 1862 2776 nostram
1893 2725 2103 2797 quam
2138 2703 2342 2775 citius
2381 2704 2637 2798 poterit
2672 2726 2801 2799 per
2830 2726 2905 2777 se
2936 2706 3051 2778 vel
3083 2727 3210 2800 per
3240 2706 3413 2778 alios

586 2855 680 2906 ex
715 2830 1069 2926 judicibus
1109 2829 1530 2902 consultabit
1577 2854 1593 2898 ε
1639 2826 1772 2901 hoc
1811 2827 2205 2924 specialiter
2248 2849 2460 2924 super
2504 2828 2695 2901 curie
2746 2828 3001 2901 debitis
3047 2829 3414 2903 observato

585 2956 777 3052 quod
811 2977 955 3027 non
995 2963 1262 3025 tantum
1301 2975 1430 3049 per
1465 2953 1926 3026 instrumenta
1962 2953 2511 3044 confessionum,
2546 2955 2671 3026 sed
2706 2976 2835 3048 per
2876 2962 3085 3026 testes
3120 2955 3241 3049 qui
3287 2976 3412 3027 na-

587 3079 794 3151 turali
834 3076 1301 3149 numerationi
1336 3076 1810 3166 interfuerint,
1860 3076 1950 3148 de
1990 3076 2230 3148 debito
2261 3078 2623 3172 probetur,
2666 3076 2799 3148 nisi
2829 3077 3060 3170 J'udex
3099 3088 3171 3148 et
3214 3088 3416 3150 nota·

588 3204 735 3274 rius
766 3212 837 3273 et
867 3209 1081 3272 testes
1120 3200 1191 3269 in
1237 3200 1697 3272 instrumento
1735 3200 2106 3295 subscripti
2142 3221 2286 3272 non
2327 3200 2417 3272 de
2459 3201 2894 3275 confessione
2938 3212 3245 3293 tantum,
3290 3205 3417 3276 sed

587 3327 779 3420 quod
811 3324 944 3419 ipsi
970 3322 1409 3394 interfuerint
1435 3323 1925 3413 numerationi,
1958 3330 2341 3395 testentur..

698 3784 1157 3890 FridericuS,
1196 3784 1724 3867 Romanorum
1760 3783 2204 3892 imperator,
2236 3783 2586 3868 Heinrico
2611 3784 3154 3893 Bambergensi
3181 3784 3415 3866 electo

595 3917 911 4027 ejusque
968 3917 1327 4000 ecclesiae
1393 3916 1593 3998 hanc
1658 3917 1986 4026 gratiam
2042 3916 2140 3998 ab
2205 3916 2522 4026 antiquo
2577 3917 2953 4000 indultam
3017 3917 3417 4000 confirmat

597 4058 682 4132 ut
724 4075 990 4134 omnes
1043 4048 1643 4159 argentifodinae
1694 4050 1851 4133 sive
1891 4050 2229 4132 decimae
2279 4049 2813 4133 subterraneae
2846 4074 3046 4158 quae
3080 4049 3162 4129 in
3197 4054 3419 4132 terris

597 4181 952 4266 ecclesiae
999 4193 1337 4293 repertae
1386 4182 1704 4291 fuerint,
1761 4185 2036 4268 cedant
2079 4185 2180 4266 ad
2225 4182 2629 4271 utilitatem
2674 4182 3000 4291 pastoris
3045 4192 3120 4265 et
3161 4183 3418 4267 eccle-

601 4314 754 4398 siae
788 4327 1277 4400 memoratae.

673 4580 747 4653 (t)
786 4583 927 4639 llaec
954 4590 1136 4641 autem
1163 4599 1304 4642 nova
1329 4600 1468 4658 quae
1493 4584 1691 4642 dicitur
1717 4579 2026 4640 constitutio
2053 4579 2185 4636 nihil
2215 4579 2357 4637 aliud
2384 4586 2467 4637 est
2490 4578 2654 4654 quam
2681 4583 2954 4657 appendix
2972 4588 3029 4643 ct
3044 4583 3428 4658 consequent²a

605 4679 974 4751 praecedentis
999 4680 1164 4738 XLII.

763 4778 866 4841 Vl.
3031 4789 3103 4841 21

3602 3805 3628 3889 *10

3629 3798 3725 3889 ἕξ

3721 3794 3776 3890 ‚0:-
