4364 5738
633 1138 926 1193 [Septembrta

1008 544 1129 610 ⁴6⁰
1933 619 1940 628 ,
2004 556 2433 624 summum
2478 556 2827 622 saeuum
3439 561 3606 640 [An.
3649 561 3825 626 1246.

1114 1132 1538 1222 Fridericus
1560 1198 1581 1237 ,
1638 1137 2157 1221 Romanorum
2213 1138 2653 1250 imperator,
2701 1139 3005 1224 cuidam
3070 1139 3462 1252 capitaneo
3516 1137 3823 1251 scribit,

1004 1269 1562 1352 commendans
1595 1295 1771 1353 eum
1816 1272 2027 1379 quod
2070 1272 2347 1381 ceperit
2388 1272 2848 1358 Masnerium
2893 1274 2990 1357 de
3048 1272 3319 1381 Burgo*
3367 1281 3815 1383 potestatem

1001 1399 1321 1486 Parmae
1376 1410 1452 1486 et
1508 1427 1684 1489 eum
1748 1404 1848 1487 ad
1888 1405 2179 1487 curiam
2231 1430 2451 1488 suam
2494 1431 2673 1489 cum
2724 1407 3221 1516 compedibus
3261 1404 3525 1490 ferreis
3574 1413 3816 1492 wans-

1002 1533 1318 1620 miserit.

1165 1774 1353 1852 (nmt.
1371 1776 1435 1836 in
1452 1773 1618 1833 rem
1644 1771 1714 1833 aa
1747 1774 1878 1835 vsa.
1901 1775 2097 1854 epm„
2122 1775 2227 1837 nb.
2257 1774 2336 1849 v,
2356 1792 2488 1851 ap.
2516 1775 2712 1838 Lvm
2736 1782 2798 1837 et
2828 1776 3000 1848 nxz
3029 1776 3165 1840 oon.
3188 1792 3326 1839 mm
3350 1775 3486 1837 eoa.
3506 1774 3809 1872 vase-n„

1240 1890 1304 1940 n⁰
1321 1888 1503 1952 5985,
1532 1879 1636 1939 fol.
1661 1888 1737 1940 88
1756 1897 1945 1956 verso,
1975 1889 2036 1941 et
2062 1881 2195 1944 cod.
2226 1881 2460 1943 Cotton.
2484 1882 2728 1963 Vespas-
2751 1882 2805 1943 Δ
2830 1899 2898 1942 xx
2917 1885 2981 1943 in
2997 1880 3148 1943 Bibl.
3181 1882 3407 1943 Musaei
3430 1880 3806 1963 muniet.)

2376 2123 2431 2192 1.

1089 2310 1491 2383 Devotionis
1523 2319 1642 2382 tue
1672 2311 1933 2400 literas,
1965 2330 2140 2403 quas
2173 2330 2302 2404 per
2332 2309 2611 2380 Petrum
2643 2306 2733 2384 de
2765 2309 2935 2380 Sora
2969 2308 3303 2380 nuncium
3338 2317 3535 2379 tuum
3567 2317 3823 2381 nostro·

992 2433 1275 2509 culmini
1307 2433 1704 2524 destinasti,
1737 2433 2164 2525 benignitate
2196 2432 2583 2527 recepimus
2613 2442 2970 2523 consueta,
3005 2441 3078 2505 et
3109 2432 3477 2504 intellectis
3504 2432 3797 2524 diligen·

993 2568 1096 2630 ter
1136 2567 1276 2629 tam
1317 2557 1426 2629 his
1465 2579 1605 2652 que
1650 2558 1893 2630 eedem
1938 2558 2136 2629 litere
2179 2556 2628 2629 continebant
2671 2578 2883 2650 quam
2926 2555 3035 2627 his
3085 2577 3223 2648 que
3277 2556 3463 2627 idem
3509 2556 3803 2629 nuncius

991 2691 1148 2753 tuus
1180 2702 1307 2776 pro
1339 2692 1536 2777 parte
1570 2691 1690 2753 tua
1719 2692 1953 2753 nostre
1986 2680 2310 2775 exposuit
2339 2679 2718 2772 majestati,
2755 2679 3105 2752 laudabile
3146 2679 3452 2751 studium
3496 2689 3692 2749 tuum
3730 2689 3801 2750 et

988 2805 1492 2879 solicitudinem
1526 2805 2059 2893 condecentem,
2092 2825 2304 2897 quam
2332 2803 2515 2876 circa
2546 2803 2936 2900 captionem
2967 2805 3064 2876 Μ.
3103 2802 3193 2876 de
3227 2803 3492 2895 Burgo,
3524 2802 3644 2896 qui
3672 2822 3797 2898 pro

987 2950 1171 3002 anno
1206 2930 1507 3025 presenti
1540 2930 1611 2999 in
1643 2930 1886 3001 Parma
1920 2938 2225 3024 potestas
2254 2928 2485 2999 extitit
2513 2949 2640 3023 per
2669 2937 2976 3000 nostram
3006 2927 3490 2999 excellentiam
3517 2927 3794 3000 ordina-

987 3061 1100 3124 tus
1121 3050 1253 3148 (⁴),
1285 3051 1692 3146 apposuisti,
1716 3052 1960 3123 merito
1992 3051 2584 3140 commendantes,
2607 3051 2730 3122 tibi
2762 3051 3094 3122 duximus
3126 3052 3354 3124 taliter
3383 3050 3797 3147 responden·

987 3174 1156 3247 dum
1192 3175 1383 3268 quod
1411 3176 1507 3247 Μ.
1550 3185 1969 3246 memoratus
1995 3197 2153 3246 cum
2191 3195 2335 3246 uno
2362 3174 2676 3245 familiari
2710 3196 2836 3246 suo
2864 3176 2978 3245 W.
3018 3175 3299 3245 nomine
3331 3196 3460 3269 per
3488 3185 3792 3246 nostram

985 3297 1467 3369 celsitudinem
1527 3305 1631 3367 est
1684 3297 1752 3367 in
1810 3298 2204 3372 marestalla
2251 3307 2487 3370 nostra
2535 3307 2891 3396 receptus,
2929 3297 3020 3369 de
3075 3306 3309 3369 nostre
3371 3297 3793 3369 celsitudinis

985 3421 1348 3512 mandat03
1386 3443 1595 3519 quem
1627 3422 2131 3520 suprascriptus
2156 3423 2233 3494 P.
2273 3422 2568 3494 nuncius
2601 3432 2758 3494 tuus
2789 3444 2945 3494 cum
2982 3421 3433 3515 compedibus
3462 3422 3699 3494 ferreis
3725 3431 3794 3493 et

984 3546 1234 3619 dextra
1267 3545 1339 3616 in
1366 3567 1578 3617 manu
1606 3544 1900 3617 fideliter
1929 3546 2338 3638 assignavit3
2373 3545 2618 3617 eodem
2651 3545 2724 3615 P.
2761 3545 3017 3617 nuncio
3050 3555 3171 3617 tuo
3201 3555 3553 3618 asserente
3582 3544 3791 3618 alium

981 3669 1389 3741 familiarem
1433 3667 1745 3761 ejusdem
1788 3671 1882 3741 Μ.
1926 3669 2206 3740 nomine
2243 3669 2326 3741 G.
2364 3691 2574 3762 quem
2619 3690 2777 3740 cum
2818 3669 3067 3740 eodem
3111 3670 3204 3741 M.
3238 3678 3311 3740 et
3354 3669 3493 3741 alio
3537 3669 3791 3739 famulo

980 3815 1106 3866 suo
1138 3793 1230 3866 ad
1260 3802 1568 3865 nostram
1603 3791 1865 3864 curiam
1902 3813 2028 3887 per
2069 3791 2372 3863 eundem
2406 3802 2602 3864 tuum
2634 3792 2965 3864 nuncium
2994 3791 3389 3864 destinabas
3421 3801 3492 3864 et
3532 3792 3621 3863 de
3653 3812 3789 3888 quo

981 3926 1098 3988 tue
1133 3916 1332 3987 litere
1363 3915 1710 3988 faciebant
1744 3915 2204 4005 mentionem,
2241 3937 2369 4010 per
2410 3925 2476 3987 te
2514 3924 2841 4008 tanquam
2875 3916 3316 3987 innocentem
3349 3936 3392 3987 a
3426 3916 3643 3988 Casali
3676 3936 3783 3987 re·

977 4050 1299 4112 vocatum
1344 4050 1416 4112 et
1467 4040 1558 4113 ad
1605 4048 1674 4111 te
1722 4039 2084 4110 remissum
2137 4036 2427 4110 firmiter
2472 4039 2827 4128 extitisse,
2880 4040 3057 4111 sicut
3105 4039 3330 4112 eidem
3386 4039 3521 4111 tuis
3578 4038 3786 4110 literis

979 4162 1365 4254 injunxisti.

1047 4468 1120 4542 (4)
1157 4467 1347 4540 Agitur
1372 4467 1442 4525 de
1466 4468 1730 4526 Masnerio
1753 4469 1822 4526 de
1844 4470 2040 4541 Burgo‚
2071 4468 2436 4539 Cremonensi,
2465 4470 2557 4541 qui
2575 4469 2721 4526 circa
2749 4484 2990 4527 mensem
3019 4476 3301 4542 augustum
3331 4471 3468 4526 ⁴266
3497 4469 3781 4527 mandante

977 4566 1301 4640 imperatore
1326 4570 1517 4638 captus
1540 4564 1655 4621 fuit.
1684 4566 1762 4621 Eo
1784 4566 1902 4641 ipso
1933 4573 2170 4638 tempore
2195 4565 2417 4638 quidam
2439 4565 2824 4624 Cremonenses
2845 4568 2913 4623 de
2936 4572 3096 4640 gente
3120 4567 3319 4624 Sommi
3339 4566 3394 4623 in
3416 4566 3629 4641 publica
3656 4567 3775 4624 Par·

974 4678 1097 4722 mae
1120 4663 1301 4738 platea
1325 4661 1626 4720 detruncati
1649 4668 1794 4735 sunt,
1822 4664 1966 4721 sicut
1988 4679 2087 4721 nos
2113 4670 2297 4721 monet
2318 4662 2435 4720 Afl‘o
2460 4662 2517 4719 in
2543 4678 2639 4721 sua
2661 4663 2934 4721 Parmensi
2957 4663 3197 4721 historia.
