4364 5738
994 582 1115 644 fflss
1990 578 2436 640 rmnmucl·
2470 578 2823 641 sucunm
3423 580 3588 658 [An.
3624 579 3805 641 1245.

994 715 1155 811 Tyri
1185 725 1466 811 typum3
1512 716 1709 807 quasi
1747 718 1934 787 Deus
1979 725 2188 806 esset,
2223 714 2295 785 in
2338 714 2671 787 cathedra
2704 714 2833 787 Dei
2873 713 3120 787 sedere
3153 715 3410 806 voluit,
3452 717 3620 789 dum
3663 738 3808 789 nou

992 839 1215 910 solum
1279 858 1625 908 summum
1675 837 1956 908 molitus
2007 846 2114 908 est
2161 857 2400 908 creare
2445 835 2840 931 pontificem
2889 858 3000 909 ac·
3031 837 3284 910 Sedem
3336 837 3804 933 Apostolicam

991 960 1332 1053 subjicere
1364 961 1648 1050 ditioni,
1690 982 1936 1032 verum
1982 960 2193 1032 etiam
2221 959 2550 1051 cogitavit
2586 961 2705 1051 jus
2744 959 3058 1032 divinum
3098 960 3480 1057 irrumpere
3520 983 3603 1034 ac
3646 984 3805 1033 mu·

992 1095 1140 1156 tare
1192 1083 1391 1155 fedus
1442 1084 1803 1176 Evangelii
1861 1083 2387 1178 sempiternum.
2447 1081 2758 1175 Cumque
2822 1082 3114 1155 haberet
3174 1105 3391 1156 cornu
3446 1085 3804 1178 potestatis

987 1208 1256 1299 insigne
1315 1229 1398 1279 ac
1436 1230 1516 1279 os
1575 1209 1868 1299 loquens
1908 1206 2251 1298 ingentia,
2307 1207 2579 1302 putavit
2629 1206 2821 1299 quod
2879 1217 3111 1301 pooeet
3167 1216 3438 1278 mutare
3485 1208 3675 1297 leges
3729 1218 3804 1279 et

989 1342 1302 1425 tempora
1354 1341 1434 1401 ut
1481 1340 2036 1426 prosterneretur
2065 1330 2351 1420 veritas,
2389 1330 2687 1423 ideoque
2736 1350 3092 1402 sermones
3139 1339 3382 1402 contra
3431 1330 3801 1402 Excelsum

986 1454 1274 1548 protulit
1310 1464 1382 1524 et
1417 1454 1629 1524 verba
1660 1452 2092 1548 blasphemie
2123 1453 2196 1523 in
2230 1455 2516 1547 Moysen
2547 1465 2619 1525 et
2649 1452 3044 1525 Dominum.
3082 1454 3255 1525 Nam
3287 1453 3796 1526 Saducaeorum

987 1576 1285 1648 heresim
1340 1597 1662 1670 reparare
1707 1576 2165 1666 contendens,
2201 1577 2504 1648 animam
2545 1598 2706 1648 cum
2754 1597 3045 1672 corpore
3084 1577 3155 1648 in
3207 1577 3498 1649 nihilum
3545 1578 3797 1649 resolvi

987 1701 1092 1772 sui
1138 1701 1561 1772 concellanei
1612 1710 1932 1770 asserunt
1990 1710 2061 1771 et
2110 1701 2374 1795 perire,
2421 1701 2598 1773 sicut
2637 1700 3121 1773 immurmurat
3177 1722 3462 1773 suorum
3520 1701 3794 1773 traditio

986 1824 1368 1895 aulicorum
1418 1833 1490 1893 et
1537 1824 1988 1895 decurionum
2041 1824 2257 1919 ipsius
2306 1824 2602 1897 adstruit
2648 1826 2930 1915 vulgata
2976 1824 3228 1915 editio,
3284 1826 3797 1917 multorumque

986 1947 1282 2019 affirmat
1312 1946 1809 2019 catholicorum
1839 1945 2046 2018 fidele
2082 1948 2549 2018 testimonium
2581 1948 2704 2041 qui
2737 1947 3130 2020 habuerunt
3167 1947 3239 2018 in
3275 1947 3566 2020 diversis
3596 1947 3794 2019 terris

985 2070 1321 2143 familiare
1378 2070 1906 2142 contubernium
1964 2092 2123 2142 cum
2189 2071 2452 2143 eisdem
2513 2122 3500 2143 .............
3551 2071 3791 2143 Creato

983 2195 1287 2288 denique
1327 2215 1596 2265 summo
1629 2193 1995 2288 pontifice,
2051 2195 2262 2266 draco
2300 2195 2417 2266 ille
2459 2214 2753 2285 magnus
2782 2194 2902 2288 qui
2934 2194 3337 2266 universum
3379 2195 3525 2266 fere
3555 2195 3794 2266 orbem

982 2318 1249 2390 seducit
1289 2340 1415 2412 per
1449 2338 1738 2388 munera
1774 2329 1847 2388 et
1882 2318 2187 2409 exquirit
2231 2328 2779 2390 commentorum
2821 2316 3183 2408 figmenta,
3215 2317 3477 2389 exarsit
3518 2318 3587 2387 in
3617 2318 3787 2388 iram

980 2442 1143 2534 quia
1182 2442 1313 2512 sibi
1352 2463 1492 2511 non
1537 2441 1741 2511 cessit
1789 2441 1881 2512 ad
1927 2450 2174 2511 nutum
2215 2492 2557 2511 .....
2595 2439 2851 2511 Verum
2905 2462 3131 2513 novus
3180 2440 3495 2535 pontifex
3547 2459 3789 2534 pacem

978 2587 1278 2657 querens
1306 2586 1457 2635 eam
1490 2564 1678 2657 apud
1715 2564 1895 2634 male
1923 2564 2300 2634 voluntatis
2321 2563 2674 2635 hominem
2699 2584 2843 2634 non
2870 2563 3094 2657 potuit
3121 2562 3788 2656 invenire,quamvis

977 2687 1069 2759 ad
1104 2689 1329 2782 ipsum
1365 2688 1765 2780 frequenter
1796 2687 2056 2758 miserit
2090 2686 2438 2781 precelsos
2469 2685 2711 2757 mundi
2746 2685 3094 2781 principes
3124 2708 3286 2758 cum
3317 2686 3622 2780 prelatis.
3682 2738 3701 2756 .
3761 2738 3780 2757 .

983 2866 1000 2884 .
1065 2866 1081 2883 .
1145 2866 1162 2883 .
1192 2811 1553 2884 ventilatis
1589 2811 1822 2904 itaque
1865 2812 2210 2884 incassum
2253 2812 2512 2884 diutius
2543 2811 2916 2884 verborum
2950 2810 3170 2906 paleis
3207 2811 3541 2905 nulloque
3574 2831 3787 2902 grano

975 2936 1065 3006 ab
1107 2935 1349 3006 arestis
1388 2935 1627 3006 vacuis
1667 2935 2082 3026 resultante,
2124 2935 2577 3007 viterbiensis
2617 2935 2860 3007 civitas
2900 2934 2992 3006 ad
3036 2945 3327 3010 matrem
3364 2934 3581 3018 ,rediit
3609 2955 3783 3020 ,cum

975 3059 1276 3150 quadam
1333 3058 1667 3149 particula
1721 3058 2045 3148 regionis.
2112 3059 2265 3142 Quo
2303 3058 2567 3148 ‚audito
2632 3057 2935 3129 Ecclesia
2993 3066 3392 3152 persecutor
3455 3067 3784 3166 tanquam

973 3178 1240 3250 Pharao
1273 3188 1707 3273 contemptus
1743 3182 2013 3252 concito
2050 3182 2355 3254 surrexit
2393 3181 2464 3252 in
2493 3181 2822 3253 scandala
2856 3233 3444 3254 ........
3481 3182 3781 3273 Congre-

972 3302 1162 3394 gavit
1204 3302 1412 3393 igitur
1447 3301 1853 3374 insatiabilis
1893 3303 2177 3375 humani
2215 3304 2480 3376 cruoris
2517 3305 2773 3377 effusor
2810 3303 3148 3377 adversus
3179 3305 3509 3400 pauculas
3542 3304 3783 3377 Christi

971 3446 1139 3496 oves
1179 3424 1452 3516 agmina
1499 3425 1789 3496 militum
1838 3427 2117 3521 copiosa
2163 3449 2255 3499 ex
2304 3429 2494 3499 omni
2535 3429 2678 3499 fere
2722 3428 3004 3500 natione
3041 3450 3179 3520 que
3223 3427 3623 3500 cismarinas
3672 3428 3778 3499 in-

969 3550 1133 3620 colit
1176 3548 1495 3639 regiones
1538 3569 1694 3619 cum
1747 3551 2247 3621 Saracenorum
2298 3561 2370 3623 et
2414 3552 2870 3625 barbarorum
2921 3552 3241 3625 catervis.
3287 3553 3631 3625 Certatum
3677 3562 3784 3624 est

970 3673 1227 3744 diutius
1254 3671 1417 3742 hinc
1452 3681 1522 3743 ct
1549 3672 1735 3762 inde,
1757 3672 1882 3744 sed
1909 3695 2052 3745 non
2084 3674 2429 3768 prevaluit
2456 3675 2773 3746 inimicus
2805 3675 3097 3748 dextera
3121 3676 3393 3748 Domini
3419 3697 3582 3748 suos
3606 3674 3782 3750 filios

968 3804 1405 3890 protegente,
1465 3815 1865 3888 quanquam
1912 3796 2282 3890 pecuniam
2327 3797 2715 3868 effunderet
2766 3819 2978 3870 manu
3029 3797 3320 3893 prodiga
3376 3808 3450 3869 et
3501 3799 3780 3870 missilia

965 3917 1432 4011 proditoribus
1463 3917 1649 3988 intus
1688 3918 2061 3989 latentibus
2080 3921 2350 4011 jaceret
2380 3920 2697 4010 donaria,
2738 3922 2946 3994 etiam
2975 3919 3466 4017 permagnifica
3492 3922 3778 4017 promit·

966 4040 1176 4112 tendo
1215 4039 1612 4133 sialiquem
1654 4040 1916 4112 aditum
1967 4041 2354 4135 panderent
2392 4044 2724 4135 civitatis,
2767 4045 2838 4116 in
2876 4047 3074 4137 cujus
3116 4055 3343 4117 castro
3387 4045 3518 4117 sibi
3555 4047 3776 4118 conti·

962 4183 1100 4254 guo
1133 4163 1677 4256 quadringentos
1705 4173 1869 4236 tunc
1899 4164 2206 4236 habebat
2231 4187 2395 4238 suos
2421 4167 2673 4239 milites
2699 4190 2860 4240 cum
2884 4167 3081 4260 equis
3102 4167 3488 4241 fortissimis
3519 4169 3777 4264 optime

961 4283 1290 4374 loricatis,
1327 4308 1502 4379 quos
1536 4287 1724 4359 cives
1762 4287 2180 4359 obsederant
2211 4298 2602 4383 pugnantes
2639 4290 3084 4364 nihilominus
3115 4301 3318 4364 extra
3349 4291 3580 4363 menia
3614 4312 3773 4363 cum

963 4403 1288 4477 dracone.
1331 4406 1638 4501 Cumque
1681 4409 1920 4501 regina
1969 4409 2279 4483 celorum
2322 4431 2648 4506 sponsam
2690 4412 2813 4484 filii
2862 4412 2968 4486 sui
3017 4414 3309 4509 tropheo
3356 4413 3605 4508 triplici
3654 4434 3772 4485 su·

960 4527 1313 4599 blimasset
1333 4582 1352 4619 ,
1420 4532 1748 4603 confusus
1808 4533 2091 4604 recessit
2148 4533 2365 4626 ipsius
2418 4534 2634 4606 hostis
2683 4535 2953 4609 Christi.
3018 4536 3478 4609 Nihilominus
3541 4546 3772 4609 tamen

958 4650 1314 4748 proprium
1333 4652 1594 4744 jugiter
1622 4654 1967 4728 innovans
1996 4666 2068 4727 et
2098 4656 2532 4748 ingeminans
2563 4660 3048 4754 opprobrium,
3083 4683 3227 4734 non
3257 4671 3482 4734 cessat
3516 4668 3773 4734 terram
