4364 5738
1017 597 1140 658 422
2017 588 2450 651 ruminum
2494 539 2846 651 saeuum
3455 586 3619 672 [An.
3656 589 3828 653 ιω.

1017 754 1234 805 censu
1277 750 1485 827 quem
1529 727 1715 800 idem
1757 725 2074 798 Andreas
2117 723 2210 799 de
2248 723 2487 798 Casale
2524 721 2755 820 Rupto
2785 722 3101 819 predicto
3144 722 3376 795 eidem
3420 726 3834 799 monasterio

1019 856 1292 927 solvere
1327 852 1695 925 tenebatur
1699 899 2369 921 .........
2407 847 2535 919 sibi
2564 846 2925 919 annuatim
2958 865 3086 940 per
3117 845 3547 941 imperialem
3577 846 3835 920 curiam

1021 975 1484 1075 persolvendo
1498 1028 1521 1064 ,
1564 974 1794 1048 casale
1841 971 2070 1068 ipsum
2119 971 2213 1044 ad
2254 992 2432 1066 opus
2476 969 2853 1065 imperialis
2896 969 3088 1041 curie
3140 969 3431 1042 teneatis
3446 1022 3469 1058 ,
3512 970 3836 1046 faciente·

1006 1083 1247 1197 'ipsum
1288 1100 1380 1172 ad
1419 1120 1598 1194 opus
1630 1095 2008 1191 imperialis
2034 1094 2227 1166 curie
2256 1114 2629 1189 procurare
2647 1146 2668 1184 ,
2705 1092 3029 1167 ordinato
3055 1094 3247 1186 quod
3271 1093 3568 1189 predicti
3594 1115 3837 1170 census

1020 1225 1370 1319 quantitas
1421 1222 1779 1295 annuatim
1832 1218 2061 1291 eidem
2098 1218 2518 1292 monasterio
2566 1218 3035 1313 persolvatur;
3070 1216 3415 1310 alioquin,
3451 1217 3617 1310 quia
3659 1217 3840 1292 bona

1022 1348 1485 1423 ecclesiastica
1514 1367 1656 1418 non
1684 1346 1835 1416 vult
1865 1343 2190 1416 dominus
2217 1342 2595 1438 imperator
2613 1341 2846 1413 invitis
2873 1340 3181 1414 eeclesiis
3207 1361 3335 1436 per
3358 1363 3556 1413 suam
3584 1342 3841 1416 curiam

1023 1435 1347 1558 detineri,
1387 1470 1615 1541 casale
1647 1467 2033 1563 predictum
2069 1462 2286 1565 [cum]
2315 1466 2515 1540 bonis
2547 1465 2871 1539 omnibus
2903 1464 3276 1538 mobilibus
3306 1474 3379 1537 et
3409 1487 3485 1537 se
3515 1464 3846 1537 moventi·

1024 1595 1158 1667 bus
1191 1594 1503 1686 ejusdem
1545 1591 1791 1663 casalis
1822 1613 1947 1686 per
1976 1612 2106 1664 nos
2145 1590 2414 1663 dudum
2446 1590 2539 1663 ad
2571 1611 2750 1684 opus
2786 1588 2978 1660 curie
3018 1588 3108 1662 de
3141 1587 3482 1684 imperiali
3522 1587 3842 1661 mandato

978 1789 985 1796 ,
1026 1718 1245 1814 captis
1277 1726 1349 1789 et
1377 1716 1470 1789 ad
1500 1738 1678 1810 opus
1716 1715 2091 1810 imperialis
2122 1714 2315 1787 curie
2351 1714 2636 1785 retentis
2668 1708 2820 1811 [ita]
2853 1713 3044 1806 quod
3078 1711 3342 1785 faciatis
3367 1734 3526 1784 cum
3554 1712 3841 1805 diligen·

998 1827 1127 1914 [tia
1167 1840 1261 1913 ad
1307 1862 1485 1936 opus
1528 1840 1720 1911 curie
1763 1859 2169 1933 procurare,
2213 1836 2439 1909 eidem
2491 1836 2913 1910 monasterio
2957 1835 3320 1908 restituere
3365 1835 3705 1908 debeatis.
3749 1837 3844 1910 De

1030 1965 1411 2037 tenimento
1448 1963 1682 2035 Sancti
1715 1961 1965 2033 Mathei
1997 1961 2184 2055 quod
2220 1960 2407 2033 idem
2443 1959 2760 2033 Andreas
2788 1960 3009 2032 tenuit
3037 1960 3129 2032 ab
3161 1960 3408 2032 eodem
3440 1960 3848 2034 monasterio

1028 2087 1103 2158 in
1133 2087 1513 2159 tenimento
1539 2085 1974 2158 Castellaneti
1997 2085 2181 2156 idem
2210 2107 2335 2180 per
2359 2084 2594 2157 omnia
2625 2083 2994 2172 servaturi,
3016 2083 3412 2178 rescripturi
3436 2083 3640 2156 nobis
3665 2083 3851 2177 quio?

1028 2211 1199 2306 quid
1226 2210 1317 2283 de
1349 2209 1483 2282 hoc
1508 2231 1668 2280 cum
1703 2208 2015 2303 predicto
2048 2218 2400 2280 conventu
2423 2207 2763 2280 duxeritis
2785 2206 3206 2297 faciendum,
3242 2218 3320 2278 ut
3345 2206 3604 2279 exinde
3635 2206 3850 2304 impe-

1031 2337 1270 2407 rialem
1311 2333 1795 2406 excellentiam
1830 2332 2279 2421 instruamus,
2314 2332 2693 2426 prescripta
2728 2332 2947 2404 forma
2987 2331 3362 2426 imperialis
3397 2330 3702 2403 mandati
3733 2349 3851 2425 per

1031 2459 1261 2530 omnia
1290 2459 1682 2530 observata.
1706 2457 1877 2527 Data
1906 2456 2159 2547 Baroli‚
2193 2455 2522 2527 vicesimo
2551 2454 2773 2549 primo
2804 2454 3040 2543 madii,
3067 2465 3312 2547 quarte
3336 2453 3750 2526 indictionis.

1130 2582 1338 2673 Cujus
1359 2581 1768 2653 auctoritate
1796 2578 2105 2651 mandati
2138 2599 2268 2650 nos
2295 2579 2415 2670 qui
2443 2600 2652 2672 supra
2684 2579 2821 2649 Leo
2852 2578 3021 2649 Belli
3056 2578 3536 2673 requisivimus
3561 2598 3856 2650 conven-

1037 2715 1182 2775 tum
1222 2703 1516 2799 predicti
1558 2702 1955 2775 monasterii
1989 2702 2317 2774 cavensis
2356 2701 2412 2772 si
2455 2723 2585 2797 pro
2616 2723 2701 2773 eo
2730 2701 2923 2796 quod
2956 2700 3173 2772 abbas
3214 2700 3430 2796 ipsius
3466 2701 3855 2773 monasterii

1035 2829 1235 2902 abest
1268 2827 1528 2900 servitii
1560 2826 1933 2921 imperialis
1964 2847 2202 2917 causa,
2233 2825 2418 2899 idem
2448 2835 2833 2898 conventus
2853 2824 3066 2897 vellet
3086 2846 3238 2897 esse
3264 2835 3630 2899 contentus
3646 2847 3855 2899 censu

1040 2973 1248 3046 quem
1276 2951 1590 3023 Andreas
1617 2951 1706 3021 de
1730 2950 1952 3022 Cieala
1980 2949 2329 3044 predictus
2358 2949 2446 3022 de
2477 2951 2713 3022 Casale
2739 2949 2969 3044 Rupto
2998 2949 3311 3043 predicto
3338 2949 3566 3022 eidem
3597 2970 3859 3022 monas·

1044 3075 1215 3147 terio
1246 3074 1515 3145 solvere
1546 3073 1910 3145 tenebatur
1937 3074 2293 3144 annuatim
2324 3083 2394 3144 et
2422 3073 2510 3144 de
2539 3074 2915 3144 tenimento
2937 3073 3166 3144 Sancti
3187 3072 3444 3145 Mathei
3466 3074 3654 3166 quod
3678 3073 3859 3145 idem

1043 3195 1359 3267 Andreas
1401 3196 1622 3266 tenuit
1664 3195 1755 3265 ab
1802 3195 2046 3266 eodem
2094 3195 2513 3269 monasterio
2556 3197 2628 3267 in
2680 3196 3056 3268 tenimento
3099 3196 3579 3286 Casteuaneti,
3638 3197 3861 3271 eidem

1046 3318 1462 3392 monasterio
1496 3341 1621 3413 per
1647 3318 2073 3413 imperialem
2106 3321 2367 3391 curiam
2392 3320 2888 3414 persolvend03
2922 3320 3307 3415 predictum
3337 3321 3564 3393 casale
3589 3331 3661 3393 et
3691 3321 3862 3392 teni·

1048 3453 1358 3515 mentum
1392 3441 1483 3514 ad
1515 3464 1691 3537 opus
1722 3442 2095 3537 imperialis
2138 3443 2331 3515 curie
2380 3443 2758 3515 tenendum
2802 3453 2873 3515 et
2907 3444 3114 3515 etiam
3156 3444 3668 3539 procurandum
3701 3465 3860 3541 pro·

1048 3568 1328 3639 mittens
1364 3576 1435 3637 et
1462 3566 1792 3638 ordinans
1821 3567 2012 3661 quod
2066 3620 2084 3638 .
2147 3619 2168 3639 .
2232 3622 2248 3638 .
2310 3619 2329 3637 .
2363 3589 2612 3639 census
2639 3567 2813 3662 ipse,
2846 3567 3166 3640 videlicet
3196 3577 3464 3662 septem
3494 3568 3697 3639 uncie
3726 3588 3864 3661 que

1048 3691 1139 3761 ab
1174 3689 1421 3762 eodem
1450 3688 1731 3761 Andrea
1761 3690 2122 3760 annuatim
2150 3688 2339 3762 dicto
2368 3690 2784 3763 monasterio
2820 3691 3292 3781 solvebantur,
3332 3691 3560 3764 eidem
3591 3711 3865 3763 monas-

1051 3813 1225 3885 terio
1256 3834 1383 3906 per
1416 3811 1843 3906 imperialem
1873 3812 2136 3883 curiam
2164 3815 2585 3904 solveretur3
2638 3814 2948 3909 alioquin
3000 3814 3225 3886 eidem
3261 3814 3680 3887 monasterio
3722 3834 3864 3885 res-

1051 3935 1371 4008 tituerem
1405 3936 1632 4007 casale
1667 3946 1737 4007 et
1773 3935 2226 4007 tenimentum
2251 3938 2401 4030 Jam
2429 3938 2688 4009 dictum
2713 3940 2920 4031 juxta
2953 3938 3313 4033 prescripti
3343 3938 3648 4011 mandati
3683 3948 3870 4010 teno-

1052 4081 1226 4130 rem.
1267 4059 1503 4130 Dictus
1540 4080 1708 4131 vero
1748 4070 2135 4132 conventus
2176 4082 2335 4132 cum
2383 4083 2526 4132 non
2558 4073 2739 4133 esset
2773 4070 3141 4134 contentus
3179 4082 3392 4134 censu
3432 4062 3746 4158 predicto
3780 4061 3870 4134 de

1053 4183 1279 4254 casale
1307 4193 1378 4254 et
1405 4183 1782 4256 tenimento
1801 4184 1949 4275 jam
1975 4182 2206 4275 dictis,
2227 4183 2352 4256 sed
2379 4185 2668 4276 eligeret
2692 4186 2922 4281 potius
2948 4185 3253 4281 recipere
3278 4195 3350 4258 et
3366 4185 3625 4258 habere
3647 4185 3869 4258 casale

1056 4314 1127 4375 et
1154 4305 1607 4377 tenimentum
1644 4305 2061 4401 predictum,
2092 4317 2171 4379 ut
2198 4308 2286 4380 de
2315 4308 2649 4403 imperiali
2682 4310 3009 4380 mandato
3042 4309 3172 4381 sibi
3199 4309 3464 4382 restitui
3490 4309 3870 4382 mandaba-

1059 4438 1205 4518 tur,
1246 4429 1599 4499 constituit
1628 4429 1813 4501 idem
1846 4441 2231 4531 conventus
2257 4432 2640 4529 dompnum
2666 4432 3051 4506 Iohannem
3085 4433 3499 4506 monachum
3533 4444 3606 4505 et
3634 4455 3879 4529 prepo-

1057 4550 1264 4622 situm
1292 4549 1605 4641 ejusdem
1637 4554 2036 4627 monasterii
2065 4566 2136 4627 et
2163 4555 2546 4651 dompnum
2573 4556 2956 4629 Iohannem
2992 4557 3407 4631 monachum
3437 4568 3510 4629 et
3536 4557 3878 4652 cappella·

1057 4694 1225 4743 num
1253 4672 1525 4744 abbatis
1553 4674 1863 4765 ejusdem
1885 4678 2279 4751 monasterii
2303 4690 2786 4774 procuratores
2808 4692 2879 4754 et
2900 4681 3228 4773 sindicos,
3261 4682 3440 4753 sicut
3465 4701 3591 4776 per
3617 4680 3877 4753 litteras
