<?xml version="1.0" encoding="UTF-8"?>
<!DOCTYPE html PUBLIC "-//W3C//DTD XHTML 1.0 Transitional//EN"
    "http://www.w3.org/TR/xhtml1/DTD/xhtml1-transitional.dtd">
<html xmlns="http://www.w3.org/1999/xhtml" xml:lang="en" lang="en">
 <head>
  <title>
</title>
<meta http-equiv="Content-Type" content="text/html;charset=utf-8" />
  <meta name='ocr-system' content='tesseract 3.04.00' />
  <meta name='ocr-capabilities' content='ocr_page ocr_carea ocr_par ocr_line ocrx_word'/>
</head>
<body>
  <div class='ocr_page' id='page_1' title='image "./historiadiploma00degoog_0179.png"; bbox 0 0 4364 5738; ppageno 0'>
   <div class='ocr_carea' id='block_1_1' title="bbox 548 558 3381 643">
    <p class='ocr_par' dir='ltr' id='par_1_1' title="bbox 548 558 3381 643">
     <span class='ocr_line' id='line_1_1' title="bbox 548 558 3381 643; baseline 0.001 -23"><span class='ocrx_word' id='word_1_1' title='bbox 548 562 748 621; x_wconf 69' lang='lat' dir='ltr'>lumer.</span> <span class='ocrx_word' id='word_1_2' title='bbox 781 558 870 643; x_wconf 77' lang='grc'>2.]</span> <span class='ocrx_word' id='word_1_3' title='bbox 1456 558 1850 620; x_wconf 80' lang='lat' dir='ltr'>HISTORIA</span> <span class='ocrx_word' id='word_1_4' title='bbox 1903 559 2493 622; x_wconf 77' lang='lat' dir='ltr'>DIPLOMATch.</span> <span class='ocrx_word' id='word_1_5' title='bbox 3267 566 3381 626; x_wconf 70' lang='lat'>165</span> 
     </span>
    </p>
   </div>
   <div class='ocr_carea' id='block_1_2' title="bbox 541 694 3384 4013">
    <p class='ocr_par' dir='ltr' id='par_1_2' title="bbox 541 694 3384 3637">
     <span class='ocr_line' id='line_1_2' title="bbox 546 694 3384 790; baseline 0.001 -23"><span class='ocrx_word' id='word_1_6' title='bbox 546 694 950 788; x_wconf 88' lang='lat' dir='ltr'>angararios</span> <span class='ocrx_word' id='word_1_7' title='bbox 987 704 1059 767; x_wconf 90' lang='lat' dir='ltr'>et</span> <span class='ocrx_word' id='word_1_8' title='bbox 1089 694 1572 790; x_wconf 88' lang='lat' dir='ltr'>personalibus</span> <span class='ocrx_word' id='word_1_9' title='bbox 1603 695 1904 768; x_wconf 87' lang='lat' dir='ltr'>servitiis</span> <span class='ocrx_word' id='word_1_10' title='bbox 1939 695 2282 788; x_wconf 87' lang='lat' dir='ltr'>obligatos</span> <span class='ocrx_word' id='word_1_11' title='bbox 2322 716 2534 789; x_wconf 90' lang='lat' dir='ltr'>quam</span> <span class='ocrx_word' id='word_1_12' title='bbox 2575 715 2817 768; x_wconf 88' lang='lat' dir='ltr'>omnes</span> <span class='ocrx_word' id='word_1_13' title='bbox 2852 694 3277 770; x_wconf 78' lang='lat' dir='ltr'>habitatores</span> <span class='ocrx_word' id='word_1_14' title='bbox 3313 709 3384 771; x_wconf 92' lang='lat' dir='ltr'>et</span> 
     </span>
     <span class='ocr_line' id='line_1_3' title="bbox 546 816 3384 915; baseline 0.001 -25"><span class='ocrx_word' id='word_1_15' title='bbox 546 817 912 890; x_wconf 87' lang='lat' dir='ltr'>venientes</span> <span class='ocrx_word' id='word_1_16' title='bbox 963 817 1057 889; x_wconf 89' lang='lat' dir='ltr'>ad</span> <span class='ocrx_word' id='word_1_17' title='bbox 1114 816 1573 890; x_wconf 91' lang='lat' dir='ltr'>habitandum</span> <span class='ocrx_word' id='word_1_18' title='bbox 1629 818 1858 889; x_wconf 93' lang='lat' dir='ltr'>locum</span> <span class='ocrx_word' id='word_1_19' title='bbox 1911 817 2302 914; x_wconf 90' lang='lat' dir='ltr'>predictum</span> <span class='ocrx_word' id='word_1_20' title='bbox 2355 817 2729 913; x_wconf 83' lang='lat' dir='ltr'><strong>recipimus</strong></span> <span class='ocrx_word' id='word_1_21' title='bbox 2775 819 2908 890; x_wconf 89' lang='lat' dir='ltr'>sub</span> <span class='ocrx_word' id='word_1_22' title='bbox 2952 822 3384 915; x_wconf 89' lang='lat' dir='ltr'>protectione</span> 
     </span>
     <span class='ocr_line' id='line_1_4' title="bbox 545 939 3381 1037; baseline 0.001 -23"><span class='ocrx_word' id='word_1_23' title='bbox 545 951 782 1015; x_wconf 90' lang='lat' dir='ltr'>nostra</span> <span class='ocrx_word' id='word_1_24' title='bbox 815 951 886 1013; x_wconf 88' lang='lat' dir='ltr'>et</span> <span class='ocrx_word' id='word_1_25' title='bbox 920 939 1193 1036; x_wconf 89' lang='lat' dir='ltr'>imperii</span> <span class='ocrx_word' id='word_1_26' title='bbox 1227 941 1535 1037; x_wconf 90' lang='lat' dir='ltr'>speciali.</span> <span class='ocrx_word' id='word_1_27' title='bbox 1572 942 1673 1014; x_wconf 92' lang='lat' dir='ltr'>De</span> <span class='ocrx_word' id='word_1_28' title='bbox 1701 940 2246 1014; x_wconf 90' lang='lat' dir='ltr'>habundantiori</span> <span class='ocrx_word' id='word_1_29' title='bbox 2276 963 2558 1036; x_wconf 89' lang='lat' dir='ltr'>quoque</span> <span class='ocrx_word' id='word_1_30' title='bbox 2594 942 2818 1033; x_wconf 84' lang='lat' dir='ltr'>gratia</span> <span class='ocrx_word' id='word_1_31' title='bbox 2857 952 3094 1015; x_wconf 90' lang='lat' dir='ltr'>nostra</span> <span class='ocrx_word' id='word_1_32' title='bbox 3129 965 3381 1017; x_wconf 91' lang='lat' dir='ltr'>conce-</span> 
     </span>
     <span class='ocr_line' id='line_1_5' title="bbox 544 1063 3381 1162; baseline -0 -22"><span class='ocrx_word' id='word_1_33' title='bbox 544 1066 775 1140; x_wconf 89' lang='lat' dir='ltr'>dimus</span> <span class='ocrx_word' id='word_1_34' title='bbox 800 1065 965 1161; x_wconf 88' lang='lat' dir='ltr'>ipsis</span> <span class='ocrx_word' id='word_1_35' title='bbox 993 1064 1319 1138; x_wconf 88' lang='lat' dir='ltr'>fidelibus</span> <span class='ocrx_word' id='word_1_36' title='bbox 1345 1066 1601 1138; x_wconf 89' lang='lat' dir='ltr'>nostris</span> <span class='ocrx_word' id='word_1_37' title='bbox 1627 1075 1708 1137; x_wconf 93' lang='lat' dir='ltr'>ut</span> <span class='ocrx_word' id='word_1_38' title='bbox 1740 1067 1975 1138; x_wconf 91' lang='lat' dir='ltr'>nullus</span> <span class='ocrx_word' id='word_1_39' title='bbox 2007 1087 2253 1138; x_wconf 88' lang='lat' dir='ltr'>eorum</span> <span class='ocrx_word' id='word_1_40' title='bbox 2291 1075 2490 1138; x_wconf 83' lang='lat' dir='ltr'>extra</span> <span class='ocrx_word' id='word_1_41' title='bbox 2526 1066 2820 1159; x_wconf 81' lang='lat' dir='ltr'><strong>gratiam</strong></span> <span class='ocrx_word' id='word_1_42' title='bbox 2859 1063 2966 1160; x_wconf 75' lang='grc' dir='ltr'>(Ρ)</span> <span class='ocrx_word' id='word_1_43' title='bbox 2998 1068 3381 1162; x_wconf 82' lang='lat' dir='ltr'>predictam</span> 
     </span>
     <span class='ocr_line' id='line_1_6' title="bbox 544 1189 3383 1286; baseline 0.001 -24"><span class='ocrx_word' id='word_1_44' title='bbox 544 1189 635 1262; x_wconf 92' lang='lat' dir='ltr'>ad</span> <span class='ocrx_word' id='word_1_45' title='bbox 678 1189 1023 1283; x_wconf 89' lang='lat' dir='ltr'>judicium</span> <span class='ocrx_word' id='word_1_46' title='bbox 1070 1199 1428 1279; x_wconf 83' lang='lat' dir='ltr'>evocetur,</span> <span class='ocrx_word' id='word_1_47' title='bbox 1480 1189 1616 1261; x_wconf 92' lang='lat' dir='ltr'>nisi</span> <span class='ocrx_word' id='word_1_48' title='bbox 1659 1189 1749 1265; x_wconf 89' lang='lat' dir='ltr'>de</span> <span class='ocrx_word' id='word_1_49' title='bbox 1794 1190 2075 1286; x_wconf 90' lang='lat' dir='ltr'>speciali</span> <span class='ocrx_word' id='word_1_50' title='bbox 2118 1190 2549 1262; x_wconf 81' lang='lat' dir='ltr'>celsitudinis</span> <span class='ocrx_word' id='word_1_51' title='bbox 2594 1201 2829 1262; x_wconf 89' lang='lat' dir='ltr'>nostre</span> <span class='ocrx_word' id='word_1_52' title='bbox 2885 1193 3215 1264; x_wconf 93' lang='lat' dir='ltr'>mandato</span> <span class='ocrx_word' id='word_1_53' title='bbox 3266 1196 3383 1266; x_wconf 89' lang='lat' dir='ltr'>vel</span> 
     </span>
     <span class='ocr_line' id='line_1_7' title="bbox 544 1313 3383 1409; baseline 0.002 -24"><span class='ocrx_word' id='word_1_54' title='bbox 544 1315 765 1387; x_wconf 91' lang='lat' dir='ltr'>nostri</span> <span class='ocrx_word' id='word_1_55' title='bbox 810 1314 1021 1406; x_wconf 88' lang='lat' dir='ltr'>legati</span> <span class='ocrx_word' id='word_1_56' title='bbox 1059 1313 1132 1384; x_wconf 91' lang='lat' dir='ltr'>in</span> <span class='ocrx_word' id='word_1_57' title='bbox 1164 1313 1413 1385; x_wconf 84' lang='lat' dir='ltr'>Tuscia</span> <span class='ocrx_word' id='word_1_58' title='bbox 1453 1315 1831 1406; x_wconf 77' lang='lat' dir='ltr'>generali83</span> <span class='ocrx_word' id='word_1_59' title='bbox 1882 1314 2189 1407; x_wconf 87' lang='lat' dir='ltr'>benigne</span> <span class='ocrx_word' id='word_1_60' title='bbox 2229 1314 2678 1409; x_wconf 82' lang='lat' dir='ltr'>providentes</span> <span class='ocrx_word' id='word_1_61' title='bbox 2725 1315 2987 1388; x_wconf 89' lang='lat' dir='ltr'>eisdem</span> <span class='ocrx_word' id='word_1_62' title='bbox 3033 1326 3114 1387; x_wconf 91' lang='lat' dir='ltr'>ut</span> <span class='ocrx_word' id='word_1_63' title='bbox 3157 1318 3383 1390; x_wconf 91' lang='lat' dir='ltr'>omnis</span> 
     </span>
     <span class='ocr_line' id='line_1_8' title="bbox 545 1436 3379 1534; baseline 0 -23"><span class='ocrx_word' id='word_1_64' title='bbox 545 1459 843 1534; x_wconf 88' lang='lat' dir='ltr'>persona</span> <span class='ocrx_word' id='word_1_65' title='bbox 884 1439 956 1509; x_wconf 89' lang='lat' dir='ltr'>in</span> <span class='ocrx_word' id='word_1_66' title='bbox 992 1447 1220 1510; x_wconf 89' lang='lat' dir='ltr'>castro</span> <span class='ocrx_word' id='word_1_67' title='bbox 1257 1436 1579 1509; x_wconf 82' lang='lat' dir='ltr'>habitans</span> <span class='ocrx_word' id='word_1_68' title='bbox 1618 1448 2001 1511; x_wconf 88' lang='lat' dir='ltr'>memorato</span> <span class='ocrx_word' id='word_1_69' title='bbox 2042 1461 2202 1510; x_wconf 94' lang='lat' dir='ltr'>cum</span> <span class='ocrx_word' id='word_1_70' title='bbox 2243 1437 2641 1510; x_wconf 89' lang='lat' dir='ltr'>hominibus</span> <span class='ocrx_word' id='word_1_71' title='bbox 2682 1438 2899 1534; x_wconf 90' lang='lat' dir='ltr'>ipsius</span> <span class='ocrx_word' id='word_1_72' title='bbox 2947 1448 3129 1512; x_wconf 87' lang='lat' dir='ltr'>terre</span> <span class='ocrx_word' id='word_1_73' title='bbox 3174 1440 3379 1512; x_wconf 91' lang='lat' dir='ltr'>dum-</span> 
     </span>
     <span class='ocr_line' id='line_1_9' title="bbox 546 1562 3374 1635; baseline 0 0"><span class='ocrx_word' id='word_1_74' title='bbox 546 1572 745 1635; x_wconf 80' lang='lat' dir='ltr'>taxat</span> <span class='ocrx_word' id='word_1_75' title='bbox 776 1562 1039 1635; x_wconf 87' lang='lat' dir='ltr'>servire</span> <span class='ocrx_word' id='word_1_76' title='bbox 1068 1614 3374 1635; x_wconf 91' lang='grc'><strong>.............................</strong></span> 
     </span>
     <span class='ocr_line' id='line_1_10' title="bbox 544 1685 3372 1781; baseline 0.001 -23"><span class='ocrx_word' id='word_1_77' title='bbox 544 1688 679 1759; x_wconf 90' lang='lat' dir='ltr'>nisi</span> <span class='ocrx_word' id='word_1_78' title='bbox 730 1687 1106 1781; x_wconf 89' lang='lat' dir='ltr'>quicquam</span> <span class='ocrx_word' id='word_1_79' title='bbox 1154 1687 1323 1758; x_wconf 90' lang='lat' dir='ltr'>alibi</span> <span class='ocrx_word' id='word_1_80' title='bbox 1358 1685 1615 1758; x_wconf 88' lang='lat' dir='ltr'>habeat</span> <span class='ocrx_word' id='word_1_81' title='bbox 1649 1686 1838 1759; x_wconf 91' lang='lat' dir='ltr'>unde</span> <span class='ocrx_word' id='word_1_82' title='bbox 1871 1686 2062 1758; x_wconf 91' lang='lat' dir='ltr'>curie</span> <span class='ocrx_word' id='word_1_83' title='bbox 2100 1696 2337 1758; x_wconf 90' lang='lat' dir='ltr'>nostre</span> <span class='ocrx_word' id='word_1_84' title='bbox 2370 1686 2731 1759; x_wconf 87' lang='lat' dir='ltr'>servitium</span> <span class='ocrx_word' id='word_1_85' title='bbox 2772 1689 3026 1760; x_wconf 88' lang='lat' dir='ltr'>debeat</span> <span class='ocrx_word' id='word_1_86' title='bbox 3062 1689 3372 1761; x_wconf 81' lang='lat' dir='ltr'>exibere.</span> 
     </span>
     <span class='ocr_line' id='line_1_11' title="bbox 544 1808 3379 1906; baseline -0 -21"><span class='ocrx_word' id='word_1_87' title='bbox 544 1812 1000 1885; x_wconf 87' lang='lat' dir='ltr'>Concedimus</span> <span class='ocrx_word' id='word_1_88' title='bbox 1048 1812 1256 1882; x_wconf 91' lang='lat' dir='ltr'>etiam</span> <span class='ocrx_word' id='word_1_89' title='bbox 1311 1809 1724 1905; x_wconf 88' lang='lat' dir='ltr'>supradictis</span> <span class='ocrx_word' id='word_1_90' title='bbox 1758 1808 2082 1882; x_wconf 87' lang='lat' dir='ltr'>fidelibus</span> <span class='ocrx_word' id='word_1_91' title='bbox 2116 1819 2370 1882; x_wconf 80' lang='lat' dir='ltr'>nostris</span> <span class='ocrx_word' id='word_1_92' title='bbox 2408 1819 2488 1881; x_wconf 93' lang='lat' dir='ltr'>ut</span> <span class='ocrx_word' id='word_1_93' title='bbox 2524 1811 2614 1883; x_wconf 92' lang='lat' dir='ltr'>de</span> <span class='ocrx_word' id='word_1_94' title='bbox 2662 1810 3019 1883; x_wconf 87' lang='lat' dir='ltr'>maleficiis</span> <span class='ocrx_word' id='word_1_95' title='bbox 3052 1834 3190 1906; x_wconf 88' lang='lat' dir='ltr'>que</span> <span class='ocrx_word' id='word_1_96' title='bbox 3227 1813 3379 1884; x_wconf 85' lang='lat' dir='ltr'>fue-</span> 
     </span>
     <span class='ocr_line' id='line_1_12' title="bbox 541 1933 3381 2029; baseline 0 -22"><span class='ocrx_word' id='word_1_97' title='bbox 541 1936 685 2007; x_wconf 90' lang='lat' dir='ltr'>rint</span> <span class='ocrx_word' id='word_1_98' title='bbox 726 1935 799 2005; x_wconf 91' lang='lat' dir='ltr'>in</span> <span class='ocrx_word' id='word_1_99' title='bbox 845 1936 996 2029; x_wconf 89' lang='lat' dir='ltr'>ipsa</span> <span class='ocrx_word' id='word_1_100' title='bbox 1046 1943 1228 2004; x_wconf 91' lang='lat' dir='ltr'>terra</span> <span class='ocrx_word' id='word_1_101' title='bbox 1277 1933 1642 2004; x_wconf 87' lang='lat' dir='ltr'>commissa</span> <span class='ocrx_word' id='word_1_102' title='bbox 1695 1942 2000 2004; x_wconf 88' lang='lat' dir='ltr'>rectores</span> <span class='ocrx_word' id='word_1_103' title='bbox 2048 1933 2364 2024; x_wconf 87' lang='lat' dir='ltr'>ejusdem</span> <span class='ocrx_word' id='word_1_104' title='bbox 2409 1955 2538 2027; x_wconf 92' lang='lat' dir='ltr'>per</span> <span class='ocrx_word' id='word_1_105' title='bbox 2587 1955 2717 2005; x_wconf 91' lang='lat' dir='ltr'>nos</span> <span class='ocrx_word' id='word_1_106' title='bbox 2766 1936 2875 2005; x_wconf 86' lang='lat' dir='ltr'>vel</span> <span class='ocrx_word' id='word_1_107' title='bbox 2929 1957 3055 2029; x_wconf 91' lang='lat' dir='ltr'>per</span> <span class='ocrx_word' id='word_1_108' title='bbox 3108 1946 3381 2009; x_wconf 89' lang='lat' dir='ltr'>nostros</span> 
     </span>
     <span class='ocr_line' id='line_1_13' title="bbox 543 2055 3379 2153; baseline 0 -23"><span class='ocrx_word' id='word_1_109' title='bbox 543 2060 908 2153; x_wconf 80' lang='lat' dir='ltr'>generales</span> <span class='ocrx_word' id='word_1_110' title='bbox 941 2057 1238 2128; x_wconf 89' lang='lat' dir='ltr'>vicarios</span> <span class='ocrx_word' id='word_1_111' title='bbox 1267 2055 1513 2127; x_wconf 91' lang='lat' dir='ltr'>Tuscie</span> <span class='ocrx_word' id='word_1_112' title='bbox 1541 2056 1833 2127; x_wconf 88' lang='lat' dir='ltr'>instituti</span> <span class='ocrx_word' id='word_1_113' title='bbox 1862 2077 1991 2151; x_wconf 90' lang='lat' dir='ltr'>pro</span> <span class='ocrx_word' id='word_1_114' title='bbox 2017 2066 2330 2149; x_wconf 91' lang='lat' dir='ltr'>tempore</span> <span class='ocrx_word' id='word_1_115' title='bbox 2357 2057 2753 2127; x_wconf 85' lang='lat' dir='ltr'>facultatem</span> <span class='ocrx_word' id='word_1_116' title='bbox 2785 2058 3042 2129; x_wconf 91' lang='lat' dir='ltr'>ibidem</span> <span class='ocrx_word' id='word_1_117' title='bbox 3078 2058 3379 2130; x_wconf 89' lang='lat' dir='ltr'>habeant</span> 
     </span>
     <span class='ocr_line' id='line_1_14' title="bbox 545 2179 3377 2276; baseline 0 -22"><span class='ocrx_word' id='word_1_118' title='bbox 545 2181 1039 2276; x_wconf 86' lang='lat' dir='ltr'>cognoscendi,</span> <span class='ocrx_word' id='word_1_119' title='bbox 1066 2179 1200 2251; x_wconf 90' lang='lat' dir='ltr'>nisi</span> <span class='ocrx_word' id='word_1_120' title='bbox 1232 2179 1539 2252; x_wconf 92' lang='lat' dir='ltr'>criminis</span> <span class='ocrx_word' id='word_1_121' title='bbox 1575 2179 1966 2250; x_wconf 87' lang='lat' dir='ltr'>immanitas</span> <span class='ocrx_word' id='word_1_122' title='bbox 2003 2179 2240 2271; x_wconf 82' lang='lat' dir='ltr'>exigat</span> <span class='ocrx_word' id='word_1_123' title='bbox 2262 2179 2374 2250; x_wconf 88' lang='lat' dir='ltr'>vel</span> <span class='ocrx_word' id='word_1_124' title='bbox 2396 2180 2586 2272; x_wconf 86' lang='lat' dir='ltr'>justa</span> <span class='ocrx_word' id='word_1_125' title='bbox 2620 2201 2826 2251; x_wconf 90' lang='lat' dir='ltr'>causa</span> <span class='ocrx_word' id='word_1_126' title='bbox 2859 2181 3168 2272; x_wconf 89' lang='lat' dir='ltr'>requirat</span> <span class='ocrx_word' id='word_1_127' title='bbox 3190 2183 3377 2276; x_wconf 92' lang='lat' dir='ltr'>quod</span> 
     </span>
     <span class='ocr_line' id='line_1_15' title="bbox 546 2303 3377 2402; baseline -0.001 -22"><span class='ocrx_word' id='word_1_128' title='bbox 546 2307 638 2380; x_wconf 89' lang='lat' dir='ltr'>de</span> <span class='ocrx_word' id='word_1_129' title='bbox 665 2307 832 2402; x_wconf 90' lang='lat' dir='ltr'>ipsis</span> <span class='ocrx_word' id='word_1_130' title='bbox 859 2306 931 2376; x_wconf 91' lang='lat' dir='ltr'>in</span> <span class='ocrx_word' id='word_1_131' title='bbox 958 2314 1195 2376; x_wconf 87' lang='lat' dir='ltr'>nostra</span> <span class='ocrx_word' id='word_1_132' title='bbox 1216 2304 1332 2376; x_wconf 86' lang='lat' dir='ltr'>vel</span> <span class='ocrx_word' id='word_1_133' title='bbox 1358 2303 1702 2395; x_wconf 90' lang='lat' dir='ltr'>generalis</span> <span class='ocrx_word' id='word_1_134' title='bbox 1727 2303 1969 2375; x_wconf 87' lang='lat' dir='ltr'>vicarii</span> <span class='ocrx_word' id='word_1_135' title='bbox 2001 2303 2195 2375; x_wconf 90' lang='lat' dir='ltr'>curia</span> <span class='ocrx_word' id='word_1_136' title='bbox 2226 2313 2724 2394; x_wconf 89' lang='lat' dir='ltr'>cognoscatur;</span> <span class='ocrx_word' id='word_1_137' title='bbox 2761 2312 3142 2376; x_wconf 84' lang='lat' dir='ltr'>statuentes</span> <span class='ocrx_word' id='word_1_138' title='bbox 3171 2306 3377 2377; x_wconf 89' lang='lat' dir='ltr'>etiam</span> 
     </span>
     <span class='ocr_line' id='line_1_16' title="bbox 546 2426 3373 2525; baseline -0 -23"><span class='ocrx_word' id='word_1_139' title='bbox 546 2430 924 2525; x_wconf 88' lang='lat' dir='ltr'>imperialis</span> <span class='ocrx_word' id='word_1_140' title='bbox 982 2427 1359 2500; x_wconf 88' lang='lat' dir='ltr'>sanctionis</span> <span class='ocrx_word' id='word_1_141' title='bbox 1440 2426 1669 2499; x_wconf 85' lang='lat' dir='ltr'>edicto</span> <span class='ocrx_word' id='word_1_142' title='bbox 1740 2479 2654 2499; x_wconf 91' lang='grc'><strong>............</strong></span> <span class='ocrx_word' id='word_1_143' title='bbox 2724 2428 2959 2499; x_wconf 91' lang='lat' dir='ltr'>nullus</span> <span class='ocrx_word' id='word_1_144' title='bbox 3035 2429 3333 2501; x_wconf 86' lang='lat' dir='ltr'>vicarius</span> <span class='ocrx_word' id='word_1_145' title='bbox 3354 2482 3373 2520; x_wconf 90' lang='lat'>‚</span> 
     </span>
     <span class='ocr_line' id='line_1_17' title="bbox 548 2552 3380 2646; baseline -0.001 -18"><span class='ocrx_word' id='word_1_146' title='bbox 548 2576 779 2629; x_wconf 91' lang='lat' dir='ltr'>comes</span> <span class='ocrx_word' id='word_1_147' title='bbox 811 2576 934 2626; x_wconf 91' lang='lat' dir='ltr'>seu</span> <span class='ocrx_word' id='word_1_148' title='bbox 966 2554 1391 2642; x_wconf 88' lang='lat' dir='ltr'>vicecomes,</span> <span class='ocrx_word' id='word_1_149' title='bbox 1427 2552 1663 2623; x_wconf 90' lang='lat' dir='ltr'>nullus</span> <span class='ocrx_word' id='word_1_150' title='bbox 1695 2560 2041 2646; x_wconf 87' lang='lat' dir='ltr'>potestas,</span> <span class='ocrx_word' id='word_1_151' title='bbox 2084 2560 2314 2623; x_wconf 86' lang='lat' dir='ltr'>rector</span> <span class='ocrx_word' id='word_1_152' title='bbox 2358 2561 2482 2623; x_wconf 92' lang='lat' dir='ltr'>aut</span> <span class='ocrx_word' id='word_1_153' title='bbox 2523 2553 2803 2640; x_wconf 86' lang='lat' dir='ltr'>consul,</span> <span class='ocrx_word' id='word_1_154' title='bbox 2845 2552 3115 2623; x_wconf 91' lang='lat' dir='ltr'>nullum</span> <span class='ocrx_word' id='word_1_155' title='bbox 3156 2554 3380 2625; x_wconf 89' lang='lat' dir='ltr'>consi·</span> 
     </span>
     <span class='ocr_line' id='line_1_18' title="bbox 546 2674 3379 2770; baseline -0 -20"><span class='ocrx_word' id='word_1_156' title='bbox 546 2680 715 2750; x_wconf 92' lang='lat' dir='ltr'>lium</span> <span class='ocrx_word' id='word_1_157' title='bbox 742 2687 864 2750; x_wconf 91' lang='lat' dir='ltr'>aut</span> <span class='ocrx_word' id='word_1_158' title='bbox 897 2696 1295 2767; x_wconf 89' lang='lat' dir='ltr'>commune,</span> <span class='ocrx_word' id='word_1_159' title='bbox 1332 2676 1525 2746; x_wconf 90' lang='lat' dir='ltr'>nulla</span> <span class='ocrx_word' id='word_1_160' title='bbox 1552 2695 1853 2770; x_wconf 89' lang='lat' dir='ltr'>persona</span> <span class='ocrx_word' id='word_1_161' title='bbox 1881 2674 2024 2746; x_wconf 87' lang='lat' dir='ltr'>alta</span> <span class='ocrx_word' id='word_1_162' title='bbox 2054 2676 2170 2748; x_wconf 87' lang='lat' dir='ltr'>vel</span> <span class='ocrx_word' id='word_1_163' title='bbox 2204 2675 2509 2767; x_wconf 80' lang='lat' dir='ltr'>humiliS,</span> <span class='ocrx_word' id='word_1_164' title='bbox 2548 2675 3012 2747; x_wconf 88' lang='lat' dir='ltr'>ecclesiastica</span> <span class='ocrx_word' id='word_1_165' title='bbox 3038 2678 3150 2748; x_wconf 89' lang='lat' dir='ltr'>vel</span> <span class='ocrx_word' id='word_1_166' title='bbox 3182 2698 3379 2749; x_wconf 90' lang='lat' dir='ltr'>secu-</span> 
     </span>
     <span class='ocr_line' id='line_1_19' title="bbox 547 2798 3369 2896; baseline -0.001 -19"><span class='ocrx_word' id='word_1_167' title='bbox 547 2804 711 2877; x_wconf 88' lang='lat' dir='ltr'>laris</span> <span class='ocrx_word' id='word_1_168' title='bbox 730 2856 750 2895; x_wconf 92' lang='lat'>,</span> <span class='ocrx_word' id='word_1_169' title='bbox 779 2810 1020 2876; x_wconf 87' lang='lat' dir='ltr'>contra</span> <span class='ocrx_word' id='word_1_170' title='bbox 1051 2799 1391 2896; x_wconf 87' lang='lat' dir='ltr'>presentis</span> <span class='ocrx_word' id='word_1_171' title='bbox 1418 2798 1763 2895; x_wconf 88' lang='lat' dir='ltr'>privilegii</span> <span class='ocrx_word' id='word_1_172' title='bbox 1795 2810 2106 2869; x_wconf 89' lang='lat' dir='ltr'>tenorem</span> <span class='ocrx_word' id='word_1_173' title='bbox 2133 2819 2310 2869; x_wconf 91' lang='lat' dir='ltr'>ausu</span> <span class='ocrx_word' id='word_1_174' title='bbox 2336 2798 2702 2871; x_wconf 90' lang='lat' dir='ltr'>temerario</span> <span class='ocrx_word' id='word_1_175' title='bbox 2729 2799 2967 2872; x_wconf 88' lang='lat' dir='ltr'>venire</span> <span class='ocrx_word' id='word_1_176' title='bbox 2994 2812 3369 2895; x_wconf 86' lang='lat' dir='ltr'>presumat,</span> 
     </span>
     <span class='ocr_line' id='line_1_20' title="bbox 546 2921 3373 3019; baseline -0.002 -18"><span class='ocrx_word' id='word_1_177' title='bbox 546 2928 772 3001; x_wconf 89' lang='lat' dir='ltr'>donec</span> <span class='ocrx_word' id='word_1_178' title='bbox 801 2929 875 2996; x_wconf 92' lang='lat' dir='ltr'>in</span> <span class='ocrx_word' id='word_1_179' title='bbox 911 2925 1052 2998; x_wconf 88' lang='lat' dir='ltr'>fide</span> <span class='ocrx_word' id='word_1_180' title='bbox 1088 2936 1160 2997; x_wconf 87' lang='lat' dir='ltr'>et</span> <span class='ocrx_word' id='word_1_181' title='bbox 1193 2924 1568 2997; x_wconf 89' lang='lat' dir='ltr'>devotione</span> <span class='ocrx_word' id='word_1_182' title='bbox 1602 2934 1839 2995; x_wconf 90' lang='lat' dir='ltr'>nostra</span> <span class='ocrx_word' id='word_1_183' title='bbox 1873 2934 1944 2994; x_wconf 90' lang='lat' dir='ltr'>et</span> <span class='ocrx_word' id='word_1_184' title='bbox 1982 2922 2255 3018; x_wconf 89' lang='lat' dir='ltr'>imperii</span> <span class='ocrx_word' id='word_1_185' title='bbox 2295 2921 2608 2994; x_wconf 90' lang='lat' dir='ltr'>homines</span> <span class='ocrx_word' id='word_1_186' title='bbox 2645 2923 2936 3017; x_wconf 91' lang='lat' dir='ltr'>predicti</span> <span class='ocrx_word' id='word_1_187' title='bbox 2978 2925 3184 2995; x_wconf 88' lang='lat' dir='ltr'>castri</span> <span class='ocrx_word' id='word_1_188' title='bbox 3214 2947 3373 3019; x_wconf 90' lang='lat' dir='ltr'>per-</span> 
     </span>
     <span class='ocr_line' id='line_1_21' title="bbox 545 3046 3373 3142; baseline -0.001 -18"><span class='ocrx_word' id='word_1_189' title='bbox 545 3050 954 3124; x_wconf 88' lang='lat' dir='ltr'>manserint.</span> <span class='ocrx_word' id='word_1_190' title='bbox 988 3049 1191 3136; x_wconf 91' lang='lat' dir='ltr'>Quod</span> <span class='ocrx_word' id='word_1_191' title='bbox 1227 3047 1348 3140; x_wconf 86' lang='lat' dir='ltr'>qui</span> <span class='ocrx_word' id='word_1_192' title='bbox 1381 3046 1878 3142; x_wconf 88' lang='lat' dir='ltr'>presumpserit</span> <span class='ocrx_word' id='word_1_193' title='bbox 1918 3055 2154 3141; x_wconf 90' lang='lat' dir='ltr'>preter</span> <span class='ocrx_word' id='word_1_194' title='bbox 2200 3046 2750 3139; x_wconf 83' lang='lat' dir='ltr'>indignationem</span> <span class='ocrx_word' id='word_1_195' title='bbox 2795 3048 3014 3119; x_wconf 87' lang='lat' dir='ltr'>nostri</span> <span class='ocrx_word' id='word_1_196' title='bbox 3056 3048 3373 3121; x_wconf 91' lang='lat' dir='ltr'>culminis</span> 
     </span>
     <span class='ocr_line' id='line_1_22' title="bbox 545 3168 3372 3264; baseline 0 -20"><span class='ocrx_word' id='word_1_197' title='bbox 545 3173 738 3244; x_wconf 91' lang='lat' dir='ltr'>mille</span> <span class='ocrx_word' id='word_1_198' title='bbox 774 3191 1043 3243; x_wconf 90' lang='lat' dir='ltr'>marcas</span> <span class='ocrx_word' id='word_1_199' title='bbox 1073 3168 1344 3263; x_wconf 83' lang='lat' dir='ltr'>argenti</span> <span class='ocrx_word' id='word_1_200' title='bbox 1376 3190 1451 3240; x_wconf 89' lang='lat' dir='ltr'>se</span> <span class='ocrx_word' id='word_1_201' title='bbox 1483 3169 2026 3264; x_wconf 89' lang='lat' dir='ltr'>compositurum</span> <span class='ocrx_word' id='word_1_202' title='bbox 2060 3222 2647 3242; x_wconf 92' lang='grc'><strong>........</strong></span> <span class='ocrx_word' id='word_1_203' title='bbox 2686 3170 2758 3240; x_wconf 90' lang='lat' dir='ltr'>in</span> <span class='ocrx_word' id='word_1_204' title='bbox 2803 3170 3206 3243; x_wconf 89' lang='lat' dir='ltr'>temeritatis</span> <span class='ocrx_word' id='word_1_205' title='bbox 3247 3195 3372 3245; x_wconf 90' lang='lat' dir='ltr'>sue</span> 
     </span>
     <span class='ocr_line' id='line_1_23' title="bbox 546 3293 3371 3393; baseline -0 -25"><span class='ocrx_word' id='word_1_206' title='bbox 546 3317 830 3393; x_wconf 90' lang='lat' dir='ltr'>penam,</span> <span class='ocrx_word' id='word_1_207' title='bbox 858 3294 1230 3366; x_wconf 86' lang='lat' dir='ltr'>medietate</span> <span class='ocrx_word' id='word_1_208' title='bbox 1254 3313 1527 3364; x_wconf 88' lang='lat' dir='ltr'>camere</span> <span class='ocrx_word' id='word_1_209' title='bbox 1559 3300 1822 3383; x_wconf 89' lang='lat' dir='ltr'>nostre,</span> <span class='ocrx_word' id='word_1_210' title='bbox 1848 3293 2114 3384; x_wconf 89' lang='lat' dir='ltr'>reliqua</span> <span class='ocrx_word' id='word_1_211' title='bbox 2146 3293 2518 3365; x_wconf 84' lang='lat' dir='ltr'>medietate</span> <span class='ocrx_word' id='word_1_212' title='bbox 2548 3294 2767 3389; x_wconf 91' lang='lat' dir='ltr'>passis</span> <span class='ocrx_word' id='word_1_213' title='bbox 2798 3295 2892 3387; x_wconf 90' lang='lat' dir='ltr'>inj</span> <span class='ocrx_word' id='word_1_214' title='bbox 2903 3295 3119 3367; x_wconf 89' lang='lat' dir='ltr'>uriam</span> <span class='ocrx_word' id='word_1_215' title='bbox 3144 3298 3371 3391; x_wconf 90' lang='lat' dir='ltr'>appli-</span> 
     </span>
     <span class='ocr_line' id='line_1_24' title="bbox 546 3414 3371 3512; baseline -0.001 -18"><span class='ocrx_word' id='word_1_216' title='bbox 546 3420 795 3495; x_wconf 90' lang='lat' dir='ltr'>canda.</span> <span class='ocrx_word' id='word_1_217' title='bbox 833 3418 948 3491; x_wconf 92' lang='lat' dir='ltr'>Ad</span> <span class='ocrx_word' id='word_1_218' title='bbox 978 3418 1187 3512; x_wconf 89' lang='lat' dir='ltr'>hujus</span> <span class='ocrx_word' id='word_1_219' title='bbox 1238 3426 1474 3488; x_wconf 90' lang='lat' dir='ltr'>autem</span> <span class='ocrx_word' id='word_1_220' title='bbox 1520 3414 1983 3487; x_wconf 90' lang='lat' dir='ltr'>concessionis</span> <span class='ocrx_word' id='word_1_221' title='bbox 2015 3425 2086 3488; x_wconf 90' lang='lat' dir='ltr'>et</span> <span class='ocrx_word' id='word_1_222' title='bbox 2119 3416 2549 3509; x_wconf 84' lang='lat' dir='ltr'>indulgentie</span> <span class='ocrx_word' id='word_1_223' title='bbox 2593 3418 2908 3511; x_wconf 90' lang='lat' dir='ltr'>specialis</span> <span class='ocrx_word' id='word_1_224' title='bbox 2946 3429 3182 3491; x_wconf 91' lang='lat' dir='ltr'>nostre</span> <span class='ocrx_word' id='word_1_225' title='bbox 3223 3441 3371 3492; x_wconf 90' lang='lat' dir='ltr'>me·</span> 
     </span>
     <span class='ocr_line' id='line_1_25' title="bbox 544 3539 3362 3637; baseline -0.001 -19"><span class='ocrx_word' id='word_1_226' title='bbox 544 3546 835 3618; x_wconf 88' lang='lat' dir='ltr'>moriam</span> <span class='ocrx_word' id='word_1_227' title='bbox 873 3552 945 3615; x_wconf 88' lang='lat' dir='ltr'>et</span> <span class='ocrx_word' id='word_1_228' title='bbox 986 3540 1203 3613; x_wconf 92' lang='lat' dir='ltr'>robur</span> <span class='ocrx_word' id='word_1_229' title='bbox 1236 3550 1575 3636; x_wconf 89' lang='lat' dir='ltr'>perpetuo</span> <span class='ocrx_word' id='word_1_230' title='bbox 1614 3539 2025 3629; x_wconf 90' lang='lat' dir='ltr'>valiturum,</span> <span class='ocrx_word' id='word_1_231' title='bbox 2060 3561 2346 3635; x_wconf 90' lang='lat' dir='ltr'>presens</span> <span class='ocrx_word' id='word_1_232' title='bbox 2378 3541 2815 3637; x_wconf 87' lang='lat' dir='ltr'>privilegium</span> <span class='ocrx_word' id='word_1_233' title='bbox 2860 3594 3362 3615; x_wconf 92' lang='grc'><strong>.......</strong></span> 
     </span>
    </p>

    <p class='ocr_par' dir='ltr' id='par_1_3' title="bbox 632 3662 2634 3760">
     <span class='ocr_line' id='line_1_26' title="bbox 632 3662 2634 3760; baseline -0.003 -18"><span class='ocrx_word' id='word_1_234' title='bbox 632 3723 651 3741; x_wconf 93' lang='grc'><strong>.</strong></span> <span class='ocrx_word' id='word_1_235' title='bbox 716 3724 732 3740; x_wconf 94' lang='grc'><strong>.</strong></span> <span class='ocrx_word' id='word_1_236' title='bbox 775 3678 847 3741; x_wconf 89' lang='lat' dir='ltr'>et</span> <span class='ocrx_word' id='word_1_237' title='bbox 877 3666 1105 3760; x_wconf 90' lang='lat' dir='ltr'>sigillo</span> <span class='ocrx_word' id='word_1_238' title='bbox 1135 3664 1518 3758; x_wconf 87' lang='lat' dir='ltr'>majestatis</span> <span class='ocrx_word' id='word_1_239' title='bbox 1558 3671 1796 3735; x_wconf 89' lang='lat' dir='ltr'>nostre</span> <span class='ocrx_word' id='word_1_240' title='bbox 1824 3662 2158 3756; x_wconf 86' lang='lat' dir='ltr'>jussimus</span> <span class='ocrx_word' id='word_1_241' title='bbox 2195 3664 2634 3737; x_wconf 89' lang='lat' dir='ltr'>communiri.</span> 
     </span>
    </p>

    <p class='ocr_par' dir='ltr' id='par_1_4' title="bbox 545 3786 3371 4013">
     <span class='ocr_line' id='line_1_27' title="bbox 641 3786 3371 3878; baseline -0 -15"><span class='ocrx_word' id='word_1_242' title='bbox 641 3794 894 3865; x_wconf 89' lang='lat' dir='ltr'>Datum</span> <span class='ocrx_word' id='word_1_243' title='bbox 935 3788 1277 3878; x_wconf 91' lang='lat' dir='ltr'>Grosseti,</span> <span class='ocrx_word' id='word_1_244' title='bbox 1325 3808 1514 3860; x_wconf 90' lang='lat' dir='ltr'>anno</span> <span class='ocrx_word' id='word_1_245' title='bbox 1556 3786 1902 3859; x_wconf 89' lang='lat' dir='ltr'>dominice</span> <span class='ocrx_word' id='word_1_246' title='bbox 1950 3787 2444 3861; x_wconf 87' lang='lat' dir='ltr'>incarnationis</span> <span class='ocrx_word' id='word_1_247' title='bbox 2492 3788 2857 3860; x_wconf 92' lang='lat' dir='ltr'>millesimo</span> <span class='ocrx_word' id='word_1_248' title='bbox 2897 3789 3371 3862; x_wconf 90' lang='lat' dir='ltr'>ducentesimo</span> 
     </span>
     <span class='ocr_line' id='line_1_28' title="bbox 545 3911 3369 4013; baseline -0.002 -23"><span class='ocrx_word' id='word_1_249' title='bbox 545 3915 1075 4013; x_wconf 87' lang='lat' dir='ltr'>quadragesimo</span> <span class='ocrx_word' id='word_1_250' title='bbox 1126 3912 1377 4004; x_wconf 87' lang='lat' dir='ltr'>tercio,</span> <span class='ocrx_word' id='word_1_251' title='bbox 1431 3933 1672 3984; x_wconf 91' lang='lat' dir='ltr'>mense</span> <span class='ocrx_word' id='word_1_252' title='bbox 1723 3911 2087 4003; x_wconf 85' lang='lat' dir='ltr'>februarii,</span> <span class='ocrx_word' id='word_1_253' title='bbox 2141 3912 2449 3985; x_wconf 90' lang='lat' dir='ltr'>secunde</span> <span class='ocrx_word' id='word_1_254' title='bbox 2504 3912 2931 4003; x_wconf 81' lang='lat' dir='ltr'>indictioniS‚</span> <span class='ocrx_word' id='word_1_255' title='bbox 2984 3914 3369 4008; x_wconf 86' lang='lat' dir='ltr'>imperante</span> 
     </span>
    </p>
   </div>
   <div class='ocr_carea' id='block_1_3' title="bbox 546 4036 3499 4129">
    <p class='ocr_par' dir='ltr' id='par_1_5' title="bbox 546 4036 3499 4129">
     <span class='ocr_line' id='line_1_29' title="bbox 546 4036 3499 4129; baseline -0.002 -13"><span class='ocrx_word' id='word_1_256' title='bbox 546 4042 829 4116; x_wconf 93' lang='lat' dir='ltr'>domino</span> <span class='ocrx_word' id='word_1_257' title='bbox 873 4048 1112 4113; x_wconf 88' lang='lat' dir='ltr'>nostro</span> <span class='ocrx_word' id='word_1_258' title='bbox 1156 4036 1505 4110; x_wconf 88' lang='lat' dir='ltr'>Friderico</span> <span class='ocrx_word' id='word_1_259' title='bbox 1550 4036 1898 4128; x_wconf 90' lang='lat' dir='ltr'>secundo,</span> <span class='ocrx_word' id='word_1_260' title='bbox 1950 4036 2080 4110; x_wconf 89' lang='lat' dir='ltr'>Dei</span> <span class='ocrx_word' id='word_1_261' title='bbox 2133 4038 2358 4129; x_wconf 88' lang='lat' dir='ltr'>gratia</span> <span class='ocrx_word' id='word_1_262' title='bbox 2405 4037 2855 4109; x_wconf 87' lang='lat' dir='ltr'>invictissimo</span> <span class='ocrx_word' id='word_1_263' title='bbox 2902 4038 3370 4111; x_wconf 87' lang='lat' dir='ltr'>Romanorum</span> <span class='ocrx_word' id='word_1_264' title='bbox 3492 4066 3499 4071; x_wconf 92' lang='lat'><strong>·</strong></span> 
     </span>
    </p>
   </div>
   <div class='ocr_carea' id='block_1_4' title="bbox 544 4160 3369 4509">
    <p class='ocr_par' dir='ltr' id='par_1_6' title="bbox 544 4160 3369 4509">
     <span class='ocr_line' id='line_1_30' title="bbox 545 4160 3369 4263; baseline -0.001 -24"><span class='ocrx_word' id='word_1_265' title='bbox 545 4167 962 4263; x_wconf 89' lang='lat' dir='ltr'>imperatore</span> <span class='ocrx_word' id='word_1_266' title='bbox 989 4181 1267 4257; x_wconf 90' lang='lat' dir='ltr'>semper</span> <span class='ocrx_word' id='word_1_267' title='bbox 1291 4169 1612 4254; x_wconf 89' lang='lat' dir='ltr'>august0‚</span> <span class='ocrx_word' id='word_1_268' title='bbox 1650 4161 2031 4234; x_wconf 86' lang='lat' dir='ltr'>Jerusalem</span> <span class='ocrx_word' id='word_1_269' title='bbox 2066 4170 2138 4233; x_wconf 88' lang='lat' dir='ltr'>et</span> <span class='ocrx_word' id='word_1_270' title='bbox 2174 4160 2426 4256; x_wconf 81' lang='lat' dir='ltr'>Sycilie</span> <span class='ocrx_word' id='word_1_271' title='bbox 2460 4180 2662 4251; x_wconf 87' lang='lat' dir='ltr'>rege,</span> <span class='ocrx_word' id='word_1_272' title='bbox 2701 4160 2971 4255; x_wconf 88' lang='lat' dir='ltr'>imperii</span> <span class='ocrx_word' id='word_1_273' title='bbox 3000 4163 3152 4256; x_wconf 89' lang='lat' dir='ltr'>ejus</span> <span class='ocrx_word' id='word_1_274' title='bbox 3182 4185 3369 4238; x_wconf 91' lang='lat' dir='ltr'>auno</span> 
     </span>
     <span class='ocr_line' id='line_1_31' title="bbox 544 4284 3367 4385; baseline -0.001 -21"><span class='ocrx_word' id='word_1_275' title='bbox 544 4291 879 4385; x_wconf 85' lang='lat' dir='ltr'>vigesimo</span> <span class='ocrx_word' id='word_1_276' title='bbox 914 4295 1197 4383; x_wconf 88' lang='lat' dir='ltr'>quarto,</span> <span class='ocrx_word' id='word_1_277' title='bbox 1238 4285 1438 4379; x_wconf 86' lang='lat' dir='ltr'>regni</span> <span class='ocrx_word' id='word_1_278' title='bbox 1467 4286 1849 4358; x_wconf 86' lang='lat' dir='ltr'>Jerusalem</span> <span class='ocrx_word' id='word_1_279' title='bbox 1886 4306 2076 4358; x_wconf 90' lang='lat' dir='ltr'>nono</span> <span class='ocrx_word' id='word_1_280' title='bbox 2117 4284 2423 4373; x_wconf 89' lang='lat' dir='ltr'>decimo,</span> <span class='ocrx_word' id='word_1_281' title='bbox 2461 4284 2657 4375; x_wconf 84' lang='lat' dir='ltr'>regni</span> <span class='ocrx_word' id='word_1_282' title='bbox 2697 4306 2868 4359; x_wconf 81' lang='lat' dir='ltr'>vero</span> <span class='ocrx_word' id='word_1_283' title='bbox 2898 4288 3149 4383; x_wconf 81' lang='lat' dir='ltr'>Sycilie</span> <span class='ocrx_word' id='word_1_284' title='bbox 3190 4312 3367 4385; x_wconf 88' lang='lat' dir='ltr'>qua·</span> 
     </span>
     <span class='ocr_line' id='line_1_32' title="bbox 547 4410 1853 4509; baseline -0.008 -19"><span class='ocrx_word' id='word_1_285' title='bbox 547 4416 940 4509; x_wconf 87' lang='lat' dir='ltr'>dragesimo</span> <span class='ocrx_word' id='word_1_286' title='bbox 972 4421 1174 4485; x_wconf 80' lang='lat' dir='ltr'>sexto</span> <span class='ocrx_word' id='word_1_287' title='bbox 1191 4463 1213 4501; x_wconf 92' lang='lat'>‚</span> <span class='ocrx_word' id='word_1_288' title='bbox 1251 4410 1565 4483; x_wconf 87' lang='lat' dir='ltr'>feliciter.</span> <span class='ocrx_word' id='word_1_289' title='bbox 1600 4410 1853 4483; x_wconf 89' lang='lat' dir='ltr'>Amen.</span> 
     </span>
    </p>
   </div>
  </div>
 </body>
</html>
