4364 5738
1074 577 1196 641 ωε
2070 570 2501 634 nmmum
2546 572 2894 636 saeuum
3511 573 3678 658 [Aa.
3715 575 3883 640 ιω.

1077 710 1294 785 nostri
1338 707 1636 800 negotiis
1681 705 2049 779 salubriter
2095 716 2168 778 et
2207 706 2526 777 celeriter
2570 707 2939 799 ordinatis,
2980 717 3302 802 potenter
3341 716 3413 779 et
3455 707 3747 781 feliciter
3784 730 3886 782 re-

1077 833 1512 930 promittens.
2080 900 2095 918 ‚

1173 958 1387 1029 Extat
1421 955 1493 1024 in
1532 951 1692 1025 cod.
1717 951 2024 1024 univers.
2058 952 2354 1048 Leipzic.
2392 965 2468 1024 n’
2500 954 2720 1043 ⁴268,
2761 953 2882 1025 sol.
2922 953 3044 1043 ⁴2,
3074 953 3212 1025 alia
3243 953 3332 1025 de
3364 953 3611 1025 eadem
3642 976 3722 1025 re
3758 955 3892 1050 epi·

1079 1077 1254 1151 stola
1300 1099 1424 1150 seu
1467 1077 1699 1170 potius
1732 1074 2117 1170 encyclica,
2156 1074 2402 1147 eadem
2440 1098 2621 1170 quae
2663 1077 2736 1148 in
2766 1076 2947 1148 libro
2983 1075 3165 1148 Petri
3205 1075 3294 1148 de
3323 1075 3543 1148 Vinea
3573 1077 3894 1169 leguntur

1078 1203 1209 1273 sub
1249 1199 1551 1273 breviori
1587 1209 1818 1270 tamen
1854 1199 2110 1287 forma,
2147 1197 2528 1290 exhibens,
2567 1205 2790 1294 usque
2825 1198 2917 1272 ad
2947 1198 3125 1271 baec
3164 1199 3382 1272 verba
3423 1223 3630 1294 quam
3672 1202 3749 1270 in
3781 1201 3891 1272 ab·

1074 1326 1296 1399 sauia
1342 1323 1748 1417 qlorientur.
1797 1320 1965 1393 Inde
2010 1343 2232 1416 usque
2267 1322 2360 1394 ad
2403 1320 2615 1395 finem
2663 1323 2808 1394 sere
2855 1322 3104 1395 eadem
3151 1323 3527 1419 imperator
3569 1324 3896 1420 praecipit

1074 1470 1262 1543 quae
1295 1447 1391 1520 ad
1420 1446 1701 1519 Entium
1727 1441 1946 1515 filium
1982 1466 2187 1516 suum
2222 1444 2490 1518 directa
2538 1445 3127 1542 transcripsimus,
3156 1447 3426 1519 scilicet
3453 1445 3544 1520 de
3578 1446 3901 1543 parandis

1080 1571 1299 1667 copiis
1326 1579 1398 1642 et
1426 1569 1792 1641 rebellium
1820 1568 2229 1640 confusione
2260 1568 2774 1664 prosequenda,
2811 1569 3044 1641 statim
3079 1579 3160 1641 ut
3192 1590 3457 1641 novum
3497 1570 3895 1643 mandatum

1081 1696 1172 1768 de
1204 1694 1339 1766 hoc
1362 1692 1686 1765 ediderit.
1722 1692 1892 1763 Cum
1920 1712 2090 1763 vero
2117 1692 2191 1762 in
2215 1691 2326 1764 bis
2352 1691 2630 1764 duobus
2656 1693 2849 1764 nulla
2880 1692 2970 1764 de
2995 1693 3207 1765 rebus
3231 1692 3621 1789 spoletanis
3650 1714 3784 1766 nec
3811 1692 3895 1767 de

1076 1816 1404 1914 Capuacii
1426 1815 1792 1888 obsidione
1830 1815 2090 1888 mentio
2114 1813 2240 1888 fiat
2256 1866 2279 1906 ,
2303 1814 2435 1889 bas
2462 1821 2746 1913 quoque
2777 1816 3024 1891 ordine
3055 1826 3444 1915 temporum
3469 1818 3737 1915 priores
3758 1818 3896 1892 tor·

1084 1952 1265 2014 tasse
1300 1940 1625 2014 arbitrari
1654 1939 1843 2012 licet.

2420 2125 2558 2201 111.

1238 2314 1821 2398 (EditinPetn‘de
1862 2316 2485 2398 Vin.epist.,lib.11,
2517 2334 2655 2397 cap.
2686 2318 2987 2398 meum
3019 2318 3135 2382 boc
3168 2317 3900 2401 2181:thin-

1326 2424 1465 2488 dam
1492 2423 1673 2486 nobili
1698 2423 1767 2485 de
1801 2441 1979 2506 rayno
2009 2421 2208 2485 Sicilie
2232 2441 2363 2484 moe
2376 2441 2679 2506 precam
2699 2443 3009 2507 prosperos
3036 2431 3092 2485 et
3095 2422 3303 2505 felices
3305 2445 3343 2504 ,·
3368 2426 3526 2487 idem
3556 2426 3899 2505 ctiam1egl·

1322 2540 1423 2594 tm·
1461 2535 1524 2593 ln
1558 2533 1687 2593 cod.
1728 2531 1964 2592 Cotton.
2014 2531 2288 2609 Vespas„
2324 2530 2398 2592 A.
2431 2531 2550 2610 xl,
2598 2533 2662 2591 in
2701 2532 2863 2593 Bibl.
2913 2534 3141 2594 Musaei
3174 2532 3443 2593 Britann.
3484 2531 3727 2593 Codices
3763 2546 3900 2591 vero

1324 2635 1804 2699 Guelferbltanus
1854 2643 1916 2697 ct
1962 2636 2571 2698 mediomontanensls
2623 2636 2783 2698 banc
2840 2637 3138 2700 rubricam
3190 2638 3476 2698 exhibent
3517 2656 3534 2699 ε
3579 2634 3903 2698 hida-iem

1326 2745 1520 2804 comiti
1549 2744 1864 2823 Campam'e
1889 2741 2184 2825 siqvuficat
2198 2758 2528 2822 precam,
2556 2750 2708 2818 etc.;
2733 2744 2901 2821 quod
2925 2746 3126 2806 minus
3151 2750 3356 2823 aptum
3381 2744 3662 2822 videtur.)

1178 2935 1410 3030 Super
1452 2953 1542 3004 eo
1582 2929 1779 3023 quod
1823 2929 1917 3002 de
1970 2930 2339 3003 fortunatis
2394 2929 2725 3026 auspiciis
2777 2938 2852 3002 et
2896 2928 3213 3002 felicibus
3264 2929 3705 3002 successibus
3740 2949 3903 3004 nos-

1092 3060 1250 3149 tris,
1290 3079 1418 3153 per
1466 3064 1735 3129 nostras
1783 3055 2083 3126 recreari
2124 3056 2363 3127 literas
2417 3055 2822 3151 suppliciter
2864 3053 3261 3149 postulasti,
3303 3054 3620 3128 volentes
3650 3053 3902 3128 exinde

1091 3182 1274 3253 votis
1334 3180 1469 3250 tuis
1536 3178 1831 3248 libenter
1884 3197 2199 3249 annuere
2221 3229 2245 3269 ,
2298 3175 2614 3250 fidelitati
2665 3188 2783 3250 tue
2835 3178 3266 3273 presentium
3332 3186 3571 3249 tenore
3631 3177 3902 3249 intima-

1090 3323 1250 3375 mus
1296 3300 1492 3395 quod
1531 3300 1769 3372 divina
1807 3299 2099 3372 dextera
2143 3300 2399 3372 nostris
2441 3301 2806 3373 assistente
2862 3300 3335 3396 processibus,
3388 3299 3684 3373 faeliciter
3733 3301 3905 3375 vivi-

1092 3448 1248 3498 mus
1290 3436 1364 3497 et
1405 3423 1767 3517 magnifice
1816 3423 2356 3519 triumphamus3
2410 3434 2487 3495 et
2542 3424 2895 3496 nonnullis
2941 3445 3043 3495 ex
3091 3422 3560 3518 proditoribus
3615 3424 3899 3516 nostris,

1090 3550 1218 3645 qui
1262 3549 1446 3622 sicut
1499 3550 1681 3619 fame
1722 3548 2087 3644 proloquio
2136 3556 2208 3620 et
2245 3547 2580 3620 relatione
2625 3547 2931 3620 veridica
2971 3547 3320 3620 credimus
3361 3546 3455 3620 ad
3493 3556 3684 3619 tuam
3723 3548 3905 3621 noti-

1086 3675 1274 3747 ciam
1294 3675 1452 3767 jam
1486 3672 1907 3761 deductum,
1963 3671 2317 3766 proposito
2359 3671 2662 3743 infausto
2713 3671 2788 3742 in
2836 3691 3081 3743 necem
3125 3681 3440 3743 nostram
3469 3691 3648 3743 ausu
3687 3680 3906 3745 teme-

1085 3798 1276 3872 rario
1326 3796 1851 3892 conspirat-ant,
1911 3795 2285 3889 promerito
2355 3816 2536 3890 pene
2591 3793 2938 3890 supplicio
3009 3794 3278 3866 traditis
3321 3804 3400 3866 et
3455 3794 3912 3888 ignominiosa

1088 3931 1317 3995 morte
1375 3918 1753 4009 damnatis,
1808 3917 2104 4011 reliqui,
2145 3918 2275 4011 qui
2323 3918 2454 3990 sub
2493 3918 2922 3990 defensionis
2938 3970 2960 4008 ,
3015 3918 3184 4012 quin
3228 3918 3458 4012 potius
3515 3918 3909 3994 offensionis

1084 4066 1337 4117 eorum
1366 4043 1694 4134 imagine,
1731 4052 1924 4113 metu
1962 4040 2278 4131 terribili,
2308 4042 2505 4113 velut
2535 4040 2626 4113 de
2663 4043 2816 4114 celo
2845 4041 3153 4113 fulminis
3181 4040 3330 4114 ictu
3357 4042 3696 4137 percussi,
3721 4064 3804 4116 se
3835 4043 3910 4116 in

1084 4177 1322 4241 caeno
1356 4176 1599 4238 noetro
1640 4162 1965 4260 &puncii
2004 4171 2478 4259 recepturam,
2527 4163 2631 4236 sic
2677 4162 2997 4236 fidelium
3044 4172 3444 4237 nostrorum
3485 4163 3688 4258 regni
3721 4164 3912 4241 clm

1088 4289 1466 4362 devotione
1494 4297 1665 4361 sunt
1709 4288 2021 4379 undique
2064 4286 2509 4383 circumepti
2524 4339 2544 4379 ,
2585 4286 2686 4360 sic
2727 4287 3074 4360 continuis
3111 4286 3599 4360 machinarum
3641 4296 3911 4362 nosna-

1086 4432 1253 4481 mm
1293 4411 1543 4483 ictibus
1578 4411 2012 4484 :incessanter
2040 4410 2320 4502 afflicti,
2355 4410 2673 4483 &sternis
2709 4419 2790 4482 et
2813 4410 3144 4483 domibus
3179 4409 3469 4502 dirutis,
3512 4429 3909 4506 propugna-

1096 4533 1271 4606 culis
1328 4534 1649 4605 omnibus
1699 4556 2058 4606 murorum
2125 4543 2197 4605 et
2267 4534 2559 4606 turrium
2611 4533 2987 4606 devastatis
3007 4586 3027 4626 ,
3081 4542 3161 4605 ut
3215 4541 3544 4626 tanquam
3601 4534 3909 4627 undique

1094 4655 1419 4746 coartati,
1463 4665 1534 4727 et
1558 4677 1805 4728 manus
1836 4655 2444 4750 ηοω-κώμη
2485 4677 2633 4729 non
2659 4645 3137 4748 valentes,'nb
3179 4656 3469 4730 alnonis
3508 4656 3802 4729 ineunti
3844 4664 3914 4727 et
