4364 5738
972 583 1054 642 92
1971 585 2394 645 FRIDERICI
2446 583 2786 644 sEchnl
3413 587 3575 671 [Arm.
3614 592 3790 654 1243.

971 719 1249 812 generis
1308 718 1596 791 humani
1662 720 2203 793 dissentionibus
2260 719 2633 808 habemuS,
2692 740 2820 790 nos
2873 719 3182 792 cohibuit
3236 734 3308 795 et
3371 725 3667 800 detinuit
3727 741 3798 801 et

973 844 1343 917 christiane
1379 846 1756 941 reipublice
1793 848 2148 942 publicum
2197 843 2638 917 commodum
2680 845 2930 939 privati
2976 847 3192 918 nostri
3240 852 3588 925 commodi
3627 875 3793 926 cau·

973 990 1122 1040 sam
1164 970 1551 1065 superavit,
1596 993 1755 1042 cum
1803 994 1929 1065 pro
1981 970 2148 1042 dicti
2196 968 2498 1066 episcopi
2529 969 2911 1040 Prenestini
2946 970 3383 1046 absolutione
3429 987 3501 1047 et
3538 977 3793 1050 libera·

972 1093 1161 1166 tione
1206 1116 1345 1166 non
1386 1094 1784 1167 dubitemus
1825 1095 1994 1189 quin
2036 1093 2346 1166 Ecclesie
2392 1093 2514 1164 Dei
2561 1092 2857 1187 pastoris
2899 1094 3004 1164 sui
3047 1096 3293 1169 solatio
3335 1098 3663 1172 destitute
3705 1103 3794 1175 de

971 1219 1233 1312 optimo
1275 1229 1552 1314 pastore
1592 1219 1795 1291 nobis
1839 1228 1910 1290 et
1957 1218 2249 1313 imperio
2295 1238 2436 1288 non
2490 1217 2762 1309 ingrato
2814 1217 3186 1311 deligendo
3228 1241 3465 1292 curam
3518 1235 3788 1314 gerent.

970 1342 1172 1428 Quod
1200 1351 1434 1436 preter
1462 1343 1774 1414 omnium
1807 1342 2205 1437 opinionem
2242 1350 2313 1413 et
2338 1341 2713 1412 multorum
2750 1341 3116 1414 consilium
3148 1353 3219 1415 et
3250 1360 3590 1438 mentem,
3615 1347 3796 1420 inter

971 1466 1204 1537 omnia
1240 1488 1377 1557 que
1414 1487 1456 1536 a
1488 1466 1690 1538 nobis
1731 1466 2034 1537 maxime
2081 1465 2566 1537 desiderantur
2595 1474 2923 1557 tanquam
2964 1467 3156 1561 pacis
3195 1479 3267 1540 et
3307 1470 3559 1562 quietis
3594 1473 3791 1566 cupi·

972 1589 1307 1679 dissimiS‚
1341 1589 1922 1680 jucundissimum
1958 1590 2413 1681 contingeret.
2450 1588 2595 1659 Nec
2622 1588 2823 1659 nobis
2855 1589 2990 1662 hoc
3026 1591 3388 1683 indiguum
3415 1594 3560 1665 ullo
3587 1605 3792 1689 pacto

971 1713 1086 1784 vel
1119 1713 1362 1783 inutile
1397 1713 1744 1784 credimus
1776 1713 1833 1784 si
1873 1735 2034 1785 cum
2068 1722 2307 1785 nostra
2343 1721 2563 1783 matre
2600 1713 2905 1785 Ecclesia
2942 1714 3132 1808 pacis
3163 1714 3468 1787 maxime
3504 1717 3792 1812 cupidos

972 1857 1101 1907 nos
1121 1857 1272 1906 esse
1290 1836 1661 1907 asserimus
1686 1844 1756 1906 et
1782 1835 2152 1907 concordie
2172 1836 2472 1906 fatemur
2497 1857 2648 1907 esse
2676 1837 3118 1928 emulatores,
3144 1839 3344 1930 cujus
3362 1838 3793 1912 affectatores

974 1982 1125 2032 esse
1162 1982 1363 2053 reges
1395 1970 1465 2031 et
1505 1960 1849 2055 principes
1890 1960 2292 2052 frequenter
2326 1959 2652 2031 simulare
2693 1962 2922 2032 solent
2960 1960 3129 2032 dum
3170 1962 3352 2033 inter
3391 1985 3467 2035 se
3504 1974 3791 2035 conten·

972 2085 1172 2156 dunt.
1226 2085 1695 2181 Compatimur
1741 2105 1870 2155 nos
1914 2095 2234 2179 preterea
2288 2083 2476 2155 orbis
2524 2084 2879 2156 laboribus
2939 2093 3009 2156 et
3058 2086 3565 2158 calamitatibus
3613 2109 3790 2180 quo·

973 2209 1345 2282 dammodo
1371 2210 1645 2280 ruinam
1683 2209 2010 2280 minantis
2044 2219 2329 2303 propter
2358 2207 2843 2279 universorum
2882 2208 3346 2280 dissensiones
3377 2220 3448 2281 et
3479 2209 3784 2281 dissidia.

973 2334 1442 2428 Compatimur
1486 2333 1803 2405 navicule
1841 2333 2024 2403 Petri
2070 2353 2208 2425 que
2256 2342 2541 2427 propter
2587 2332 3017 2422 frigefactam
3063 2332 3423 2403 hominum
3471 2331 3681 2403 fidem
3723 2343 3793 2405 et

975 2468 1258 2554 propter
1290 2459 1673 2528 ferventem
1710 2454 2171 2526 hereticorum
2218 2455 2648 2547 iniquitatem
2687 2456 2898 2526 maris
2947 2465 3018 2527 et
3061 2456 3403 2529 undarum
3446 2458 3677 2529 furore
3722 2466 3793 2528 et

975 2582 1241 2675 impetu
1286 2580 1545 2672 agitata
1594 2579 1976 2650 conteritur
2016 2590 2086 2649 et
2122 2578 2613 2670 submergitur.
2664 2580 2807 2651 Nec
2857 2580 3146 2650 miretur
3186 2590 3417 2652 vestra
3453 2569 3791 2653 celsitudo

977 2705 1033 2776 si
1068 2725 1178 2775 me
1219 2714 1609 2775 curatorem
1646 2702 1973 2774 videlicet
2010 2702 2311 2774 Ecclesie
2335 2755 2354 2792 ‚
2391 2703 2448 2772 si
2480 2725 2590 2774 me
2626 2704 3035 2798 precipuum
3070 2702 3288 2774 filium
3316 2704 3554 2776 matris
3580 2704 3790 2776 vidue

978 2827 1288 2921 ejusdem
1321 2827 1557 2900 matris
1591 2826 1883 2923 suspiria
1928 2848 2020 2898 ex
2053 2826 2193 2899 imo
2234 2826 2482 2898 emissa
2518 2836 2800 2923 pectore
2843 2828 3314 2920 emollierunt,
3343 2838 3423 2899 ut
3458 2827 3790 2923 depositis

970 2953 1244 3043 juribus
1274 2954 1528 3045 quibus
1559 2954 1845 3024 fortasse
1886 2946 2191 3022 huma'na
2222 2952 2591 3045 prudentia
2623 2962 2929 3023 mentem
2967 2952 3435 3040 adhibuisset,
3482 2964 3552 3023 et
3586 2953 3791 3024 matri

975 3073 1192 3146 filium
1226 3085 1298 3147 et
1328 3077 1610 3147 fratrem
1643 3074 2006 3164 fratribuS,
2039 3075 2368 3170 precipue
2401 3096 2567 3146 vero
2606 3096 2733 3170 pro
2766 3075 2934 3145 tanti
2968 3050 3314 3147 commodi
3352 3098 3475 3169 spe
3495 3128 3514 3165 ‚
3556 3076 3786 3146 absol·

974 3220 1141 3271 vere
1178 3208 1250 3271 et
1285 3199 1633 3270 dimittere
1661 3198 2119 3270 decreverim.
2157 3199 2326 3285 Quis
2361 3200 2545 3269 enim
2590 3199 2662 3269 in
2706 3208 3053 3270 tantorum
3097 3200 3433 3270 malorum
3471 3199 3788 3271 conside·

977 3323 1278 3413 ratione,
1326 3323 1479 3414 quis
1514 3323 1583 3392 in
1620 3343 1741 3417 spe
1791 3322 1959 3393 tanti
2006 3322 2219 3393 futuri
2254 3322 2489 3415 gaudii
2523 3334 2807 3418 propter
2838 3323 3310 3395 detentionem
3349 3324 3464 3395 vel
3508 3324 3788 3395 absolu·

978 3448 1234 3520 tionem
1280 3459 1350 3518 et
1398 3447 1867 3519 dimissionem
1911 3447 2116 3518 unius
2169 3447 2476 3539 cujusvis
2520 3469 2853 3543 persone,
2890 3448 3337 3540 quantumvis
3377 3447 3783 3543 conspicue,

973 3583 1207 3668 posset
1250 3593 1371 3642 cor
1407 3593 1608 3641 suum
1649 3571 2031 3657 obdurare,
2083 3570 2413 3666 precipue
2463 3592 2631 3643 vero
2676 3570 2840 3664 quia
2885 3570 2975 3641 ab
3013 3571 3337 3642 omnibus
3387 3580 3458 3641 et
3497 3569 3787 3663 singulis

974 3696 1440 3769 cardinalibus
1467 3695 1679 3787 quiin
1709 3695 1882 3765 urbe
1899 3695 2116 3765 Roma
2146 3707 2218 3766 et
2249 3696 2319 3766 in
2348 3696 2785 3791 simplicitate
2814 3705 2885 3766 et
2915 3694 3212 3789 puritate
3244 3702 3782 3783 commorantur,

973 3821 1171 3893 firma
1218 3830 1288 3891 et
1329 3818 1703 3891 infallibilis
1740 3840 1898 3914 spes
1943 3818 2031 3889 sit
2075 3819 2274 3890 nobis
2308 3820 2612 3915 pollicita
2648 3818 2839 3912 quod
2879 3819 3197 3891 restituto
3233 3820 3441 3890 fratre
3489 3826 3560 3888 et
3599 3817 3786 3889 socio

973 3967 1100 4017 suo
1153 3944 1483 4037 collegio,
1535 3942 1854 4015 salutaris
1904 3940 2105 4012 nobis
2149 3951 2222 4012 et
2268 3942 2594 4015 universo
2648 3942 2801 4014 orbi
2864 3951 2936 4013 et
2989 3941 3466 4014 desiderabilis
3519 3940 3652 4012 erit
3696 3940 3786 4012 de

972 4090 1225 4161 magno
1280 4068 1644 4141 sacerdote
1690 4065 2043 4160 diligendo
2105 4066 2538 4138 deliberatiO.
2592 4066 2794 4139 Faxit
2837 4068 3024 4138 Deus
3076 4076 3157 4137 ut
3199 4064 3788 4158 quemadmodum

972 4212 1114 4262 non
1143 4191 1364 4262 solum
1394 4193 1463 4262 in
1495 4192 1900 4263 liberatione
1935 4190 2229 4285 predicti
2257 4191 2564 4283 magistri
2591 4190 2935 4282 oddonis,
2969 4212 3213 4262 verum
3253 4189 3462 4260 etiam
3492 4188 3784 4260 aliorum

973 4335 1150 4406 quos
1182 4312 1515 4385 serenitas
1551 4323 1788 4386 nostra
1830 4313 2217 4386 indubitata
2252 4315 2725 4409 compassione
2763 4314 3099 4403 absolvit,
3146 4312 3410 4384 alacres
3455 4333 3583 4384 nos
3623 4332 3783 4407 pre-

972 4438 1251 4510 buimus
1268 4489 1287 4527 ‚
1330 4437 1424 4508 ita
1478 4437 1685 4509 etiam
1733 4460 1861 4510 nos
1917 4459 1959 4510 a
2007 4448 2244 4510 nostro
2299 4437 2643 4519 desiderio
2690 4460 2832 4510 non
2882 4439 3294 4510 frustremur
3339 4456 3571 4529 neque
3619 4432 3784 4524 fidei

973 4563 1249 4660 publice
1313 4560 1669 4653 integritas
1730 4571 1800 4632 et
1854 4561 2094 4655 religio
2157 4583 2369 4657 quam
2455 4584 2547 4633 ex
2592 4561 2993 4656 hujusmodi
3054 4571 3333 4657 patrum
3397 4558 3782 4633 constantia

972 4688 1203 4761 animo
1239 4684 1721 4780 concepimus,
1761 4686 2161 4780 profanetur
2190 4687 2335 4757 ullo
2366 4696 2594 4781 pacto.
