4364 5738
1063 593 1186 656 336
2058 587 2483 650 Fnlnnmc!
2532 587 2879 648 seculum
3495 586 3658 670 [Anu.
3696 588 3867 650 1245.

1061 737 1389 821 gnoscat,
1426 725 1552 797 sed
1595 746 1720 820 per
1759 724 2140 817 quemlibet
2180 722 2613 794 sacerdotem
2655 735 3054 793 reverenter
3091 720 3468 814 accipimus
3516 733 3589 793 et
3628 723 3870 796 devote

1061 871 1442 923 servamus.
1488 850 1594 920 Ex
1648 848 1901 941 quibus
1939 846 2264 919 omnibus
2296 845 2658 916 manifeste
2685 845 2904 937 liquet
2936 844 3129 938 quod
3161 844 3389 938 potius
3419 844 3868 936 ignominiose

1059 994 1269 1067 quam
1295 976 1482 1065 juste
1518 970 1875 1042 habendos
1913 991 2043 1042 nos
2075 968 2332 1040 dixerit
2363 968 2452 1039 de
2483 968 2825 1039 catholica
2859 966 2998 1039 fide
3027 978 3387 1061 suspectos
3407 1020 3427 1057 ,
3460 989 3671 1061 quam
3715 990 3863 1060 noS,

1063 1105 1234 1167 teste
1270 1115 1542 1166 summo
1565 1092 1839 1187 judice,
1876 1092 1947 1162 in
1978 1092 2302 1163 omnibus
2341 1103 2413 1161 et
2446 1090 2735 1182 singulis
2767 1090 3079 1182 ejusdem
3114 1090 3454 1180 articulis,
3489 1091 3865 1163 secundum

1059 1217 1520 1288 universalem
1570 1215 1875 1286 Ecclesie
1929 1214 2366 1307 disciplinam
2410 1221 2481 1283 et
2519 1210 2981 1306 adprobatum
3037 1233 3165 1306 per
3209 1206 3589 1283 Romanam
3634 1213 3865 1284 Eccle-

1058 1341 1229 1411 siam
1280 1339 1711 1435 symbolum,
1756 1335 2044 1407 firmiter
2096 1336 2446 1407 credimus
2497 1344 2570 1405 et
2608 1334 3012 1428 simpliciter
3054 1332 3489 1407 confitemur.
3536 1335 3867 1407 Advertat

1057 1463 1266 1554 igitur
1323 1460 1660 1531 industria
1723 1468 1989 1549 vestra,
2040 1458 2097 1529 si
2166 1457 2477 1552 predicta
2526 1457 2718 1527 nulla
2779 1456 3120 1527 sententia
3173 1457 3324 1551 ipso
3380 1458 3580 1549 jure,
3639 1459 3864 1529 nullus

1058 1587 1209 1680 ipso
1250 1588 1408 1678 jure
1450 1605 1812 1679 processus
1870 1583 2166 1674 servari,
2231 1603 2372 1653 non
2419 1582 2639 1673 magis
2693 1581 2764 1651 in
2817 1590 3123 1652 nostram
3184 1603 3394 1674 quam
3446 1583 3519 1653 in
3560 1584 3862 1654 omnium

1058 1729 1297 1799 regum
1365 1716 1487 1779 aut
1549 1706 2015 1799 quarumlibet
2082 1705 2561 1798 temporalium
2631 1703 3044 1794 dignitatum
3102 1705 3518 1797 perniciem,
3576 1705 3853 1793 debeat3

1055 1852 1266 1926 quam
1321 1830 1493 1900 nulli
1540 1838 1934 1917 nostrorum
1980 1828 2346 1899 Germanic
2397 1826 2786 1922 principum
2809 1878 2828 1916 ,
2877 1846 2921 1897 a
2974 1826 3226 1918 quibus
3271 1828 3651 1922 assumptio
3702 1849 3858 1900 nos·

1061 1953 1145 2024 tri
1192 1962 1409 2023 status
1457 1973 1539 2023 ac
1579 1952 1931 2046 depressio
1977 1961 2210 2022 nostra
2263 1951 2698 2045 dependent,
2747 1949 3096 2043 presentia
3137 1951 3254 2021 vel
3299 1950 3589 2022 consilio
3634 1949 3858 2021 firma·

1054 2085 1332 2147 verunt.
1392 2075 1733 2146 Advertat
1786 2084 1856 2145 et
1908 2074 2133 2164 aliud,
2188 2073 2412 2166 qualis
2467 2094 2560 2144 ex
2606 2072 2756 2143 istis
2803 2072 3014 2143 initiis
3059 2072 3291 2145 exitus
3339 2083 3778 2167 expectetur3
3818 2094 3858 2144 a

1055 2199 1256 2270 nobis
1297 2198 1647 2291 incipitur,
1698 2196 1825 2269 sed
1867 2218 1994 2290 pro
2031 2206 2222 2268 certo
2264 2194 2597 2267 noveritis
2633 2193 2824 2286 quod
2864 2194 2935 2264 in
2977 2195 3131 2266 aliis
3173 2196 3452 2288 regibus
3497 2206 3568 2267 et
3608 2195 3856 2290 princi-

1052 2323 1256 2416 pibus
1284 2320 1586 2411 finietur,
1627 2343 1669 2391 a
1703 2320 1956 2413 quibus
2001 2319 2276 2414 publice
2313 2318 2695 2410 gloriantur
2740 2317 3198 2389 resistentiam
3237 2319 3542 2411 aliquam
3582 2320 3854 2391 minime

1053 2445 1450 2534 formidare,
1484 2443 1758 2537 siquod
1782 2442 1963 2513 absit
1996 2451 2231 2537 posset
2260 2451 2498 2511 nostra
2537 2440 2844 2535 potentia
2872 2440 3189 2534 primitus
3214 2441 3632 2513 conculcari.
3657 2442 3851 2533 Regis

1051 2567 1259 2657 igitur
1290 2568 1504 2637 vestri
1531 2565 1868 2657 justitiam
1899 2564 1971 2634 in
2001 2584 2211 2635 causa
2245 2573 2481 2635 nostra
2508 2563 2897 2653 defendite,
2936 2563 3077 2633 suis
3114 2573 3186 2634 et
3213 2564 3463 2634 vestris
3491 2563 3850 2635 heredibus

1050 2689 1522 2783 providenteS,
1558 2687 1759 2759 nobis
1799 2687 1870 2756 in
1912 2687 1995 2757 iis
2029 2687 2206 2758 sicut
2246 2687 2605 2777 convenit,
2643 2687 3013 2757 adsistatis.
3052 2688 3195 2758 Nec
3237 2707 3362 2758 nos
3397 2687 3572 2759 illud
3601 2688 3849 2759 omitti-

1050 2835 1205 2885 mus
1247 2814 1416 2907 quin
1455 2813 1617 2886 fidei
1657 2812 1905 2904 regalis
1939 2811 2393 2883 constantiam
2430 2834 2522 2883 ex
2568 2811 2917 2882 affinitatis
2952 2811 3188 2883 federe
3224 2811 3315 2883 ad
3351 2832 3637 2906 presens
3678 2810 3846 2884 fidu·

1048 2938 1314 3009 cialiter
1371 2937 1802 3029 requiramus
1824 2988 1843 3026 ,
1906 2946 1985 3006 ut
2025 2935 2285 3006 nedum
2327 2935 2518 3026 quod
2551 2934 2950 3005 adversario
2979 2944 3217 3006 nostro
3257 2945 3378 3005 aut
3426 2935 3695 3005 nunciis
3732 2955 3847 3005 seu

1048 3059 1293 3150 legatis
1324 3060 1538 3151 ipsius
1570 3059 1838 3128 occulte
1866 3059 1978 3128 vel
2008 3058 2283 3150 publice
2316 3059 2581 3146 faveat,
2612 3057 2779 3150 quin
2812 3057 3011 3129 nobis
3041 3057 3269 3151 potius
3299 3068 3441 3130 toto
3469 3080 3668 3153 posse
3695 3057 3848 3128 viri-

1050 3183 1207 3252 liter
1231 3181 1541 3269 assistat,
1579 3190 1647 3249 et
1673 3181 1940 3249 nullum
1968 3180 2251 3251 omnino
2278 3180 2607 3251 nuncium
2644 3190 2766 3250 aut
2798 3181 3098 3270 legatum
3128 3181 3462 3274 populum
3497 3203 3619 3252 sue
3644 3180 3842 3273 juris-

1048 3307 1334 3380 dictioni
1389 3305 1775 3395 subjectum
1829 3306 1901 3375 in
1957 3305 2319 3400 dispendia
2359 3316 2596 3378 nostra
2650 3316 3057 3376 convertere
3099 3306 3529 3397 molientem,
3587 3307 3842 3399 aliqua·

1050 3441 1252 3501 tenus
1308 3428 1673 3500 admittere
1732 3427 1984 3500 debeat
2025 3456 2041 3498 ε
2099 3451 2228 3523 pro
2280 3440 2469 3500 certo
2520 3428 2756 3501 scituri
2810 3428 2999 3521 quod
3056 3450 3184 3522 per
3241 3450 3412 3518 n08,
3472 3429 3543 3499 in
3601 3430 3841 3523 quibus

1045 3553 1366 3624 inchoata
1422 3563 1527 3623 est
1574 3560 1760 3621 tante
1810 3551 2213 3621 temeritatis
2259 3552 2550 3621 audacia
2615 3550 2805 3643 quod
2855 3550 2946 3621 ad
2998 3552 3452 3645 privationem
3505 3563 3838 3638 nostram,

1042 3677 1237 3747 velut
1282 3673 1648 3765 cujuslibet
1704 3674 2111 3763 sacerdotis,
2170 3671 2582 3766 pontificalis
2624 3674 2957 3745 autoritas
3009 3673 3311 3745 officium
3361 3695 3483 3744 sue
3525 3673 3840 3766 jurisdic-

1049 3800 1190 3870 tion
1217 3797 1622 3884 isextendit,
1646 3796 1872 3866 taliter
1902 3795 2265 3866 assistente
2295 3796 2546 3865 nostris
2576 3796 2852 3866 vexillis
2878 3795 3170 3868 dextera
3195 3797 3398 3887 Regis
3429 3818 3701 3889 regum,
3730 3796 3843 3889 qui

1043 3943 1319 4016 semper
1358 3919 1697 4013 justitiam
1765 3917 2154 4008 comitatur,
2221 3918 2366 3988 istis
2417 3918 2768 4012 principiis
2815 3929 3250 4009 occurretur,
3296 3919 3465 3990 dum
3523 3921 3731 3992 modo
3773 3940 3843 3990 se

1043 4046 1243 4116 nobis
1303 4045 1579 4115 illorum
1618 4040 1922 4135 potentia
1965 4061 2104 4110 non
2155 4050 2496 4133 opponat,
2545 4062 2786 4132 regum
2830 4051 2901 4112 et
2946 4041 3334 4135 principum
3377 4041 3640 4112 scilicet
3679 4061 3844 4135 quos

1044 4165 1500 4236 communiter
1543 4184 1785 4233 caussa
1823 4171 2060 4233 nostra
2100 4161 2469 4252 contingit,
2513 4171 2584 4232 et
2624 4185 2919 4255 quorum
2961 4184 3103 4234 non
3150 4163 3378 4233 minus
3417 4164 3707 4234 vertitur
3749 4163 3846 4233 in·

1046 4298 1301 4356 teresse
1333 4307 1540 4379 quam
1575 4296 1915 4375 nostrum,
1958 4285 2146 4376 quod
2177 4285 2377 4356 vobis
2409 4294 2481 4355 et
2520 4285 2671 4355 aliis
2706 4286 2893 4357 orbis
2928 4296 3107 4357 terre
3145 4286 3492 4357 nobilibus
3541 4307 3844 4358 caussam

1038 4408 1205 4499 justi
1243 4409 1502 4479 timoris
1536 4410 1606 4478 in
1643 4408 1893 4479 talibus
1942 4419 2178 4478 nostra
2224 4407 2535 4479 defensio
2584 4429 2725 4478 non
2770 4409 3137 4501 relinquet.
3190 4409 3393 4480 Inviti
3445 4413 3684 4480 tamen
3718 4409 3843 4480 hoc

1044 4530 1358 4618 facimuS,
1397 4539 1567 4599 teste
1599 4532 1782 4620 Deo,
1823 4530 1947 4602 sed
1982 4530 2371 4601 necessario
2420 4531 2804 4624 provocati,
2846 4532 3062 4602 veluti
3106 4532 3226 4625 qui
3261 4541 3453 4625 peste
3489 4531 3843 4626 multiplici

1043 4650 1607 4725 christianitatem
1640 4654 1891 4723 nostris
1929 4653 2354 4747 temporibus
2398 4652 2714 4724 videmus
2758 4654 3095 4743 attritam3
3131 4652 3224 4724 ad
3268 4654 3464 4746 cujus
3508 4655 3841 4726 auxilium
