4364 5738
624 533 825 594 Iunior.
859 533 951 612 3.]
1511 533 1907 597 HISTORIA
1955 532 2555 598 DIPLOMATICA.
3328 544 3451 606 285

625 688 809 763 papa
852 667 1193 760 judicium
1240 677 1312 739 et
1361 688 1451 739 ne
1501 669 1842 740 sententie
1884 670 2194 762 gladium
2255 677 2629 740 exacutum
2671 679 2742 741 et
2796 671 3153 743 elimatum
3195 686 3454 749 exerat

624 801 870 864 contra
913 792 1166 891 ipsum.
1212 792 1345 863 Det
1388 791 1599 883 igitur
1636 794 1974 865 Dominus
2015 804 2154 865 tam
2201 793 2461 866 vicario
2503 813 2630 864 suo
2684 815 2893 886 quam
2934 797 3237 869 Ecclesie
3291 768 3451 870 filiis

623 915 939 1011 spiritum
986 914 1324 1010 sapientie
1360 925 1432 987 et
1473 915 1902 1006 intellectus,
1944 917 2210 989 consilii
2253 927 2325 989 et
2371 916 2826 1009 fortitudiniS‚
2872 929 2952 991 ut
2990 941 3126 1011 que
3175 923 3448 1013 agenda

623 1040 761 1111 sint
788 1039 1075 1113 videant
1106 1049 1179 1111 et
1208 1061 1425 1133 quum
1454 1040 1759 1112 viderint
1788 1043 2115 1136 operibus
2149 1052 2617 1134 exequantur.

717 1164 973 1236 Datum
1007 1163 1192 1235 circa
1222 1163 1637 1258 principium
1665 1163 1846 1256 junii
1881 1163 2016 1260 (l).

1952 1474 1955 1477 ·
1988 1442 2077 1513 11.

783 1628 992 1709 (Edld.
1024 1628 1294 1702 Horma,
1323 1627 1572 1708 Παφίαν.
1601 1626 1823 1707 epistol.
1849 1626 2079 1688 Alberti
2101 1626 2171 1688 de
2197 1627 2444 1701 Bellum,
2474 1647 2571 1706 ap.
2594 1627 2868 1690 Biblioeh.
2896 1628 2991 1693 des
3022 1629 3176 1692 liter.
3211 1634 3441 1694 Vereins

860 1736 928 1794 in
956 1733 1277 1813 Seuetqare,
1310 1739 1359 1795 t.
1384 1732 1546 1804 XVI,
1580 1751 1715 1809 pars
1741 1736 1823 1808 11,
1857 1751 1917 1811 p.
1952 1745 2024 1795 73
2052 1740 2112 1795 et
2137 1752 2341 1813 seqq.;
2371 1735 2660 1812 quaedam
2687 1738 2886 1796 minus
2910 1736 2987 1797 ad
3015 1755 3108 1798 res
3135 1739 3439 1801 historicas

858 1842 1182 1918 spectantia
1206 1839 1290 1898 ibi
1314 1855 1550 1916 quoqne
1575 1838 2053 1917 suppressimus.)

714 2026 993 2122 Aspidis
1019 2044 1153 2098 ova
1180 2033 1513 2119 ruperant
1534 2025 1741 2116 juxta
1775 2023 2187 2118 prophetam
2220 2024 2581 2096 Hainricus
2613 2026 2938 2098 videlicet
2966 2049 3050 2099 ac
3080 2029 3436 2125 Philippus

617 2152 709 2225 de
739 2149 1048 2242 germine
1089 2146 1505 2219 schismatici
1549 2146 1911 2237 Friderici,
1953 2156 2025 2218 et
2063 2147 2182 2240 qui
2220 2148 2540 2219 confotus
2579 2157 2686 2219 est
2722 2150 2813 2219 ab
2858 2150 3162 2222 Ecclesia
3197 2154 3432 2226 Fride·

615 2277 802 2348 ricus
826 2273 1064 2367 junior
1093 2270 1399 2343 surrexit
1426 2269 1499 2340 in
1526 2272 1875 2362 regulum,
1905 2269 2026 2363 qui
2060 2270 2397 2342 nitolento
2431 2292 2554 2341 sue
2575 2271 2906 2362 jussionis
2940 2272 3108 2344 flatu
3140 2278 3433 2369 peremit

613 2399 948 2495 plurimas
977 2416 1144 2468 aves
1178 2395 1492 2466 volantes
1534 2392 1627 2464 ad
1658 2393 1923 2483 celum,
1972 2396 2199 2486 justos
2244 2393 2568 2487 equidem
2615 2404 2827 2487 atque
2872 2405 3182 2487 sanctos,
3235 2399 3432 2490 cujus

614 2523 870 2595 halitus
914 2518 1257 2592 discordie
1303 2518 1558 2588 multas
1610 2538 1869 2611 prunas
1918 2516 2167 2588 ardere
2220 2517 2381 2590 fecit
2425 2517 2496 2588 in
2543 2518 2802 2612 populo
2846 2518 3257 2610 christiano,
3312 2522 3430 2613 qui

612 2646 819 2718 etiam
875 2665 1068 2715 more
1123 2639 1362 2736 <ripere
1410 2640 1662 2711 scindit
1710 2650 1781 2712 et
1826 2641 2086 2711 lacerat
2141 2641 2360 2713 latera
2408 2662 2532 2712 sue
2582 2642 2847 2712 matris,
2894 2642 3197 2714 Credidit
3228 2646 3429 2751 ,enim

609 2766 939 2841 Ecclesia.
966 2764 1184 2837 filium
1226 2764 1632 2852 confovere,
1680 2784 1807 2857 per
1854 2763 2163 2857 quinque
2197 2763 2651 2835 cardinalium
2688 2765 3194 2837 successionem
3238 2768 3428 2838 vica-

612 2893 786 2964 riam
823 2892 1049 2986 ipsum
1077 2887 1392 2960 nutriens
1422 2909 1506 2960 ac
1545 2887 1930 2959 defendens
1966 2909 2008 2959 a
2042 2888 2652 2963 sitientibusillius
2688 2890 3132 2980 sanguinem,
3171 2901 3240 2961 et
3275 2901 3429 2962 tan-

570 3007 577 3013 ’
614 3015 776 3087 dem
821 3014 914 3084 ab
950 3014 1203 3085 Ottone
1243 3011 1490 3083 Cesare
1536 3011 1658 3105 qui
1704 3011 1769 3082 ei
1819 3031 2112 3102 regnum
2158 3011 2506 3107 surripere
2550 3033 2632 3084 ac
2661 3012 2890 3083 -vitam
2941 3015 3092 3105 ejus
3135 3014 3428 3107 perdere

612 3136 1019 3210 conabatur.
1057 3133 1197 3206 Sed
1227 3154 1360 3205 nec
1385 3134 1674 3227 Ethiops
1708 3135 1963 3229 pellem
2000 3155 2196 3204 suam
2235 3156 2366 3205 nec
2402 3134 2661 3229 pardus
2690 3136 3061 3207 varietates
3098 3138 3426 3227 mutabit,

611 3280 746 3331 nec
778 3259 986 3352 lupus
1020 3257 1090 3327 in
1118 3256 1282 3349 agni
1312 3257 1912 3328 mansuetudinem
1946 3267 2420 3330 convertetur.
2456 3257 2808 3353 Siquidem
2852 3257 2966 3330 hic
3004 3260 3169 3330 olim
3203 3261 3431 3333 infans

613 3382 898 3453 orbatus
928 3379 1362 3475 parentibus,
1398 3379 1528 3449 fuit
1553 3377 1643 3448 ab
1677 3379 1983 3453 Ecclesia
2014 3390 2352 3475 exceptus
2372 3380 2697 3472 genibuS,
2737 3382 3031 3452 lactatus
3068 3384 3426 3474 uberibus,

611 3503 915 3577 nutritus
956 3512 1026 3575 et
1051 3503 1259 3574 alitus
1290 3501 1717 3573 adolescens.
1743 3502 2111 3596 Postquam
2141 3525 2312 3575 vero
2350 3504 2570 3575 evasit
2607 3504 2944 3596 juvenilia
2975 3505 3427 3596 incrementa,

611 3649 755 3701 non
801 3629 1027 3700 solum
1061 3626 1193 3698 fuit
1227 3634 1544 3697 servatus
1577 3624 1647 3694 in
1683 3645 1898 3717 regno
1937 3647 2065 3719 per
2107 3626 2484 3698 Ecclesiam
2526 3625 2761 3697 multis
2796 3626 3147 3698 laboribus
3190 3637 3260 3698 et
3299 3650 3427 3699 ex-

607 3751 877 3848 pensis,
916 3750 1043 3822 sed
1078 3749 1287 3822 etiam
1319 3757 1734 3842 procurante
1766 3747 1945 3819 Sede
1976 3747 2373 3843 Apostolica
2404 3770 2529 3845 per
2558 3749 2903 3844 principes
2935 3748 3314 3820 Theutonie
3347 3769 3429 3819 ac

607 3877 913 3971 prelatos
951 3873 1045 3945 ad
1090 3872 1361 3967 imperii
1403 3870 1652 3943 solium
1699 3881 1806 3943 est
1848 3881 2172 3961 vocatuS,
2215 3893 2300 3945 eo
2351 3882 2659 3968 tempore
2703 3872 2872 3944 dum
2920 3847 3016 3942 ad
3052 3872 3429 3942 Saracenos

608 3999 848 4090 fugere
888 3996 1265 4093 aspirabat,
1310 3995 1580 4066 habens
1613 3996 1885 4086 galeam
1924 3995 2015 4067 ad
2060 3995 2195 4067 hoc
2229 3996 2435 4087 juxta
2477 4017 2680 4066 suum
2720 3993 3052 4088 palatium
3092 4007 3423 4088 prepara-

611 4131 786 4213 tam,
830 4142 916 4194 eo
957 4120 1150 4214 quod
1184 4120 1344 4191 Otto
1388 4120 1595 4190 Cesar
1643 4139 1860 4211 regno
1894 4118 2146 4215 Apulie
2189 4128 2526 4213 occupato
2573 4116 2985 4212 disponebat
3021 4117 3173 4187 Fari
3221 4138 3425 4191 amne

612 4243 1010 4316 transmisso
1049 4244 1122 4314 in
1164 4241 1464 4314 Siciliam
1516 4241 1987 4314 transfretare.
2027 4241 2166 4313 Sed
2207 4241 2394 4312 idem
2428 4241 2633 4312 Cesar
2678 4241 2841 4312 Otto
2886 4241 3279 4312 rumoribus
3318 4241 3426 4313 his

682 4540 760 4611 (t)
795 4537 874 4594 Ex
898 4544 1042 4595 textu
1079 4546 1256 4596 tamen
1286 4538 1430 4597 circa
1456 4537 1693 4596 medium
1724 4536 1863 4610 junii
1889 4536 2065 4609 potius
2089 4550 2251 4608 quam
2280 4535 2384 4593 sub
2410 4535 2560 4592 initio
2586 4537 2822 4608 mensis,
2858 4536 3232 4594 documentum
3262 4537 3427 4597 fuisse

608 4636 884 4695 redactum
910 4637 1256 4695 arbitramur.
