4364 5738
598 498 801 595 tunm}
839 535 925 610 1.]
1496 531 1885 592 rus'roma
1936 527 2525 591 numomrch.
3301 520 3414 579 115

600 669 791 763 quod
840 668 1108 740 ratione
1153 665 1338 761 pacti
1377 667 1493 737 vel
1535 666 2009 760 promissionis
2054 664 2347 755 alicujus
2395 663 2646 734 debeat
2678 660 2990 749 liberari,
3036 680 3246 753 super
3281 657 3416 729 hoc

601 794 792 887 quod
824 791 1233 864 debebimus
1271 789 1627 861 faciemus.
1666 791 1984 862 Ceterum
2018 811 2146 860 nos
2188 786 2607 859 venerabilis
2637 785 2862 855 fratris
2893 784 3110 856 nostri
3147 781 3415 854 archie-

601 917 864 1013 piscopi
910 913 1296 1007 Maguntini
1339 914 1621 985 nuntios
1662 913 1970 1010 hilariter
2006 913 2349 1007 recepisse
2381 930 2465 982 ac
2497 911 2563 981 ei
2596 909 3017 981 commisisse
3052 908 3417 1002 legationis

602 1041 904 1114 officium
937 1040 1304 1130 nullosque
1328 1037 1570 1109 audire
1603 1039 1674 1108 in
1695 1038 1963 1130 justitia
1987 1047 2229 1109 contra
2251 1057 2437 1124 eum,
2468 1035 2540 1104 in
2567 1034 3071 1128 querimoniam
3098 1035 3417 1129 princeps

603 1167 749 1260 ipse
787 1163 1101 1251 deducit;
1136 1161 1261 1234 sed
1295 1184 1453 1233 cum
1484 1162 1671 1234 idem
1703 1160 2262 1256 archiepiscopus
2294 1180 2586 1251 magnus
2624 1158 2927 1230 Ecclesie
2957 1159 3080 1229 Dei
3111 1161 3418 1254 prelatus

602 1297 973 1380 tantusque
1005 1287 1328 1383 princeps
1359 1285 1614 1357 existat
1641 1297 1711 1357 et
1741 1285 1873 1379 ipsi
1902 1284 2207 1356 Ecclesie
2238 1295 2376 1356 tam
2406 1282 2727 1372 devotuS,
2764 1282 3149 1373 gaudemus
3178 1285 3417 1379 utique

603 1414 660 1483 si
696 1434 907 1506 quem
943 1412 1007 1483 ei
1042 1412 1377 1484 honorem
1414 1409 1880 1504 impendimus
1913 1437 1929 1479 ε
1963 1431 2173 1503 quem
2217 1409 2424 1480 etiam
2470 1405 2921 1502 proponimus
2962 1417 3244 1479 auctore
3278 1409 3416 1480 Do-

602 1536 792 1609 mino
833 1535 1130 1631 amplius
1174 1534 1543 1607 honorare.
1592 1535 1816 1629 Super
1847 1533 2114 1627 justitia
2160 1543 2390 1607 tamen
2433 1540 2675 1603 contra
2708 1531 2933 1624 ipsum
2975 1552 3018 1602 a
3059 1532 3259 1603 nobis
3300 1533 3421 1604 ali-

600 1659 852 1752 quibus
891 1655 1432 1751 denegata,'nos
1474 1658 1895 1731 conscientia
1938 1679 2079 1729 non
2121 1654 2511 1745 remordet,
2551 1677 2711 1728 cum
2751 1655 2940 1725 illam
2977 1655 3420 1730 intendamus

597 1783 995 1877 petentibus
1044 1783 1352 1877 plenarie
1402 1792 1643 1853 contra
1700 1780 2048 1875 quoslibet
2106 1779 2463 1852 exhibere.
2521 1777 2629 1849 Ad
2687 1777 3130 1852 devotionem
3184 1791 3420 1853 autem
3444 1773 3482 1820 ’

594 1907 927 2002 principis
953 1906 1317 1978 memorati
1350 1904 1611 1977 dictum
1644 1903 2239 1998 archiepiscopum
2272 1912 2343 1974 et
2372 1902 2543 1973 alios
2580 1902 2837 1975 amicos
2868 1905 3172 1976 Ecclesie
3194 1906 3421 1978 liben-

600 2038 709 2101 ter
754 2030 1091 2101 reducere
1132 2023 1566 2116 curaremuS,
1600 2027 1655 2097 si
1700 2026 1790 2098 ad
1838 2025 2263 2098 reddendam
2306 2025 2438 2118 ipsi
2475 2026 2781 2097 Ecclesie
2830 2027 3108 2121 suisque
3152 2029 3421 2103 devotis

601 2173 850 2247 pacem
883 2151 1190 2224 debitam
1219 2160 1289 2223 et
1325 2150 1738 2221 servandam
1776 2148 2093 2220 eamdem
2126 2148 2435 2218 animum
2470 2149 2855 2220 inclinaret.
2891 2151 3113 2222 Habet
3139 2151 3422 2248 insuper

603 2276 915 2368 ejusdem
966 2275 1371 2368 conquestio
1404 2274 1734 2368 principis
1775 2273 1965 2365 quod
2002 2272 2073 2343 in
2111 2272 2349 2344 odium
2391 2272 2497 2343 sui
2545 2283 2613 2343 et
2657 2273 2965 2343 favorem
3017 2274 3250 2347 dilecti
3300 2274 3420 2347 filii

599 2391 852 2471 nobilis
893 2400 1025 2472 viri
1061 2399 1347 2471 *comitis
1377 2397 1774 2479 Provincie,
1812 2396 2284 2468 Avenionensi
2327 2397 2548 2469 electo
2594 2397 2956 2489 legationis
3001 2398 3302 2469 officium
3348 2401 3419 2471 in

595 2523 731 2595 illis
761 2524 1074 2618 partibus
1109 2522 1441 2594 duximus
1475 2521 2083 2610 committendum3
2136 2520 2263 2592 sed
2289 2522 2436 2591 Deo
2476 2529 2648 2591 teste
2680 2521 2947 2592 nullam
2985 2521 3075 2594 de
3107 2523 3419 2619 principe

598 2647 751 2742 ipso
784 2646 1025 2718 secisse
1067 2645 1506 2719 meminimus
1544 2645 1967 2717 mentionem
1987 2698 2006 2736 ,
2048 2666 2209 2715 cum
2252 2644 2642 2738 specialiter
2682 2655 2923 2717 contra
2968 2645 3310 2720 hereticos
3354 2659 3425 2722 et

599 2772 901 2844 fautores
945 2773 1251 2866 ipsorum
1296 2771 1714 2862 legationem
1755 2770 2075 2841 eamdem
2122 2768 2217 2840 ad
2261 2770 2551 2840 fratrum
2593 2768 3106 2861 predicatorum
3154 2771 3418 2844 instan-

605 2895 812 2986 tiam¹,
853 2896 974 2988 qui
1007 2905 1291 2991 propter
1322 2895 1456 2967 hoc
1493 2895 1587 2967 ad
1629 2894 2100 2989 Apostolicam
2138 2893 2392 2964 Sedem
2420 2892 2511 2964 de
2540 2893 2854 2986 partibus
2888 2894 3147 2966 eisdem
3174 2886 3420 2971 ‘acces-

602 3027 870 3109 serant,
923 3018 1141 3091 electo
1196 3019 1702 3110 injunxerimus
1760 3017 2140 3090 antedicto.
2209 3017 2438 3088 Parati
2499 3015 2945 3089 nihilominus
2999 3040 3237 3090 sumus
3294 3018 3422 3116 pro

604 3140 852 3212 eodem
881 3141 1157 3232 comite,
1187 3162 1311 3223 sue
1343 3141 1732 3214 devotionis
1760 3141 2203 3233 exigentibus
2226 3139 2514 3230 meritis,
2549 3148 2618 3210 et
2638 3139 2731 3212 ad
2754 3142 3041 3233 majora.
3070 3143 3211 3215 Nec
3233 3146 3422 3237 Juste

602 3265 773 3358 quid
818 3264 1013 3356 argui
1053 3285 1416 3359 possumus
1458 3266 1650 3358 quod
1698 3276 1940 3338 contra
1987 3273 2289 3335 remotos
2343 3261 2720 3356 hereticOS,
2771 3265 3039 3338 omissis
3083 3269 3421 3362 proximis

598 3386 1009 3459 Lombardie
1032 3387 1359 3458 videlicet
1381 3397 1452 3457 et
1471 3387 1749 3477 Tuscie,
1777 3389 2236 3482 procedamus
2266 3412 2283 3457 ε
2309 3409 2473 3458 nam
2506 3387 2683 3458 sicut
2710 3390 3019 3462 omnium
3052 3391 3196 3463 fere
3229 3401 3421 3466 tenet

597 3510 877 3600 notitia,
923 3512 1234 3581 Romana
1279 3511 1590 3582 Ecclesia
1643 3512 1901 3604 ubique
1958 3521 2296 3583 terrarum
2352 3521 2515 3581 ante
2557 3520 2779 3582 ortam
2837 3513 3016 3584 inter
3069 3514 3291 3610 ipsam
3346 3527 3418 3590 et

593 3634 980 3729 principem
1013 3635 1337 3705 eumdem
1371 3633 1788 3706 discordiam
1826 3644 2222 3706 constanter
2254 3635 2803 3729 persequebatur
2832 3635 3208 3710 hereticam
3254 3660 3417 3733 pra-

593 3755 880 3829 vitatem
904 3808 924 3845 ,
967 3766 1038 3828 et
1084 3778 1169 3831 eo
1203 3757 1445 3829 fortius
1491 3757 1563 3827 in
1602 3757 1836 3829 vicino
1876 3779 2016 3850 quo
2061 3758 2232 3830 inibi
2272 3759 2539 3830 ratione
2579 3759 3113 3854 propinquitatis
3148 3761 3414 3835 facilius

597 3888 667 3951 et
696 3880 972 3974 plenius
1011 3880 1154 3953 vim
1196 3901 1320 3952 sue
1365 3879 1793 3953 auctoritatis
1839 3890 2113 3976 poterat
2144 3902 2498 3954 exercere.
2533 3882 2626 3953 At
2673 3892 3041 3977 postquam
3089 3883 3413 3979 princeps

597 3982 782 4105 idem
829 4003 1208 4077 Ecclesiam
1246 4005 1467 4109 ipsam
1503 4004 1689 4100 cepit
1723 4004 2153 4101 opprimere,
2201 4005 2300 4077 sic
2348 4003 2658 4097 undique
2702 4004 2887 4076 vires
2932 4006 3082 4096 ejus
3120 4007 3413 4081 arctavit

592 4125 880 4221 viasque
924 4128 1255 4222 preclusit
1289 4128 1481 4221 quod
1510 4129 1916 4224 impugnare
1952 4129 2366 4224 pravitatem
2411 4129 2630 4222 ipsam
2664 4136 2734 4198 et
2774 4127 3111 4201 catholice
3142 4128 3306 4231 fidei
3339 4124 3423 4206 et'

595 4249 1053 4324 ecclesiastice
1112 4252 1449 4324 libertatis
1502 4263 1951 4344 augmentum
2007 4274 2090 4323 ac
2139 4252 2433 4323 salutem
2483 4248 2793 4321 fidelium
2846 4262 3051 4345 prout
3104 4255 3410 4349 oportuit

593 4390 966 4465 procurare
1010 4375 1350 4468 nequivit.
1393 4374 1507 4448 Ad
1549 4375 1683 4449 hoc
1725 4376 2050 4470 princeps
2082 4375 2230 4469 ipse
2263 4373 2498 4444 mirari
2534 4394 2675 4444 non
2706 4374 2916 4448 debet
2958 4377 3018 4447 si
3058 4400 3219 4453 suos
3263 4402 3406 4453 non

591 4493 997 4570 admisimus
1049 4499 1333 4574 nuntios
1390 4498 1484 4570 ad
1537 4507 1844 4571 nostram
1890 4496 2312 4591 presentiam
2365 4497 2783 4590 destinatoS,
2834 4520 2995 4572 cum
3047 4512 3407 4596 nunquam

590 4615 943 4691 Romanus
985 4622 1302 4714 pontifex
1350 4621 1988 4693 excommunicatos
2033 4620 2330 4692 scienter
2369 4621 2657 4717 recipiat
2703 4633 3076 4717 antequam
3123 4626 3403 4698 absolu-
