4364 5738
1039 570 1162 629 214
2042 566 2477 630 annnam!
2525 563 2873 629 sncumm
3473 564 3641 651 [An.
3678 565 3857 629 1244.

1038 702 1325 774 domino
1375 722 1560 797 papa
1598 702 1670 771 in
1717 699 2118 794 hujusmodi
2162 702 2525 774 voluntate
2568 721 2783 794 quam
2820 718 2951 793 pro
2995 699 3403 773 Lombardis
3447 711 3866 797 conceperat

1038 839 1282 899 contra
1329 845 1459 898 nos
1507 824 1956 920 persistente,
2000 824 2379 917 cujuslibet
2415 845 2587 898 sane
2631 823 2884 895 mentis
2926 822 3265 895 industria
3310 825 3881 898 manifestissimo

1039 949 1596 1046 comprehendit.
1619 950 1909 1021 Demum
1930 969 2025 1021 ne
2050 960 2193 1021 tam
2219 949 2693 1023 desideratum
2719 947 2985 1020 mundo
3007 948 3367 1040 negotium
3391 959 3861 1045 rumperetur,

1041 1075 1191 1147 vias
1221 1093 1465 1146 omnes
1499 1084 1572 1146 et
1598 1073 1888 1147 modos
1870 1073 2185 1146 1nvenire
2224 1073 2620 1146 studuimus
2648 1072 2947 1166 qualiter
2973 1069 3070 1143 ad
3092 1082 3648 1145 consummatum
3669 1092 3861 1146 com·

1041 1199 1328 1271 modum
1355 1198 1522 1271 boni
1549 1198 1869 1293 principii
1896 1197 2181 1293 procedi
2205 1196 2508 1287 valeret,
2530 1206 2605 1268 et
2623 1196 2804 1268 sicut
2824 1216 2920 1267 ex
2934 1194 3291 1268 vicinitate
3306 1216 3681 1291 corporum
3703 1218 3867 1293 pos-

1038 1313 1148 1393 set
1166 1343 1533 1395 occurrere
1556 1322 1872 1400 vicinitas
1886 1322 2350 1411 voluntatum,
2375 1320 2755 1394 obtulimus
2779 1319 2913 1390 sibi
2938 1320 3149 1390 etiam
3170 1318 3302 1390 sub
3322 1317 3456 1391 hoc
3480 1320 3697 1393 dubio
3723 1341 3867 1394 non

1038 1446 1387 1519 modicam
1416 1457 1598 1517 terre
1626 1455 1895 1540 partem
1928 1445 2293 1517 restituere
2318 1445 2379 1517 si
2415 1445 2630 1517 vellet
2659 1443 2731 1514 in
2757 1442 3203 1538 Campaniam
3237 1463 3317 1515 se
3354 1444 3712 1534 conterre,
3744 1443 3865 1516 ubi

1041 1590 1170 1641 nos
1201 1568 1384 1640 circa
1424 1567 1620 1661 regni
1646 1568 1865 1639 nostri
1905 1566 2207 1640 confinia
2248 1568 2635 1641 vicinantes
2676 1586 2803 1662 per
2839 1566 3242 1659 frequentes
3283 1564 3758 1639 internuncios
3797 1577 3869 1639 et

1043 1691 1420 1785 nosipsos,
1455 1691 1513 1762 si
1546 1712 1780 1762 rerum
1816 1691 2078 1763 utilitas
2113 1692 2523 1787 postularet,
2563 1689 3021 1786 personaliter
3051 1689 3335 1768 insimul
3360 1690 3681 1763 conferre
3704 1711 3866 1785 pos-

1042 1837 1318 1907 semus;
1355 1826 1435 1887 ut
1461 1825 1696 1887 tamen
1736 1816 1939 1888 nobis
1978 1817 2245 1889 interea
2283 1827 2651 1889 caveretur
2675 1815 2765 1888 de
2793 1825 2977 1887 terre
3005 1814 3304 1907 reliquo,
3333 1835 3475 1908 que
3507 1813 3587 1885 in
3614 1814 3868 1888 nostris

1023 1940 1368 2011 ‘manibus
1400 1941 1831 2032 remanebat,
1863 1950 2106 2013 contra
2132 1941 2567 2012 voluntatem
2600 1950 2909 2012 nostram
2936 1958 2981 2010 a
3007 1938 3209 2010 nobis
3238 1939 3637 2011 nullatenus
3661 1959 3865 2011 aver·

1049 2064 1287 2136 tendo.
1326 2064 1529 2149 Quod
1558 2086 1719 2136 cum
1747 2064 2116 2137 admittere
2148 2064 2469 2160 primitus
2508 2064 2882 2154 noluisset,
2915 2063 3199 2136 tandem
3232 2072 3391 2158 post
3421 2062 3654 2136 varios
3685 2072 3864 2136 trac-

1047 2199 1230 2259 tatus
1250 2188 1498 2259 annuit
1517 2186 1580 2284 (l
1597 2188 1654 2284 )‚
1671 2185 1965 2286 [dicens]
1985 2210 2128 2260 non
2155 2189 2231 2258 in
2251 2188 2696 2284 Campaniam
2714 2187 2842 2260 sed
2862 2187 3191 2259 Narniam
3212 2208 3290 2259 se
3316 2187 3501 2259 velle
3520 2188 3859 2260 conterre.

1048 2312 1246 2384 Unde
1274 2335 1403 2384 nos
1431 2313 1881 2384 Interramnie
1908 2322 2274 2384 manentes
2302 2333 2428 2407 per
2453 2312 2763 2404 quinque
2789 2321 3059 2383 tantum
3088 2310 3384 2383 miliaria
3406 2310 3862 2385 distabamus.

1046 2435 1260 2508 Nobis
1292 2437 1577 2508 demum
1605 2437 1813 2529 juxta
1854 2436 2255 2509 condictum
2296 2435 2828 2531 expectantibus
2865 2434 3246 2507 adventum
3275 2434 3530 2530 ipsius,
3555 2434 3709 2531 ipse
3743 2455 3867 2508 va·

1047 2559 1224 2631 riato
1247 2560 1604 2655 proposito
1627 2560 1883 2632 Urbem
1910 2560 2155 2632 exiens
2182 2559 2276 2632 ad
2306 2559 2661 2631 civitatem
2679 2580 2759 2631 se
2784 2558 3080 2631 contulit
3103 2558 3563 2630 castellanam
3591 2568 3663 2630 et
3686 2560 3870 2631 ultra

1048 2682 1426 2777 procedere
1459 2684 1832 2755 recusavit.
1862 2684 2164 2756 Veniens
2206 2693 2441 2755 autem
2483 2682 2815 2755 Narniam
2848 2682 3176 2776 magister
3215 2681 3418 2754 Oddo
3451 2683 3869 2755 venerabil‘m

1043 2805 1441 2879 Portuensis
1472 2808 1842 2903 episcopus
1864 2807 2267 2900 cardinalis,
2295 2807 2417 2903 qui
2447 2808 2644 2881 velut
2669 2807 2915 2880 variati
2945 2806 3281 2905 propositi
3311 2805 3586 2880 nescius
3612 2827 3867 2904 papam

1043 2930 1306 3003 ibidem
1333 2932 1727 3004 crediderat
1759 2932 2099 3023 invenire,
2134 2932 2463 3004 reiterato
2492 2940 2789 3004 tractatu
2819 2953 2981 3003 cum
3021 2930 3287 3003 nuntiis
3311 2951 3526 3026 super
3560 2930 3863 3004 collocu-

1047 3054 1233 3126 tione
1273 3057 1558 3146 mutuis,
1591 3056 1683 3127 ad
1715 3055 1849 3128 hoc
1889 3065 2308 3150 perventum
2344 3064 2451 3126 est
2485 3054 2677 3149 quod
2710 3055 2771 3127 si
2807 3054 3049 3127 latenti
3088 3054 3369 3143 morb0,
3418 3054 3745 3126 videlicet
3774 3054 3864 3127 de

1046 3178 1330 3268 negotio
1349 3178 1936 3269 Lombardorum,
1967 3178 2318 3251 medicina
2345 3200 2489 3250 non
2525 3188 2709 3250 esset
2735 3178 3091 3273 apposita,
3126 3199 3273 3272 pax
3302 3177 3591 3251 omnino
3624 3199 3867 3274 proce-

1048 3299 1216 3371 dere
1249 3322 1391 3372 non
1427 3296 1725 3392 valeret3
1761 3323 1890 3374 nos
1921 3323 2050 3397 pro
2080 3302 2269 3374 bono
2297 3302 2489 3398 pacis
2520 3302 2994 3397 infrascriptas
3027 3303 3291 3374 formas
3317 3301 3393 3373 in
3424 3301 3703 3397 scriptis
3737 3302 3863 3375 de-

1044 3420 1279 3492 dimus
1305 3421 1638 3493 cardinali
1675 3423 1991 3518 predicto
2019 3449 2042 3492 ι

1153 3571 1189 3612 ι
1235 3546 1459 3640 Super
1509 3547 1789 3637 negotio
1841 3546 2207 3618 rebellium
2254 3546 2802 3619 Lombardorum
2854 3546 2979 3641 qui
3039 3546 3368 3621 videlicet
3420 3556 3590 3620 ante
3644 3557 3869 3620 ortam

1046 3670 1464 3741 discordiam
1497 3670 1679 3741 inter
1718 3670 2095 3741 Ecclesiam
2133 3680 2209 3742 et
2243 3670 2613 3766 imperium
2648 3670 2949 3743 rebelles
2980 3672 3181 3744 nobis
3211 3672 3525 3763 fuemnt,
3558 3672 3661 3744 ita
3695 3671 3866 3744 dici-

1045 3814 1203 3864 mus
1233 3793 1424 3886 quod
1459 3794 1684 3888 parati
1714 3815 1958 3865 sumus
1985 3794 2548 3889 compromittere
2580 3793 2655 3866 in
2695 3794 3057 3868 dominum
3088 3815 3381 3891 papam,
3416 3796 3518 3868 ita
3546 3795 3869 3869 videlicet

1041 3918 1238 4011 quod
1271 3938 1402 4013 pro
1438 3917 1699 3990 honore
1742 3917 2008 3990 domini
2039 3939 2220 4014 pape
2271 3929 2344 3991 et
2373 3920 2676 3992 Ecclesie
2709 3919 3280 4015 compromissum
3328 3919 3555 4016 ipsum
3588 3919 3868 4015 publice

1040 4038 1167 4111 fiat
1198 4041 1347 4113 sine
1378 4042 1778 4114 conditione
1805 4054 1878 4113 et
1902 4041 2293 4134 adjectione
2326 4042 2685 4138 temporis,
2722 4041 2851 4114 sed
2881 4042 3176 4138 precise.
3220 4042 3590 4116 cavebitur
3635 4051 3870 4115 tamen

1045 4165 1247 4236 nobis
1277 4186 1404 4261 per
1434 4167 1697 4238 litteras
1738 4166 2001 4239 domini
2040 4188 2223 4262 pape
2256 4166 2453 4260 quod
2491 4166 2568 4239 id
2596 4166 2793 4260 quod
2820 4166 3199 4240 Lombardi
3223 4167 3504 4262 prefati,
3531 4166 3868 4241 Mediola-

1045 4307 1302 4358 nenses
1333 4289 1593 4362 scilicet
1622 4300 1696 4361 et
1728 4311 2065 4383 sequaces
2093 4311 2366 4382 eorum,
2395 4289 2802 4362 obmlernnt
2834 4290 3037 4364 nobis
3070 4290 3145 4361 in
3174 4300 3471 4363 tractatu
3492 4290 3688 4386 pacis
3710 4298 3870 4386 post

1116 4565 1192 4638 (4)
1229 4564 1936 4643 Admana-bitumen,
1967 4571 2709 4647 allucinamur-utorium
2741 4571 3147 4633 adeundum
3180 4572 3870 4645 regnmfll’aruamcoe-

1043 4661 1296 4736 epistolis
1323 4679 1468 4736 quae
1506 4680 1693 4740 supra,
1725 4684 1782 4741 p.
1814 4672 1916 4725 tw
1942 4676 2000 4727 et
2025 4673 2152 4727 tat.
