4364 5738
634 567 837 627 lamet.
870 564 962 642 3.]
1531 567 1930 630 HISTORIA
1981 568 2571 630 DIPLOMATICA.
3333 566 3448 661 241

731 699 1145 791 FridericuS,
1182 699 1309 771 Dei
1338 701 1570 793 gracia
1608 703 2077 776 Romanorum
2110 705 2513 800 imperator,
2550 687 2825 798 semper
2853 710 3213 794 augustuS‚
3251 703 3449 774 Jeru-

634 822 850 895 salem
899 832 971 895 et
1023 823 1251 895 Sicilie
1292 845 1462 914 rex,
1513 827 1838 919 potestati
1887 817 1959 899 et
1995 827 2284 900 consilio
2332 829 2650 916 Mantue‚
2690 815 3014 898 fidelibus
3053 825 3232 914 suiS‚
3286 845 3448 916 gra·

634 947 812 1019 ciam
853 968 1049 1019 suam
1101 955 1173 1019 et
1209 947 1468 1020 bonam
1512 951 1970 1023 voluntatem.
2020 951 2198 1037 Quia
2239 952 2528 1023 latorem
2579 950 3014 1045 presencium
3062 949 3447 1022 Iohannem

631 1069 721 1142 de
751 1069 1243 1163 Lobdenburg,
1284 1071 1571 1144 militem
1611 1083 1682 1147 et
1711 1072 1987 1148 fidelem
2019 1084 2361 1165 nostrum,
2393 1096 2521 1169 pro
2547 1073 2800 1145 nostris
2830 1071 3139 1144 serviciis
3174 1072 3245 1142 in
3277 1072 3443 1143 Ala-

629 1193 981 1266 manniam
1040 1193 1507 1288 destinamus;
1570 1194 1887 1271 fidelitati
1943 1207 2174 1270 vestre
2236 1197 2648 1269 mandamus
2704 1197 3032 1289 quatinus
3085 1195 3313 1267 eidem
3373 1206 3445 1267 et

627 1316 779 1389 aliis
818 1316 1281 1394 servientibus
1315 1319 1567 1391 nostris
1598 1320 1671 1390 in
1703 1321 1856 1412 ejus
1887 1322 2212 1393 comitiva
2239 1321 2706 1409 venientibus,
2741 1341 2868 1415 per
2900 1329 3153 1391 terram
3191 1329 3261 1390 et
3298 1319 3440 1391 dis-

629 1438 906 1511 trictum
945 1449 1255 1511 vestrum
1307 1440 1399 1513 de
1448 1464 1693 1514 securo
1729 1444 2081 1517 conductu
2129 1445 2358 1517 velitis
2404 1466 2533 1541 pro
2573 1444 2974 1517 reverencia
3021 1443 3237 1516 nostri
3287 1443 3438 1515 cul-

628 1561 832 1633 minis
859 1562 1254 1656 providere.

719 1686 974 1757 Datum
1005 1685 1211 1778 Fogie
1231 1738 1252 1777 ,
1288 1685 1533 1760 ultimo
1564 1688 1905 1782 octubris,
1940 1690 2028 1763 111
2057 1690 2458 1765 indictione.

727 2244 1154 2332 Fridericus
1169 2313 1193 2357 ,
1250 2252 1771 2335 Romanorum
1829 2252 2258 2360 imperator,
2317 2252 2417 2334 ad
2495 2253 3119 2361 supplicationem
3199 2283 3429 2341 com-

621 2379 878 2462 munis
952 2381 1287 2466 Civitatis
1338 2383 1593 2468 Novae
1657 2385 1754 2467 de
1822 2384 2156 2469 Marchia
2176 2444 2201 2488 ,
2258 2383 2652 2494 privilegia
2716 2396 2790 2469 et
2850 2391 3431 2473 consuetudines

617 2510 897 2620 quibus
942 2514 1411 2623 temporibus
1464 2516 1584 2598 avi
1626 2527 1703 2598 et
1745 2517 1983 2625 patris
2034 2515 2152 2598 sui
2195 2512 2633 2622 utebantur,
2680 2518 3100 2602 dummodo
3153 2521 3231 2602 in
3282 2521 3431 2605 fide

617 2655 693 2727 et
724 2645 1120 2730 devotione
1154 2673 1292 2731 sua
1327 2657 1830 2758 perseverent,
1869 2647 2296 2730 confirmat.

780 2874 1007 2948 (Edidit
1031 2877 1441 2956 aneolm
1471 2876 1747 2937 Memoria
1779 2892 1933 2937 sacr.
1972 2893 2003 2936 e
2033 2872 2186 2938 civil.
2215 2873 2279 2935 di
2307 2875 2497 2937 Civica
2519 2875 2713 2951 Nova,
2744 2876 2848 2939 lib.
2879 2878 3000 2952 111,
3030 2896 3092 2956 p.
3126 2887 3424 2959 267·268‚

856 2996 934 3039 ex
960 2982 1231 3060 originali
1257 2983 1415 3043 unde
1440 2983 1700 3061 signium
1730 2998 1966 3044 cereum
1991 2978 2403 3103 appendebat.)

713 3174 1109 3269 FedericuS,
1144 3180 1269 3251 Dei
1303 3180 1525 3273 gratia
1552 3183 2017 3255 Romanorum
2058 3180 2434 3277 imperator
2469 3201 2744 3313 semper
2777 3191 3149 3274 augustus,
3180 3183 3425 3257 Hieru-

619 3296 837 3369 salem
868 3309 941 3371 et
979 3300 1181 3372 Sicile
1214 3324 1366 3374 rex.
1402 3304 1618 3375 Decet
1623 3355 2613 3376 .............
2634 3358 2647 3365 ,
2674 3357 3417 3380 ..........

622 3471 1127 3494 .......
1162 3424 1488 3520 precipue
1511 3447 1686 3519 quos
1710 3447 1887 3521 pura
1919 3425 2094 3498 fides
2132 3438 2203 3499 et
2228 3427 2494 3498 sincera
2529 3426 2809 3499 devotio
2832 3429 2961 3499 sibi
2988 3430 3151 3501 facit
3176 3450 3424 3527 accep·

615 3552 745 3616 tos.
798 3545 931 3617 Per
974 3567 1260 3640 presens
1296 3542 1505 3640 igitur
1548 3549 2009 3644 privilegium.
2080 3601 2099 3620 .
2171 3604 2191 3619 .
2265 3601 3416 3626 ...............

611 3686 979 3741 commune
1024 3670 1331 3742 Civitatis
1377 3671 1571 3743 Nove
1613 3671 1704 3743 de
1751 3671 2057 3744 Marchia
2099 3670 2344 3744 fideles
2390 3672 2608 3743 nostri
2644 3694 2769 3769 per
2799 3675 3091 3746 nuncios
3131 3697 3293 3748 suos
3331 3678 3426 3749 ad

611 3791 1028 3884 presentiam
1068 3776 1497 3867 celsitudinis
1547 3802 1778 3866 nostre
1826 3795 2260 3866 transmissos
2266 3847 3416 3871 ...............

611 3915 1149 3987 consuetudines
1179 3918 1598 4012 approbatas
1628 3938 1803 4012 quas
1838 3917 1968 4013 ipsi
2007 3925 2078 3989 et
2106 3929 2579 3991 antecessores
2623 3918 2731 3990 sui
2763 3919 3188 4013 temporibus
3221 3920 3421 3995 divo-

610 4024 764 4106 rum
810 4049 1264 4131 augustorum
1311 4040 1832 4136 progenitorum
1872 4049 2270 4112 nostrorum
2323 4039 2692 4113 recolende
2733 4039 3064 4112 memorie
3074 4094 3415 4116 .....

616 4168 636 4228 ’.
696 4209 1445 4234 ..........
1500 4174 1908 4252 noscuntur,
1947 4162 2360 4236 confirmare
2393 4162 2493 4234 eis
2525 4162 2594 4232 in
2637 4170 3051 4258 perpetuum
3087 4186 3171 4237 ac
3219 4164 3419 4238 here-

608 4277 812 4351 dibus
854 4282 997 4355 suis
1040 4283 1130 4356 de
1175 4294 1411 4357 nostra
1445 4286 1665 4379 gratia
1706 4285 2174 4379 dignaremur.
2222 4285 2365 4357 Nos
2402 4294 2640 4357 autem
2679 4284 2769 4358 de
2808 4285 3137 4380 predictis
3176 4288 3420 4362 incerti

607 4530 678 4593 et
707 4520 965 4598 habere
996 4527 1253 4602 debeat
1289 4540 1360 4602 et
1389 4530 1580 4624 quod
1609 4530 2001 4627 predictum
2041 4550 2408 4601 commune
2447 4530 2758 4603 habeat
2738 4553 2811 4602 1n
2849 4531 3149 4624 eisdem,
3187 4534 3416 4627 inqui-

605 4644 923 4719 sitionem
981 4650 1384 4744 diligentem
1438 4675 1565 4749 per
1604 4652 2017 4727 Riccardum
2069 4652 2159 4725 de
2205 4653 2561 4726 Fasanella
2577 4705 2598 4744 ,
2653 4664 2818 4728 tunc
2868 4656 3196 4751 temporis
3240 4660 3418 4730 sacri

761 4769 863 4833 VI.
3019 4784 3090 4838 31

3559 2271 3773 2325 roam

3547 2325 3791 2369 novembri.
