4364 5738
907 530 1032 595 ⁵46
1817 595 1822 602 ,
1902 528 2328 591 ramatum
2380 530 2725 596 SECUNm
3343 528 3505 613 [Ακιῑ.
3540 527 3718 590 12⁴7.

907 668 1086 742 licet*
1106 677 1172 740 te
1195 667 1487 760 jubente
1519 674 1963 738 convertatur
1983 663 2087 761 (a)
2125 666 2367 738 militia
2401 667 2729 758 gloriosa,
2758 667 3082 740 volumus
3114 674 3346 737 tamen
3374 675 3454 736 ut
3489 674 3555 737 te
3583 681 3724 736 non

909 793 1229 884 accingas
1255 792 1346 863 ad
1378 792 1530 880 iter,
1563 811 1698 861 nec
1724 791 2028 884 aliquem
2060 791 2293 862 mittas
2326 791 2711 864 exercitum
2731 844 2751 881 ,
2786 812 3152 884 quousque
3191 811 3403 884 super
3433 789 3567 863 hoc
3602 811 3731 883 per

908 926 1221 991 nostrum
1254 917 1588 989 nuncium
1620 917 1729 987 vel
1765 915 2100 1009 speciales
2132 915 2397 987 litteras
2427 927 2666 988 votum
2703 915 3098 1012 Apostolioe
3135 914 3334 988 Sedis
3364 935 3724 1007 agnoscas.

1007 1043 1261 1114 Datum
1292 1040 1638 1134 Lugduni,
1673 1040 1796 1112 XV
1825 1039 2157 1112 kalendas
2186 1040 2368 1132 julii,
2401 1061 2587 1115 anno
2619 1042 2734 1115 IV.

2283 1333 2377 1405 11.

1012 1539 1480 1629 InnocentiuS,
1499 1548 1638 1612 etc.
1653 1590 1673 1628 ,
1708 1538 1954 1610 illustri
1982 1539 2222 1631 regine
2246 1539 2559 1631 Francie,
2582 1549 2719 1613 etc.
2740 1538 3039 1612 Vocibus
3064 1536 3408 1632 gementis
3435 1534 3739 1609 Ecclesie

919 1665 1098 1748 sicut
1126 1663 1539 1736 confidimus
1573 1663 1882 1735 celorum
1914 1663 2390 1736 intercedente
2416 1664 2714 1756 Regina,
2750 1663 2849 1736 sic
2874 1662 3078 1755 Regis
3106 1662 3326 1734 eterni
3353 1660 3743 1752 benignitas

923 1800 1116 1860 tuum
1161 1788 1519 1860 inclinavit
1546 1788 1863 1859 auditum
1895 1797 1975 1859 ut
2004 1787 2405 1861 charissimo
2437 1789 2510 1860 in
2542 1788 2807 1860 Christo
2843 1786 2986 1860 filio
3021 1797 3260 1859 nostro
3291 1784 3538 1857 illustri
3578 1803 3742 1877 rege

918 1934 1005 1985 ac
1053 1912 1324 1984 dilectis
1353 1910 1510 1983 filiis
1542 1912 1890 1984 nobilibus
1927 1912 2094 1984 viris
2134 1912 2502 1985 comitibus
2535 1912 2714 1984 natis
2751 1910 2886 1984 tuis
2920 1910 3449 2006 disponentibus
3474 1908 3744 2002 magni-

921 2035 1130 2108 ficum
1160 2036 1463 2109 Ecclesie
1490 2038 1946 2131 personaliter
1971 2047 2283 2132 prestare
2310 2059 2741 2126 succursum,
2777 2045 2849 2107 tu
2882 2034 3300 2107 inflammata
3328 2035 3492 2127 igne
3514 2034 3745 2106 Sancti

919 2162 1215 2256 Spiritus
1247 2162 1338 2234 de
1380 2161 1573 2254 regio
1606 2162 1820 2234 corde
1850 2162 2223 2256 protuleris
2253 2162 2444 2255 quod
2484 2171 2552 2234 te
2594 2162 2816 2257 ipsam
2858 2161 3076 2233 velles
3118 2182 3278 2233 cum
3311 2159 3624 2232 exercitu
3655 2158 3747 2229 ad

922 2284 1057 2356 iter
1083 2285 1446 2377 accingere
1480 2293 1560 2356 ut
1598 2306 1838 2380 posses
1864 2285 2168 2359 Ecclesie
2203 2284 2567 2379 magnifice
2604 2284 3002 2359 subvenire.
3034 2284 3146 2357 Ex
3179 2283 3313 2356 hoc
3343 2283 3527 2356 enim
3553 2333 3574 2373 ,
3606 2280 3750 2352 filia

925 2408 1363 2501 charissima,
1409 2430 1550 2482 non
1584 2411 1808 2482 solum
1849 2431 1978 2483 nos
2019 2420 2092 2482 et
2132 2411 2379 2482 fratres
2421 2419 2695 2482 nostros
2737 2411 2943 2504 plena
2965 2409 3402 2502 jucunditate
3436 2408 3751 2503 perfusos

927 2533 1052 2604 tibi
1078 2544 1151 2606 et
1175 2532 1334 2605 filiis
1362 2534 1617 2606 tuisad
1644 2535 1954 2607 favorem
1985 2546 2401 2630 perpetuum
2427 2534 2772 2626 obligasti,
2804 2534 2930 2606 sed
2955 2534 3294 2626 acquisito
3316 2531 3506 2626 apud
3530 2530 3753 2602 homi·

927 2678 1055 2729 nes
1092 2658 1317 2730 laudis
1348 2658 1612 2730 stabilis
1654 2669 1724 2731 et
1760 2660 2093 2732 immense
2128 2659 2458 2754 preconio
2493 2659 2592 2730 sic
2622 2657 3003 2751 benignum
3034 2657 3399 2730 reddidisti
3432 2655 3751 2728 condito·

928 2802 1076 2854 rem
1113 2782 1424 2854 omnium
1457 2796 1537 2854 ut
1569 2782 1798 2855 anime
1832 2794 1947 2855 tue
1974 2783 2560 2880 compensandam
2592 2783 2684 2856 ab
2718 2783 2868 2879 ipso
2895 2782 3260 2856 credamus
3290 2782 3364 2853 in
3396 2790 3748 2878 posterum

926 2907 1220 2999 gloriam
1249 2928 1735 3002 supernorum.
1769 2909 1938 2982 Cum
1969 2920 2204 2981 autem
2235 2910 2548 3005 predicta
2572 2909 2878 2981 Ecclesia
2909 2918 3166 3004 puncta
3195 2909 3594 3001 frequenter
3622 2925 3751 2976 an-

925 3030 1313 3122 gustiarum
1337 3032 1598 3104 aculeis
1621 3054 1796 3125 quos
1816 3033 2137 3128 producit
2161 3034 2438 3106 assidue
2461 3033 2810 3127 horrenda
2834 3033 3224 3126 malignitas
3244 3030 3749 3127 persequentis,

929 3153 1127 3225 sitin
1167 3165 1351 3225 statu
1382 3155 1855 3227 conservande
1897 3156 2112 3228 letitie
2144 3178 2285 3251 qua
2326 3157 2562 3230 divina
2602 3158 2971 3231 clementia
3019 3158 3241 3253 ipsam
3287 3179 3411 3253 per
3455 3164 3639 3229 tuam
3682 3165 3758 3226 et

930 3275 1231 3350 filiorum
1261 3289 1536 3381 tuorum
1563 3281 2021 3354 intentionem
2049 3282 2422 3377 piissimam
2452 3284 2760 3356 noscitur
2781 3283 3187 3379 replevisse,
3216 3293 3408 3354 tuam
3430 3279 3760 3353 serenita-

937 3411 1075 3474 tem
1106 3422 1244 3495 qua
1276 3424 1643 3499 possumus
1669 3404 2035 3479 affectione
2071 3429 2394 3500 rogamus
2424 3408 2495 3479 in
2524 3407 3001 3480 remissionem
3026 3405 3508 3502 peccaminum
3536 3403 3758 3495 injun-

929 3537 1176 3619 gentes
1205 3538 1550 3623 quatenus
1585 3530 1890 3603 infusum
1926 3532 2049 3604 tibi
2081 3542 2154 3604 et
2186 3532 2450 3604 eisdem
2489 3531 2648 3603 filiis
2677 3554 2720 3605 a
2756 3534 2902 3605 Deo
2936 3530 3365 3627 propositum
3403 3527 3757 3600 deducens

926 3651 1187 3743 jugiter
1216 3652 1285 3723 in
1319 3664 1803 3746 augmentum,
1835 3656 1927 3728 ad
1959 3655 2095 3727 boc
2122 3678 2248 3751 pro
2282 3655 2501 3728 divini
2528 3655 2794 3728 honore
2823 3655 3123 3728 nominis
3154 3652 3353 3726 firma
3385 3661 3455 3726 et
3494 3650 3759 3725 stabilis

934 3772 1291 3867 habearis,
1330 3786 1410 3848 ut
1439 3778 1538 3851 sic
1568 3801 1930 3872 resurgere
1971 3780 2185 3874 possit
2216 3780 2521 3852 Ecclesia
2564 3780 2755 3874 quod
2805 3780 3022 3876 ipsius
3061 3778 3416 3853 fundatori
3449 3776 3572 3849 Dei
3613 3774 3759 3848 filio

934 3898 1282 3973 redundet
1314 3902 1387 3972 in
1412 3903 1703 3995 gloriam
1736 3913 1808 3977 et
1832 3904 2102 3976 afflictis
2130 3905 2284 3997 ejus
2318 3903 2476 3977 filiis
2507 3904 2875 4001 proveniat
2898 3914 3122 3978 status
3152 3904 3373 3997 gratie
3395 3901 3751 3993 salutaris„

935 4026 1336 4099 verecundo
1388 4038 1712 4102 manente
1769 4039 2216 4125 persecutore
2275 4031 2491 4126 ipsius
2547 4031 2852 4104 Ecclesie
2911 4031 3080 4103 dum
3137 4039 3371 4103 mente
3429 4029 3760 4102 confusus

936 4149 1317 4223 adverterit
1342 4153 1532 4245 quod
1557 4155 1717 4226 aula
1748 4155 1945 4246 regni
1968 4155 2251 4228 Francie
2283 4174 2421 4250 que
2451 4154 2824 4229 virtutibus
2851 4176 3129 4251 semper
3155 4154 3470 4245 emicuit,
3501 4154 3593 4226 ad
3622 4152 3759 4224 hoc

937 4274 1153 4346 robur
1176 4277 1595 4350 converterit
1621 4299 1743 4351 sue
1773 4280 2080 4374 potentie
2106 4290 2188 4352 ut
2212 4301 2338 4376 per
2365 4302 2520 4354 eam
2555 4280 2731 4355 fides
2762 4302 2972 4375 quam
3002 4280 3119 4352 ille
3149 4279 3483 4352 suffocare
3516 4276 3762 4349 nititur

936 4395 1227 4471 instatu
1269 4399 1541 4473 decoris
1580 4412 1657 4476 et
1697 4403 1919 4496 glorie
1965 4412 2444 4478 conservetur.
2482 4405 2800 4478 Ceterum
2848 4426 3008 4478 cum
3044 4404 3139 4479 sit
3175 4403 3392 4479 nostri
3432 4400 3760 4475 desiderii

1021 4661 1107 4743 (a)
1152 4660 1224 4725 In
1248 4665 1534 4745 impresso
1556 4670 1938 4748 comem,
1965 4667 2215 4736 forsitan
2235 4679 2590 4737 meam.
