4364 5738
968 591 1095 657 298
1964 587 2394 651 ramulum
2434 587 2779 654 saeuum
3394 587 3560 667 [Am.
3597 589 3773 655 1245.

969 725 1041 799 Si
1077 723 1437 819 quibusvis
1469 723 1681 799 curiis
1714 722 2015 818 puhlicis
2048 722 2318 818 imperii
2358 723 2511 799 dux
2551 721 2827 799 Austris
2867 741 3156 818 presens
3194 721 3435 814 fuerit,
3467 745 3654 799 unus
3688 722 3778 800 ds

966 848 1290 944 palatinis
1313 845 1795 922 archiducibus
1816 856 1921 919 est
1943 846 2336 921 censendus
2354 857 2426 920 et
2447 846 2940 921 nichilominus
2963 845 3038 915 in
3064 865 3392 919 consessu
3415 856 3487 921 et
3505 846 3777 921 incessu

967 970 1061 1045 ad
1100 970 1281 1044 latus
1315 970 1642 1044 dextrum
1681 970 2116 1064 imperatoris
2153 979 2315 1064 post
2354 971 2689 1044 electores
2733 967 3078 1067 principes
3122 968 3432 1041 obtineat
3477 969 3774 1064 primum

967 1095 1222 1169 locum.
1264 1096 1426 1167 Dux
1456 1094 1730 1169 Austris
1759 1094 2066 1166 donandi
2096 1103 2167 1165 et
2195 1092 2576 1190 deputandi
2606 1104 2823 1167 terras
2851 1113 3012 1165 suas
3041 1092 3456 1185 cuicumque
3484 1093 3778 1167 voluerit

963 1216 1223 1291 habere
1245 1217 1881 1312 debetpotestatem
1902 1217 2188 1289 liberam
2208 1217 2293 1309 si,
2318 1217 2510 1310 quod
2528 1216 2894 1307 absit,sine
2920 1214 3294 1287 heredibus
3316 1215 3552 1287 liberis
3568 1214 3772 1290 dece·

965 1340 1203 1432 deret,
1238 1341 1473 1414 necin
1504 1340 1638 1412 hoc
1669 1362 1795 1435 per
1830 1340 2197 1435 imperium
2230 1340 2441 1412 debet
2469 1339 2859 1433 aliqualiter
2890 1338 3232 1433 impediri.
3266 1338 3575 1410 prefatus
3604 1358 3773 1433 quo·

962 1485 1101 1556 que
1153 1464 1445 1537 ducatus
1486 1463 1759 1535 Austris
1800 1463 2059 1537 babere
2114 1463 2327 1536 debet
2369 1465 2601 1536 omnia
2647 1473 2717 1536 et
2748 1464 3020 1555 singula
3046 1464 3248 1554 jura,
3296 1462 3654 1556 privilegia
3701 1473 3778 1538 et

964 1586 1231 1657 indulta
1277 1608 1416 1678 que
1459 1586 1774 1659 obtinere
1827 1587 2071 1680 reliqui
2135 1587 2559 1681 principatus
2608 1586 2878 1682 imperii
2929 1587 3406 1658 dinoscuntur.
3440 1586 3771 1660 Volumus

964 1709 1173 1785 etiam
1206 1719 1286 1785 ut
1311 1710 1369 1783 si
1396 1709 1745 1783 districtus
1777 1719 1849 1780 et
1879 1710 2179 1782 ditiones
2211 1710 2378 1782 dicti
2422 1710 2716 1785 ducatus
2746 1709 3055 1805 ampliati
3086 1709 3343 1781 fuerint
3375 1729 3471 1781 ex
3497 1709 3769 1783 heredi-

964 1832 1257 1922 tatibus,
1306 1831 1831 1921 donationibuS,
1881 1832 2385 1925 emptionibuS,
2427 1833 2989 1928 deputationibus
3035 1833 3148 1906 vel
3208 1832 3566 1925 quibusvis
3623 1832 3776 1905 aliis

964 1953 1491 2029 devolutionum
1535 1954 2113 2043 successionibus,
2146 1954 2412 2048 prefata
2435 1955 2628 2047 jura,
2661 1954 3020 2049 privilegia
3060 1964 3132 2026 et
3169 1952 3438 2027 indulta
3478 1954 3566 2026 ad
3599 1974 3770 2047 aug-

963 2086 1271 2149 mentum
1302 2077 1468 2150 dicti
1500 2077 1786 2149 dominii
1815 2076 2091 2150 Austrie
2125 2078 2434 2171 plenarie
2467 2080 2877 2151 referantur.
2901 2078 2988 2150 Et
3021 2086 3101 2148 ut
3128 2075 3262 2150 hec
3290 2086 3524 2148 nostra
3556 2077 3767 2171 imps-

963 2200 1147 2274 rialis
1177 2200 1574 2273 constitutio
1602 2201 1790 2272 omni
1820 2222 1950 2273 evo
1984 2200 2182 2273 firma
2211 2211 2281 2273 et
2315 2201 2720 2274 inconvulsa
2751 2209 3179 2296 permaneat,
3206 2213 3562 2295 presentes
3588 2200 3767 2272 litte·

963 2345 1076 2397 ras
1108 2326 1313 2397 scribi
1354 2334 1424 2396 et
1469 2325 1672 2417 sigilli
1710 2326 1926 2397 nostri
1958 2326 2410 2420 impressione
2442 2325 2728 2399 fecimus
2760 2324 3107 2419 insigniri,
3145 2323 3472 2396 adhibitis
3506 2323 3768 2397 idoneis

965 2448 1251 2519 testibus
1281 2470 1577 2540 quorum
1617 2448 1898 2520 nomina
1931 2457 2092 2519 sunt
2123 2447 2254 2520 hec
2289 2472 2306 2515 ε

1057 2570 1421 2663 Pilgrimus
1464 2569 1853 2665 patriarcha
1892 2569 2431 2663 Aquilegiensis,
2490 2570 2930 2647 Eberhardus
2969 2569 3522 2665 archiepiscopus
3556 2571 3764 2642 Saltz-

960 2694 1361 2786 burgensis‚
1396 2693 1556 2765 Otto
1601 2694 2052 2785 Frisingensis
2091 2695 2490 2790 episcopus,
2526 2695 2881 2769 Conradus
2914 2694 3335 2767 Pataviensis
3371 2694 3760 2787 episcopus,

959 2816 1403 2894 Eberhardus
1430 2817 2024 2910 Babenbergensis
2056 2818 2450 2913 episcopus,
2485 2818 2952 2890 Hartmannus
2984 2817 3436 2905 Brixinensi8‚
3468 2816 3762 2890 Hartwi-

963 2962 1084 3013 cus
1111 2940 1625 3035 Ratisponensis
1652 2949 1746 3011 et.
1780 2994 1797 3014 .
1834 2994 1852 3012 .
1890 2941 2331 3013 Tridentinus
2362 2942 2700 3037 episcopi,
2733 2942 3054 3015 dominus
3089 2940 3373 3030 Welffo,
3409 2940 3564 3013 dux
3592 2941 3758 3014 eon·

963 3062 1173 3136 radus
1218 3064 1428 3134 frater
1469 3063 1933 3156 imperatoriS,
1968 3064 2356 3137 Fridericus
2397 3062 2581 3137 filius
2623 3064 2808 3156 regis
2850 3064 3182 3153 Conradi,
3220 3063 3580 3136 Heinricus
3619 3064 3762 3136 dux

961 3183 1331 3274 Carinthie,
1370 3184 1676 3256 marchio
1711 3186 2167 3276 Engelbertus
2199 3188 2287 3260 de
2318 3189 2536 3277 istria,
2567 3186 2875 3260 marchio
2911 3187 3328 3260 Adelbertus
3358 3187 3449 3258 de
3480 3186 3758 3275 Staden,

962 3304 1272 3380 marchio
1322 3306 1734 3401 Diepoldus,
1779 3310 2210 3381 Hermannus
2262 3311 2606 3404 palatinus
2648 3331 2878 3386 comes
2926 3312 3016 3385 de
3062 3312 3292 3399 Reno,
3336 3311 3496 3383 Otto
3540 3331 3764 3384 comes

960 3429 1308 3525 palatinus
1326 3440 1396 3501 et
1415 3430 1629 3502 frater
1656 3432 1807 3521 ejus
1831 3432 2242 3524 FridericuS,
2261 3433 2701 3506 Eberhardus
2728 3456 2961 3506 comes
2988 3434 3078 3505 de
3106 3433 3763 3524 Sultzbach‚Rudol·

961 3552 1074 3627 rus
1103 3573 1336 3628 comes
1373 3552 1462 3626 de
1504 3553 2008 3646 Sweinsheutt‚
2042 3553 2364 3627 Albertus
2395 3577 2626 3629 comes
2655 3557 3031 3646 HallensiS,
3064 3556 3509 3630 Eberhardus
3539 3577 3761 3630 comes

961 3675 1051 3750 de
1074 3674 1504 3765 Purkhusen‚
1528 3697 1761 3748 comes
1788 3677 1877 3748 de
1908 3678 2210 3766 Bucena,
2239 3698 2468 3751 comes
2495 3680 2585 3751 de
2610 3680 3032 3775 Peylnstein,
3053 3680 3261 3752 etalii
3290 3680 3752 3775 quamplures.

1056 3798 1343 3890 Signum
1402 3797 1664 3870 domini
1716 3799 2039 3871 Friderici
2095 3802 2562 3874 Romanorum
2620 3802 3052 3897 imperatoris
3106 3802 3535 3875 invictissimi
3583 3801 3756 3897 (Πο-

958 3920 1407 4018 ηορταηιηια).

1055 4046 1200 4142 Ego
1237 4045 1617 4120 Rainaldus
1667 4044 2117 4117 cancellarius
2166 4046 2320 4120 vice
2365 4046 2657 4119 Arnoldi
2706 4048 3092 4140 Moguntini
3143 4048 3638 4146 archiepiscopi
3690 4057 3758 4120 st

960 4166 1542 4242 archicancellarii
1574 4168 1971 4260 recognovi,
2003 4178 2338 4260 regnante
2371 4169 2654 4243 domino
2683 4171 3032 4245 Friderico
3058 4173 3526 4244 Romanorum
3549 4171 3759 4265 impe-

963 4296 1195 4359 ratore
1223 4300 1515 4380 augusto
1546 4290 1621 4362 in
1652 4290 1947 4364 Christo.
3339 4332 3352 4346 ·

1059 4409 1309 4484 Datum
1336 4413 1707 4508 Ratispone
1726 4467 1747 4504 ,
1781 4412 2328 4511 quintOJdecimo
2351 4415 2682 4491 kalendas
2714 4418 3054 4509 octobris,
3085 4418 3462 4492 indictione
3486 4426 3759 4512 quarta,

960 4552 1148 4605 anno
1182 4533 1525 4607 dominice
1558 4537 2046 4611 incarnationis
2088 4539 2456 4611 millesimo
2493 4540 2867 4614 centesimo
2911 4540 3484 4633 quinquagesimo
3523 4549 3759 4626 sexto,

961 4654 1278 4747 feliciter,
1311 4655 1565 4750 Amen,
1592 4680 1777 4734 anuo
1806 4662 1999 4755 regni
2027 4663 2178 4753 ejus
2207 4662 2475 4755 quinte,
2512 4663 2782 4757 imperii
2817 4663 3150 4736 secundo.
