<?xml version="1.0" encoding="UTF-8"?>
<!DOCTYPE html PUBLIC "-//W3C//DTD XHTML 1.0 Transitional//EN"
    "http://www.w3.org/TR/xhtml1/DTD/xhtml1-transitional.dtd">
<html xmlns="http://www.w3.org/1999/xhtml" xml:lang="en" lang="en">
 <head>
  <title>
</title>
<meta http-equiv="Content-Type" content="text/html;charset=utf-8" />
  <meta name='ocr-system' content='tesseract 3.04.00' />
  <meta name='ocr-capabilities' content='ocr_page ocr_carea ocr_par ocr_line ocrx_word'/>
</head>
<body>
  <div class='ocr_page' id='page_1' title='image "./historiadiploma00degoog_0388.png"; bbox 0 0 4364 5738; ppageno 0'>
   <div class='ocr_carea' id='block_1_1' title="bbox 988 558 3794 643">
    <p class='ocr_par' dir='ltr' id='par_1_1' title="bbox 988 558 3794 643">
     <span class='ocr_line' id='line_1_1' title="bbox 988 558 3794 643; baseline -0.007 -6"><span class='ocrx_word' id='word_1_1' title='bbox 988 576 1110 638; x_wconf 75' lang='lat'>372</span> <span class='ocrx_word' id='word_1_2' title='bbox 1983 573 2412 635; x_wconf 65' lang='lat' dir='ltr'>nummum</span> <span class='ocrx_word' id='word_1_3' title='bbox 2463 569 2807 635; x_wconf 79' lang='lat' dir='ltr'>SECUNDI</span> <span class='ocrx_word' id='word_1_4' title='bbox 3419 560 3584 643; x_wconf 63' lang='lat' dir='ltr'>[Anu.</span> <span class='ocrx_word' id='word_1_5' title='bbox 3621 558 3794 619; x_wconf 66' lang='lat'><strong>1245.</strong></span> 
     </span>
    </p>
   </div>
   <div class='ocr_carea' id='block_1_2' title="bbox 1332 710 3010 929">
    <p class='ocr_par' dir='ltr' id='par_1_2' title="bbox 1332 710 3010 929">
     <span class='ocr_line' id='line_1_2' title="bbox 1332 710 3010 802; baseline -0.007 -18"><span class='ocrx_word' id='word_1_6' title='bbox 1332 710 1678 784; x_wconf 83' lang='lat' dir='ltr'>Iohannes</span> <span class='ocrx_word' id='word_1_7' title='bbox 1711 710 2207 784; x_wconf 89' lang='lat' dir='ltr'>Gualdaldrule</span> <span class='ocrx_word' id='word_1_8' title='bbox 2244 710 2441 801; x_wconf 87' lang='lat' dir='ltr'>cujus</span> <span class='ocrx_word' id='word_1_9' title='bbox 2472 727 2730 802; x_wconf 84' lang='lat' dir='ltr'>parvus</span> <span class='ocrx_word' id='word_1_10' title='bbox 2765 722 3010 791; x_wconf 77' lang='lat' dir='ltr'>sonus3</span> 
     </span>
     <span class='ocr_line' id='line_1_3' title="bbox 1333 831 2841 929; baseline -0.006 -23"><span class='ocrx_word' id='word_1_11' title='bbox 1333 836 1590 907; x_wconf 85' lang='lat' dir='ltr'>Horum</span> <span class='ocrx_word' id='word_1_12' title='bbox 1621 834 1913 929; x_wconf 88' lang='lat' dir='ltr'>quisque</span> <span class='ocrx_word' id='word_1_13' title='bbox 1948 834 2233 929; x_wconf 89' lang='lat' dir='ltr'>pertulit</span> <span class='ocrx_word' id='word_1_14' title='bbox 2262 833 2334 903; x_wconf 92' lang='lat' dir='ltr'>in</span> <span class='ocrx_word' id='word_1_15' title='bbox 2365 831 2607 904; x_wconf 89' lang='lat' dir='ltr'>auditu</span> <span class='ocrx_word' id='word_1_16' title='bbox 2642 849 2841 900; x_wconf 90' lang='lat' dir='ltr'>onus.</span> 
     </span>
    </p>
   </div>
   <div class='ocr_carea' id='block_1_3' title="bbox 1334 982 2961 1476">
    <p class='ocr_par' dir='ltr' id='par_1_3' title="bbox 1334 982 2961 1476">
     <span class='ocr_line' id='line_1_4' title="bbox 1338 982 2871 1106; baseline -0.007 -23"><span class='ocrx_word' id='word_1_17' title='bbox 1338 1013 1578 1105; x_wconf 80' lang='lat' dir='ltr'><strong>Igitur,</strong></span> <span class='ocrx_word' id='word_1_18' title='bbox 1614 1032 1658 1083; x_wconf 94' lang='lat' dir='ltr'>o</span> <span class='ocrx_word' id='word_1_19' title='bbox 1692 1011 1964 1106; x_wconf 86' lang='lat' dir='ltr'>populi,</span> <span class='ocrx_word' id='word_1_20' title='bbox 2001 982 2158 1102; x_wconf 81' lang='lat' dir='ltr'>quis</span> <span class='ocrx_word' id='word_1_21' title='bbox 2188 1011 2333 1101; x_wconf 88' lang='lat' dir='ltr'>jam</span> <span class='ocrx_word' id='word_1_22' title='bbox 2366 1028 2507 1079; x_wconf 93' lang='lat' dir='ltr'>non</span> <span class='ocrx_word' id='word_1_23' title='bbox 2540 1003 2871 1100; x_wconf 80' lang='lat' dir='ltr'><strong>stupescit</strong></span> 
     </span>
     <span class='ocr_line' id='line_1_5' title="bbox 1335 1125 2907 1221; baseline -0.008 -11"><span class='ocrx_word' id='word_1_24' title='bbox 1335 1135 1534 1221; x_wconf 85' lang='lat' dir='ltr'>Quod</span> <span class='ocrx_word' id='word_1_25' title='bbox 1566 1134 1938 1208; x_wconf 88' lang='lat' dir='ltr'>Cornetum</span> <span class='ocrx_word' id='word_1_26' title='bbox 1973 1134 2239 1205; x_wconf 81' lang='lat' dir='ltr'>facinus</span> <span class='ocrx_word' id='word_1_27' title='bbox 2270 1131 2428 1202; x_wconf 92' lang='lat' dir='ltr'>tulit</span> <span class='ocrx_word' id='word_1_28' title='bbox 2466 1139 2538 1201; x_wconf 87' lang='lat' dir='ltr'>et</span> <span class='ocrx_word' id='word_1_29' title='bbox 2569 1125 2907 1200; x_wconf 83' lang='lat' dir='ltr'>mictescit</span> 
     </span>
     <span class='ocr_line' id='line_1_6' title="bbox 1334 1246 2961 1345; baseline -0.009 -13"><span class='ocrx_word' id='word_1_30' title='bbox 1334 1260 1559 1345; x_wconf 91' lang='lat' dir='ltr'>Quam</span> <span class='ocrx_word' id='word_1_31' title='bbox 1595 1257 2129 1330; x_wconf 88' lang='lat' dir='ltr'>ecclesiasticam</span> <span class='ocrx_word' id='word_1_32' title='bbox 2157 1254 2367 1327; x_wconf 87' lang='lat' dir='ltr'>fidem</span> <span class='ocrx_word' id='word_1_33' title='bbox 2404 1272 2707 1344; x_wconf 80' lang='lat' dir='ltr'>nequam</span> <span class='ocrx_word' id='word_1_34' title='bbox 2743 1246 2961 1320; x_wconf 85' lang='lat' dir='ltr'>nescit</span> 
     </span>
     <span class='ocr_line' id='line_1_7' title="bbox 1336 1370 2772 1476; baseline -0.008 -22"><span class='ocrx_word' id='word_1_35' title='bbox 1336 1384 1423 1455; x_wconf 89' lang='lat' dir='ltr'>Et</span> <span class='ocrx_word' id='word_1_36' title='bbox 1456 1403 1578 1476; x_wconf 89' lang='lat' dir='ltr'>spe</span> <span class='ocrx_word' id='word_1_37' title='bbox 1615 1381 1792 1473; x_wconf 78' lang='lat' dir='ltr'>regit</span> <span class='ocrx_word' id='word_1_38' title='bbox 1824 1379 2040 1472; x_wconf 81' lang='lat' dir='ltr'>glorie</span> <span class='ocrx_word' id='word_1_39' title='bbox 2074 1379 2223 1473; x_wconf 90' lang='lat' dir='ltr'>ipse</span> <span class='ocrx_word' id='word_1_40' title='bbox 2248 1374 2612 1450; x_wconf 83' lang='lat' dir='ltr'>notalescit</span> <span class='ocrx_word' id='word_1_41' title='bbox 2643 1370 2772 1469; x_wconf 83' lang='lat' dir='ltr'>(a).</span> 
     </span>
    </p>
   </div>
   <div class='ocr_carea' id='block_1_4' title="bbox 1334 1551 2978 2022">
    <p class='ocr_par' dir='ltr' id='par_1_4' title="bbox 1334 1551 2978 1891">
     <span class='ocr_line' id='line_1_8' title="bbox 1334 1551 2911 1649; baseline -0.01 -18"><span class='ocrx_word' id='word_1_42' title='bbox 1334 1559 1495 1631; x_wconf 84' lang='lat' dir='ltr'>Post</span> <span class='ocrx_word' id='word_1_43' title='bbox 1525 1557 1765 1629; x_wconf 87' lang='lat' dir='ltr'>Vitalis</span> <span class='ocrx_word' id='word_1_44' title='bbox 1795 1555 2095 1628; x_wconf 88' lang='lat' dir='ltr'>reditum</span> <span class='ocrx_word' id='word_1_45' title='bbox 2128 1551 2252 1649; x_wconf 87' lang='lat' dir='ltr'>(b),</span> <span class='ocrx_word' id='word_1_46' title='bbox 2295 1551 2554 1647; x_wconf 89' lang='lat' dir='ltr'>pariter</span> <span class='ocrx_word' id='word_1_47' title='bbox 2590 1568 2911 1635; x_wconf 88' lang='lat' dir='ltr'>suorum,</span> 
     </span>
     <span class='ocr_line' id='line_1_9' title="bbox 1340 1674 2978 1773; baseline -0.009 -20"><span class='ocrx_word' id='word_1_48' title='bbox 1340 1681 1637 1769; x_wconf 81' lang='lat' dir='ltr'><strong>Quidam</strong></span> <span class='ocrx_word' id='word_1_49' title='bbox 1670 1681 1898 1752; x_wconf 90' lang='lat' dir='ltr'>locum</span> <span class='ocrx_word' id='word_1_50' title='bbox 1931 1685 2305 1773; x_wconf 86' lang='lat' dir='ltr'>properant</span> <span class='ocrx_word' id='word_1_51' title='bbox 2339 1674 2475 1746; x_wconf 92' lang='lat' dir='ltr'>cito</span> <span class='ocrx_word' id='word_1_52' title='bbox 2507 1681 2933 1744; x_wconf 89' lang='lat' dir='ltr'>mortuorum</span> <span class='ocrx_word' id='word_1_53' title='bbox 2957 1721 2978 1759; x_wconf 89' lang='lat'>,</span> 
     </span>
     <span class='ocr_line' id='line_1_10' title="bbox 1338 1799 2827 1891; baseline -0.009 -14"><span class='ocrx_word' id='word_1_54' title='bbox 1338 1806 1426 1877; x_wconf 92' lang='lat' dir='ltr'>Et</span> <span class='ocrx_word' id='word_1_55' title='bbox 1457 1813 1735 1877; x_wconf 88' lang='lat' dir='ltr'>caterva</span> <span class='ocrx_word' id='word_1_56' title='bbox 1765 1809 2127 1873; x_wconf 80' lang='lat' dir='ltr'><strong>remanent</strong></span> <span class='ocrx_word' id='word_1_57' title='bbox 2156 1799 2304 1870; x_wconf 88' lang='lat' dir='ltr'>sola</span> <span class='ocrx_word' id='word_1_58' title='bbox 2334 1814 2827 1891; x_wconf 78' lang='lat' dir='ltr'>suspensorum</span> 
     </span>
    </p>

    <p class='ocr_par' dir='ltr' id='par_1_5' title="bbox 1338 1920 2861 2022">
     <span class='ocr_line' id='line_1_11' title="bbox 1338 1920 2861 2022; baseline -0.01 -21"><span class='ocrx_word' id='word_1_59' title='bbox 1338 1928 1427 2001; x_wconf 84' lang='lat' dir='ltr'>Et</span> <span class='ocrx_word' id='word_1_60' title='bbox 1456 1928 1817 2022; x_wconf 90' lang='lat' dir='ltr'>deponunt</span> <span class='ocrx_word' id='word_1_61' title='bbox 1855 1943 2147 2019; x_wconf 87' lang='lat' dir='ltr'>corpora</span> <span class='ocrx_word' id='word_1_62' title='bbox 2177 1920 2406 1993; x_wconf 87' lang='lat' dir='ltr'>subito</span> <span class='ocrx_word' id='word_1_63' title='bbox 2440 1926 2861 1990; x_wconf 87' lang='lat' dir='ltr'>sanctorum.</span> 
     </span>
    </p>
   </div>
   <div class='ocr_carea' id='block_1_5' title="bbox 1341 2094 2945 2572">
    <p class='ocr_par' dir='ltr' id='par_1_6' title="bbox 1341 2094 2945 2572">
     <span class='ocr_line' id='line_1_12' title="bbox 1343 2094 2851 2191; baseline -0.012 -12"><span class='ocrx_word' id='word_1_64' title='bbox 1343 2106 1772 2179; x_wconf 88' lang='lat' dir='ltr'>Festinanter</span> <span class='ocrx_word' id='word_1_65' title='bbox 1806 2100 2128 2173; x_wconf 84' lang='lat' dir='ltr'>deferunt</span> <span class='ocrx_word' id='word_1_66' title='bbox 2163 2115 2451 2191; x_wconf 89' lang='lat' dir='ltr'>corpora</span> <span class='ocrx_word' id='word_1_67' title='bbox 2484 2094 2851 2165; x_wconf 89' lang='lat' dir='ltr'>Cornetum</span> 
     </span>
     <span class='ocr_line' id='line_1_13' title="bbox 1345 2214 2854 2314; baseline -0.013 -11"><span class='ocrx_word' id='word_1_68' title='bbox 1345 2234 1626 2304; x_wconf 90' lang='lat' dir='ltr'>Summa</span> <span class='ocrx_word' id='word_1_69' title='bbox 1658 2247 1818 2297; x_wconf 92' lang='lat' dir='ltr'>cum</span> <span class='ocrx_word' id='word_1_70' title='bbox 1857 2221 2126 2295; x_wconf 80' lang='lat' dir='ltr'>tristitia</span> <span class='ocrx_word' id='word_1_71' title='bbox 2160 2220 2458 2314; x_wconf 89' lang='lat' dir='ltr'>populus</span> <span class='ocrx_word' id='word_1_72' title='bbox 2487 2216 2581 2287; x_wconf 88' lang='lat' dir='ltr'>ad</span> <span class='ocrx_word' id='word_1_73' title='bbox 2617 2214 2854 2286; x_wconf 87' lang='lat' dir='ltr'>fletum</span> 
     </span>
     <span class='ocr_line' id='line_1_14' title="bbox 1343 2340 2740 2443; baseline -0.016 -14"><span class='ocrx_word' id='word_1_74' title='bbox 1343 2356 1568 2429; x_wconf 87' lang='lat' dir='ltr'>Motus</span> <span class='ocrx_word' id='word_1_75' title='bbox 1603 2348 1941 2443; x_wconf 74' lang='lat' dir='ltr'>equaliter</span> <span class='ocrx_word' id='word_1_76' title='bbox 1971 2364 2199 2437; x_wconf 89' lang='lat' dir='ltr'>neque</span> <span class='ocrx_word' id='word_1_77' title='bbox 2237 2342 2358 2414; x_wconf 91' lang='lat' dir='ltr'>dat</span> <span class='ocrx_word' id='word_1_78' title='bbox 2393 2340 2740 2432; x_wconf 88' lang='lat' dir='ltr'>quietum,</span> 
     </span>
     <span class='ocr_line' id='line_1_15' title="bbox 1341 2464 2945 2572; baseline -0.012 -23"><span class='ocrx_word' id='word_1_79' title='bbox 1341 2478 1780 2572; x_wconf 89' lang='lat' dir='ltr'>Sepulturam</span> <span class='ocrx_word' id='word_1_80' title='bbox 1815 2471 2116 2542; x_wconf 89' lang='lat' dir='ltr'>subeunt</span> <span class='ocrx_word' id='word_1_81' title='bbox 2147 2477 2219 2538; x_wconf 89' lang='lat' dir='ltr'>et</span> <span class='ocrx_word' id='word_1_82' title='bbox 2262 2464 2624 2558; x_wconf 91' lang='lat' dir='ltr'>deponunt</span> <span class='ocrx_word' id='word_1_83' title='bbox 2659 2468 2945 2532; x_wconf 90' lang='lat' dir='ltr'>metum.</span> 
     </span>
    </p>
   </div>
   <div class='ocr_carea' id='block_1_6' title="bbox 1342 2637 2868 3116">
    <p class='ocr_par' dir='ltr' id='par_1_7' title="bbox 1342 2637 2868 3116">
     <span class='ocr_line' id='line_1_16' title="bbox 1344 2637 2758 2742; baseline -0.013 -17"><span class='ocrx_word' id='word_1_84' title='bbox 1344 2656 1705 2739; x_wconf 89' lang='lat' dir='ltr'>Terreant‚</span> <span class='ocrx_word' id='word_1_85' title='bbox 1744 2669 1787 2720; x_wconf 97' lang='lat' dir='ltr'>o</span> <span class='ocrx_word' id='word_1_86' title='bbox 1823 2644 2094 2742; x_wconf 89' lang='lat' dir='ltr'>populi,</span> <span class='ocrx_word' id='word_1_87' title='bbox 2131 2642 2260 2714; x_wconf 81' lang='lat' dir='ltr'>ista</span> <span class='ocrx_word' id='word_1_88' title='bbox 2299 2660 2435 2731; x_wconf 89' lang='lat' dir='ltr'>que</span> <span class='ocrx_word' id='word_1_89' title='bbox 2472 2637 2758 2726; x_wconf 81' lang='lat' dir='ltr'>auditis3</span> 
     </span>
     <span class='ocr_line' id='line_1_17' title="bbox 1342 2759 2868 2860; baseline -0.014 -9"><span class='ocrx_word' id='word_1_90' title='bbox 1342 2780 1526 2850; x_wconf 90' lang='lat' dir='ltr'>Dum</span> <span class='ocrx_word' id='word_1_91' title='bbox 1564 2772 1811 2846; x_wconf 81' lang='lat' dir='ltr'>tiranni</span> <span class='ocrx_word' id='word_1_92' title='bbox 1844 2770 2105 2841; x_wconf 88' lang='lat' dir='ltr'>rabiem</span> <span class='ocrx_word' id='word_1_93' title='bbox 2139 2786 2266 2860; x_wconf 87' lang='lat' dir='ltr'>per</span> <span class='ocrx_word' id='word_1_94' title='bbox 2296 2764 2536 2837; x_wconf 87' lang='lat' dir='ltr'>orbem</span> <span class='ocrx_word' id='word_1_95' title='bbox 2570 2759 2868 2847; x_wconf 77' lang='lat' dir='ltr'>sentitiS,</span> 
     </span>
     <span class='ocr_line' id='line_1_18' title="bbox 1343 2886 2688 2986; baseline -0.015 -11"><span class='ocrx_word' id='word_1_96' title='bbox 1343 2902 1588 2976; x_wconf 91' lang='lat' dir='ltr'>Eidem</span> <span class='ocrx_word' id='word_1_97' title='bbox 1626 2896 1916 2969; x_wconf 84' lang='lat' dir='ltr'>resistite</span> <span class='ocrx_word' id='word_1_98' title='bbox 1952 2892 2072 2986; x_wconf 92' lang='lat' dir='ltr'>qui</span> <span class='ocrx_word' id='word_1_99' title='bbox 2110 2901 2216 2962; x_wconf 87' lang='lat' dir='ltr'>est</span> <span class='ocrx_word' id='word_1_100' title='bbox 2249 2897 2492 2960; x_wconf 84' lang='lat' dir='ltr'>auctor</span> <span class='ocrx_word' id='word_1_101' title='bbox 2527 2886 2688 2957; x_wconf 89' lang='lat' dir='ltr'>litis.</span> 
     </span>
     <span class='ocr_line' id='line_1_19' title="bbox 1351 3013 2490 3116; baseline -0.016 -17"><span class='ocrx_word' id='word_1_102' title='bbox 1351 3023 1575 3098; x_wconf 87' lang='lat' dir='ltr'>Liberi</span> <span class='ocrx_word' id='word_1_103' title='bbox 1612 3018 1923 3116; x_wconf 88' lang='lat' dir='ltr'>poteritis</span> <span class='ocrx_word' id='word_1_104' title='bbox 1955 3037 2104 3087; x_wconf 90' lang='lat' dir='ltr'>esse</span> <span class='ocrx_word' id='word_1_105' title='bbox 2138 3015 2198 3086; x_wconf 90' lang='lat' dir='ltr'>si</span> <span class='ocrx_word' id='word_1_106' title='bbox 2238 3013 2490 3086; x_wconf 86' lang='lat' dir='ltr'>velitis.</span> 
     </span>
    </p>
   </div>
   <div class='ocr_carea' id='block_1_7' title="bbox 1348 3183 2930 3538">
    <p class='ocr_par' dir='ltr' id='par_1_8' title="bbox 1348 3183 2930 3538">
     <span class='ocr_line' id='line_1_20' title="bbox 1348 3183 2699 3282; baseline -0.015 -9"><span class='ocrx_word' id='word_1_107' title='bbox 1348 3201 1523 3273; x_wconf 88' lang='lat' dir='ltr'>Acta</span> <span class='ocrx_word' id='word_1_108' title='bbox 1553 3206 1714 3269; x_wconf 88' lang='lat' dir='ltr'>sunt</span> <span class='ocrx_word' id='word_1_109' title='bbox 1742 3195 1875 3266; x_wconf 92' lang='lat' dir='ltr'>hec</span> <span class='ocrx_word' id='word_1_110' title='bbox 1905 3190 2135 3264; x_wconf 91' lang='lat' dir='ltr'>omnia</span> <span class='ocrx_word' id='word_1_111' title='bbox 2170 3200 2476 3282; x_wconf 88' lang='lat' dir='ltr'>tempore</span> <span class='ocrx_word' id='word_1_112' title='bbox 2512 3183 2699 3255; x_wconf 89' lang='lat' dir='ltr'>beati</span> 
     </span>
     <span class='ocr_line' id='line_1_21' title="bbox 1350 3306 2716 3418; baseline -0.015 -23"><span class='ocrx_word' id='word_1_113' title='bbox 1350 3324 1534 3418; x_wconf 91' lang='lat' dir='ltr'>Pape</span> <span class='ocrx_word' id='word_1_114' title='bbox 1565 3317 1942 3391; x_wconf 89' lang='lat' dir='ltr'>Innocentii</span> <span class='ocrx_word' id='word_1_115' title='bbox 1974 3313 2198 3408; x_wconf 90' lang='lat' dir='ltr'>quarti</span> <span class='ocrx_word' id='word_1_116' title='bbox 2234 3309 2497 3383; x_wconf 91' lang='lat' dir='ltr'>Christo</span> <span class='ocrx_word' id='word_1_117' title='bbox 2534 3306 2716 3393; x_wconf 91' lang='lat' dir='ltr'>dati,</span> 
     </span>
     <span class='ocr_line' id='line_1_22' title="bbox 1349 3427 2930 3538; baseline -0.015 -19"><span class='ocrx_word' id='word_1_118' title='bbox 1349 3448 1481 3519; x_wconf 89' lang='lat' dir='ltr'>Per</span> <span class='ocrx_word' id='word_1_119' title='bbox 1510 3466 1718 3538; x_wconf 88' lang='lat' dir='ltr'>quem</span> <span class='ocrx_word' id='word_1_120' title='bbox 1755 3449 1994 3534; x_wconf 81' lang='lat' dir='ltr'>gentes</span> <span class='ocrx_word' id='word_1_121' title='bbox 2033 3436 2305 3509; x_wconf 87' lang='lat' dir='ltr'>subdite</span> <span class='ocrx_word' id='word_1_122' title='bbox 2339 3432 2592 3504; x_wconf 87' lang='lat' dir='ltr'>dantur</span> <span class='ocrx_word' id='word_1_123' title='bbox 2631 3427 2930 3499; x_wconf 87' lang='lat' dir='ltr'>libertati</span> 
     </span>
    </p>
   </div>
   <div class='ocr_carea' id='block_1_8' title="bbox 1352 3536 2797 3644">
    <p class='ocr_par' dir='ltr' id='par_1_9' title="bbox 1352 3536 2797 3644">
     <span class='ocr_line' id='line_1_23' title="bbox 1352 3536 2797 3644; baseline -0.015 -3"><span class='ocrx_word' id='word_1_124' title='bbox 1352 3570 1439 3641; x_wconf 92' lang='lat' dir='ltr'>Et</span> <span class='ocrx_word' id='word_1_125' title='bbox 1479 3569 1847 3640; x_wconf 87' lang='lat' dir='ltr'>Cornetum</span> <span class='ocrx_word' id='word_1_126' title='bbox 1883 3560 2237 3633; x_wconf 90' lang='lat' dir='ltr'>subditum</span> <span class='ocrx_word' id='word_1_127' title='bbox 2269 3555 2394 3627; x_wconf 90' lang='lat' dir='ltr'>Dei</span> <span class='ocrx_word' id='word_1_128' title='bbox 2428 3536 2797 3644; x_wconf 60' lang='lat' dir='ltr'>majestatiss</span> 
     </span>
    </p>
   </div>
   <div class='ocr_carea' id='block_1_9' title="bbox 1118 3712 2008 3818">
    <p class='ocr_par' dir='ltr' id='par_1_10' title="bbox 1118 3712 2008 3818">
     <span class='ocr_line' id='line_1_24' title="bbox 1118 3712 2008 3818; baseline -0.018 -21"><span class='ocrx_word' id='word_1_129' title='bbox 1118 3723 1417 3818; x_wconf 77' lang='lat' dir='ltr'>Emplicit</span> <span class='ocrx_word' id='word_1_130' title='bbox 1453 3720 1568 3790; x_wconf 81' lang='lat' dir='ltr'>hoc</span> <span class='ocrx_word' id='word_1_131' title='bbox 1599 3712 2008 3809; x_wconf 77' lang='lat' dir='ltr'>opusculum.</span> 
     </span>
    </p>
   </div>
   <div class='ocr_carea' id='block_1_10' title="bbox 1427 3961 3409 4002">
    <p class='ocr_par' dir='ltr' id='par_1_11' title="bbox 1427 3961 3409 4002">
     <span class='ocr_line' id='line_1_25' title="bbox 1427 3961 3409 4002; baseline 0 1736"><span class='ocrx_word' id='word_1_132' title='bbox 1427 3961 3409 4002; x_wconf 95' lang='lat' dir='ltr'> </span> 
     </span>
    </p>
   </div>
   <div class='ocr_carea' id='block_1_11' title="bbox 634 4206 3812 4482">
    <p class='ocr_par' dir='ltr' id='par_1_12' title="bbox 634 4206 3812 4482">
     <span class='ocr_line' id='line_1_26' title="bbox 634 4206 3812 4349; baseline -0.013 -20"><span class='ocrx_word' id='word_1_133' title='bbox 634 4273 943 4329; x_wconf 65' lang='lat' dir='ltr'>tuomum]</span> <span class='ocrx_word' id='word_1_134' title='bbox 1128 4246 1498 4330; x_wconf 87' lang='lat' dir='ltr'>Dominus</span> <span class='ocrx_word' id='word_1_135' title='bbox 1546 4264 1743 4349; x_wconf 87' lang='lat' dir='ltr'>papa</span> <span class='ocrx_word' id='word_1_136' title='bbox 1796 4262 1887 4319; x_wconf 85' lang='lat' dir='ltr'>ex</span> <span class='ocrx_word' id='word_1_137' title='bbox 1950 4233 2309 4314; x_wconf 88' lang='lat' dir='ltr'>mandato</span> <span class='ocrx_word' id='word_1_138' title='bbox 2380 4227 2580 4337; x_wconf 84' lang='lat' dir='ltr'>regis</span> <span class='ocrx_word' id='word_1_139' title='bbox 2642 4224 3104 4308; x_wconf 81' lang='lat' dir='ltr'>Francorum</span> <span class='ocrx_word' id='word_1_140' title='bbox 3158 4214 3477 4302; x_wconf 87' lang='lat' dir='ltr'>volentis</span> <span class='ocrx_word' id='word_1_141' title='bbox 3537 4206 3812 4293; x_wconf 86' lang='lat' dir='ltr'>habere</span> 
     </span>
     <span class='ocr_line' id='line_1_27' title="bbox 1025 4343 3811 4482; baseline -0.015 -22"><span class='ocrx_word' id='word_1_142' title='bbox 1025 4392 1219 4460; x_wconf 58' lang='lat' dir='ltr'>cum*</span> <span class='ocrx_word' id='word_1_143' title='bbox 1269 4377 1434 4482; x_wconf 88' lang='lat' dir='ltr'>ipso</span> <span class='ocrx_word' id='word_1_144' title='bbox 1498 4369 1958 4479; x_wconf 85' lang='lat' dir='ltr'>colloquium</span> <span class='ocrx_word' id='word_1_145' title='bbox 1980 4427 2003 4472; x_wconf 88' lang='lat'>,</span> <span class='ocrx_word' id='word_1_146' title='bbox 2072 4391 2152 4446; x_wconf 90' lang='lat' dir='ltr'>se</span> <span class='ocrx_word' id='word_1_147' title='bbox 2214 4359 2531 4445; x_wconf 90' lang='lat' dir='ltr'>contulit</span> <span class='ocrx_word' id='word_1_148' title='bbox 2596 4356 3078 4460; x_wconf 72' lang='lat' dir='ltr'>cluniacum,</span> <span class='ocrx_word' id='word_1_149' title='bbox 3135 4359 3209 4433; x_wconf 89' lang='lat' dir='ltr'>et</span> <span class='ocrx_word' id='word_1_150' title='bbox 3275 4347 3472 4430; x_wconf 91' lang='lat' dir='ltr'>circa</span> <span class='ocrx_word' id='word_1_151' title='bbox 3541 4343 3811 4425; x_wconf 83' lang='lat' dir='ltr'>festum</span> 
     </span>
    </p>
   </div>
   <div class='ocr_carea' id='block_1_12' title="bbox 1108 4556 2111 4751">
    <p class='ocr_par' dir='ltr' id='par_1_13' title="bbox 1108 4556 2111 4751">
     <span class='ocr_line' id='line_1_28' title="bbox 1110 4556 2058 4644; baseline -0.013 -19"><span class='ocrx_word' id='word_1_152' title='bbox 1110 4561 1195 4644; x_wconf 83' lang='lat' dir='ltr'>(a)</span> <span class='ocrx_word' id='word_1_153' title='bbox 1238 4561 1431 4623; x_wconf 86' lang='lat' dir='ltr'>Locus</span> <span class='ocrx_word' id='word_1_154' title='bbox 1456 4561 1772 4620; x_wconf 79' lang='lat' dir='ltr'>certissime</span> <span class='ocrx_word' id='word_1_155' title='bbox 1796 4556 2058 4617; x_wconf 83' lang='lat' dir='ltr'>mutilus.</span> 
     </span>
     <span class='ocr_line' id='line_1_29' title="bbox 1108 4659 2111 4751; baseline -0.012 -20"><span class='ocrx_word' id='word_1_156' title='bbox 1108 4667 1193 4751; x_wconf 75' lang='lat' dir='ltr'>(b)</span> <span class='ocrx_word' id='word_1_157' title='bbox 1236 4669 1307 4730; x_wconf 92' lang='lat' dir='ltr'>In</span> <span class='ocrx_word' id='word_1_158' title='bbox 1334 4669 1612 4743; x_wconf 81' lang='lat' dir='ltr'>impresso</span> <span class='ocrx_word' id='word_1_159' title='bbox 1630 4661 1907 4744; x_wconf 76' lang='lat' dir='ltr'>peditum,</span> <span class='ocrx_word' id='word_1_160' title='bbox 1934 4659 2111 4722; x_wconf 83' lang='lat' dir='ltr'>male.</span> 
     </span>
    </p>
   </div>
  </div>
 </body>
</html>
