4364 5738
589 561 793 622 himer.
825 560 918 639 2.]
1478 556 1873 618 HISTORIA
1923 558 2513 620 DIPLOMATICA.
3291 552 3404 612 147

589 697 846 790 quibus
877 694 1150 791 plenius
1190 690 1586 784 confidatis,
1627 703 1708 764 ut
1745 702 1935 765 tanto
1967 693 2106 764 sint
2151 704 2291 765 tam
2338 714 2430 764 ex
2459 690 2796 764 industria
2843 709 3054 782 quam
3101 685 3240 759 fide
3281 707 3405 757 ne-

590 821 781 912 gotio
815 818 1335 891 convenientes.

687 944 975 1032 Datum,
1012 952 1146 1014 etc.
1179 940 1240 1038 (l
1258 938 1313 1036 ).

704 1539 1127 1623 Fridericus
1149 1603 1174 1648 ,
1245 1491 1767 1624 'Romanorum
1857 1541 2301 1649 imperator,
2368 1540 2641 1624 scribit
2726 1541 2889 1650 regi
2983 1541 3252 1650 Cypri,
3330 1550 3417 1622 ut

599 1674 1299 1756 recommendatum
1356 1674 1635 1757 habeat
1686 1673 1999 1756 fratrem
2049 1673 2343 1757 Heliam
2402 1700 2634 1785 quem
2685 1675 2783 1756 ad
2833 1684 3085 1784 partes
3141 1684 3412 1756 trans-

599 1806 937 1887 marinas
991 1808 1356 1911 missum,
1412 1807 1492 1887 in
1529 1805 1871 1914 ejusdem
1919 1808 2123 1916 regis
2174 1807 2388 1890 curia
2439 1808 2882 1917 aliquandiu
2937 1818 3414 1891 moraturum

590 1934 846 2044 jussit.

767 2150 937 2228 (Edit
961 2165 1059 2227 ap.
1089 2149 1258 2210 Petri
1283 2147 1353 2209 de
1383 2149 1514 2209 Vin.
1547 2150 1737 2229 epist„
1770 2149 1876 2209 lib.
1907 2151 2019 2225 111,
2047 2167 2172 2228 cap.
2196 2150 2341 2229 XV;
2374 2168 2535 2212 nunc
2561 2152 2696 2212 coll.
2718 2169 2852 2212 cum
2879 2153 3011 2212 cod.
3042 2153 3186 2215 bibl.
3217 2154 3415 2215 Cesar.

841 2258 1058 2331 Pam„
1072 2254 1257 2334 fonds
1280 2251 2040 2334 saint-Germaiwflarlay,
2067 2265 2135 2317 n⁰
2167 2254 2334 2334 455.)

701 2445 919 2515 Tanta
965 2450 1071 2514 est
1111 2443 1296 2514 bone
1339 2441 1503 2515 fidei
1547 2443 2043 2518 etdevotionis
2082 2444 2373 2538 probate
2420 2444 2840 2534 constantia,
2900 2453 3225 2539 tantaque
3268 2445 3421 2516 lau-

607 2567 942 2640 dabilium
984 2566 1291 2639 efficacia
1333 2568 1739 2640 meritorum
1773 2590 1984 2662 quam
2021 2569 2094 2639 in
2129 2568 2425 2662 provido
2464 2569 2615 2640 viro
2659 2546 2868 2639 fratre
2896 2568 3125 2659 Helia,
3170 2568 3424 2641 dilecto

605 2691 923 2763 familiari
962 2700 1032 2763 et
1064 2689 1254 2764 fideli
1295 2702 1567 2782 nostr0,
1608 2713 1882 2787 semper
1914 2701 1985 2763 et
2029 2692 2293 2764 utiliter
2333 2692 2678 2763 invenisse
2717 2692 3189 2783 meminimus,
3234 2692 3426 2786 quod

606 2813 832 2909 ipsum
857 2816 1004 2907 jam
1050 2837 1091 2887 a
1124 2815 1461 2888 fructibus
1501 2824 1956 2908 agnoscentes
1976 2867 1996 2905 ‚
2035 2835 2402 2909 personam
2434 2837 2630 2887 suam
2680 2814 3127 2887 domesticam
3172 2814 3426 2886 nostris

609 2941 906 3013 servitiis
954 2940 1252 3012 libenter
1296 2941 1723 3013 admittimus
1741 2994 1762 3030 ,
1782 2951 1875 3015 ,et
1926 2962 2048 3012 sue
2099 2940 2734 3036 circumspectionis
2783 2940 3085 3013 consiliis
3133 2938 3422 3012 fiducia-

609 3064 766 3134 liter
808 3062 1269 3135 inhaeremus,
1327 3065 1497 3137 Cum
1549 3065 1760 3157 igitur
1796 3065 2096 3137 eundem
2144 3065 2427 3136 fratrem
2482 3087 2708 3160 nuper
2757 3066 2849 3138 ad
2903 3074 3137 3160 partes
3199 3074 3424 3137 trans-

611 3186 911 3258 marinas
967 3188 1409 3259 transfretare
1472 3198 1789 3282 paratum
1850 3186 1989 3285 (2),
2055 3210 2180 3283 pro
2244 3188 2661 3282 quibusdam
2719 3189 2955 3262 arduis
3016 3188 3425 3262 excellentie

683 3494 759 3567 (t)
793 3494 963 3552 Notae
997 3493 1397 3566 chronologicae
1431 3493 1824 3551 desiderantur.
1865 3495 2016 3552 Hanc
2055 3510 2186 3553 vero
2226 3494 2554 3570 encyclicam
2597 3495 2664 3552 ad
2712 3495 2817 3553 hoc
2853 3502 3063 3570 tempus
3091 3496 3425 3555 referendam

612 3606 735 3651 esse
759 3591 1087 3648 arbitramur
1105 3606 1213 3663 quo
1230 3591 1530 3648 Fridericus
1550 3590 1801 3648 comitem
1819 3590 2143 3649 Tolosanum
2161 3592 2231 3649 ad
2250 3592 2456 3650 curiam
2475 3594 2765 3650 Romanam
2784 3593 3009 3650 miserit.
3040 3593 3101 3649 In
3123 3609 3230 3666 quo
3250 3594 3425 3667 primo

613 3692 840 3746 tractatu
859 3688 1080 3745 forsitan
1099 3686 1202 3745 iste
1217 3686 1585 3744 includebatur
1600 3686 1866 3744 articulus
1883 3703 2046 3760 quem
2063 3689 2367 3746 Matthaeus
2389 3688 2540 3746 Paris
2565 3688 2765 3746 ibidem
2786 3690 2951 3747 refert
2971 3689 3074 3746 sub
3098 3690 3182 3746 his
3202 3687 3384 3749 verbis
3407 3707 3423 3744 ε

618 3806 644 3840 ι
674 3786 829 3845 Circa
856 3786 1173 3843 securitates
1199 3785 1583 3858 designandas,
1614 3785 1690 3841 ita
1718 3785 1944 3843 dicimus
1977 3786 2122 3859 qnod
2149 3787 2399 3844 dominus
2434 3788 2726 3860 imperator
2757 3788 2908 3843 offert
2940 3785 3243 3844 cautionem
3264 3785 3425 3858 jura-

617 3882 828 3953 toriam,
862 3881 1236 3939 litteratoriam
1268 3887 1326 3938 et
1347 3880 1743 3954 fidejussoriam
1769 3899 1868 3956 per
1906 3898 2092 3955 reges,
2122 3883 2392 3957 principes
2427 3889 2482 3940 et
2507 3891 2785 3956 magnates
2824 3890 2878 3939 et
2911 3882 3132 3939 comites
3164 3881 3423 3939 locorum.

617 3981 866 4040 Preterea
892 3981 1035 4037 circa
1063 3980 1334 4054 predictas
1359 3980 1633 4038 cautiones
1658 3980 1946 4036 committit
1970 3995 2030 4037 se
2057 3980 2377 4038 ordinationi
2413 3980 2612 4037 domini
2641 3995 2782 4053 pape
2810 3987 2863 4035 et
2895 3983 3262 4035 tractatorum.
3287 3996 3316 4033 ιι

690 4081 767 4149 (2)
804 4079 864 4135 In
908 4093 1006 4135 suo
1039 4077 1301 4151 opusculo
1326 4077 1414 4134 cui
1444 4076 1635 4136 titulus
1672 4095 1686 4135 :
1721 4080 1846 4135 Vita
1870 4077 1933 4135 do·
1955 4078 2096 4152 frate
2121 4080 2251 4137 Elia
2278 4079 2551 4151 (Parmae,
2584 4078 2775 4148 4783),
2806 4076 3014 4134 monuit
3050 4077 3167 4134 Affo
3205 4075 3427 4136 fratrem

568 4237 571 4240 ,
620 4174 823 4233 Heliam
852 4174 922 4231 ab
945 4176 1266 4248 imperatore
1294 4175 1460 4233 fuisse
1495 4176 1868 4233 transmissum
1892 4182 1952 4232 ut
1979 4154 2384 4234 matrimonium
2410 4174 2552 4231 filiae
2591 4189 2721 4231 suae
2752 4189 2876 4230 cum
2917 4174 3131 4232 Vatacio
3159 4174 3427 4249 simulque

620 4277 860 4345 treugam
887 4272 1029 4330 inter
1054 4272 1374 4330 Balduinum
1402 4273 2046 4347 constantinopolitanum
2085 4274 2468 4346 imperatorem
2500 4277 2559 4328 et
2581 4272 2831 4329 eumdem
2866 4272 3148 4331 Vatacium
3175 4279 3426 4347 pertrac-

619 4373 781 4440 taret;
814 4370 884 4427 de
911 4385 1020 4443 quo
1043 4370 1373 4428 Matthaeum
1396 4371 1661 4430 Parisium
1692 4377 1883 4429 testem
1919 4372 2165 4428 advocat.
2193 4370 2498 4428 Matthaeus
2524 4385 2655 4428 vero
2681 4370 3079 4429 matrimonium
3104 4378 3163 4430 et
3188 4378 3429 4446 treugam

619 4466 687 4523 ad
718 4467 923 4540 primos
945 4484 1159 4526 menses
1185 4469 1309 4526 anni
1334 4470 1472 4528 ⁴244
1505 4477 1769 4527 memorat
1796 4470 1870 4543 (p.
1906 4470 2008 4525 448
2045 4474 2101 4525 et
2140 4469 2285 4540 434),
2313 4467 2531 4526 nomine
2558 4475 2740 4526 tamen
2784 4468 2964 4527 fratris
2998 4469 3186 4527 Heliae
3213 4469 3428 4527 omnino

620 4565 1022 4637 praetermisso.
1061 4565 1358 4638 Propterea
1396 4566 1559 4623 istam
1590 4581 1757 4638 quam
1794 4565 1971 4624 denuo
2012 4564 2223 4622 edimus
2267 4564 2545 4637 epistolam
2591 4546 2661 4623 ad
2705 4565 2808 4624 hoc
2849 4567 3116 4639 negotium
3163 4568 3432 4639 pertinere

618 4660 879 4734 suspicari
904 4662 1083 4736 potius
1108 4677 1271 4735 quam
1297 4661 1567 4722 affirmare
1592 4662 1739 4723 licet.

3535 1561 3761 1665 exteAuxiiligJ
