4364 5738
636 4298 889 4352 [Februario
923 4300 995 4344 vel

718 4353 912 4407 marum}

1071 596 1196 658 394
2073 604 2503 667 FRIDERICI
2551 604 2900 668 saeuum
3513 603 3678 688 [Am.
3714 605 3894 667 1246:

1071 745 1260 807 raret
1285 737 1478 831 quod
1508 758 1688 833 papa
1724 739 1812 811 de
1844 739 2199 834 proposito
2220 761 2348 812 suo
2378 740 2567 835 apud
2594 761 2722 813 vos
2744 737 2953 811 nichil
2982 738 3260 835 penitus
3282 739 3650 813 obtineret.
3675 742 3896 835 Super

1072 880 1214 952 quo
1245 861 1770 933 universitatem
1800 873 2104 935 vestram
2139 874 2332 936 tanto
2363 863 2648 936 liberius
2682 862 3165 958 prosequimur
3193 862 3569 953 gratiarum
3607 862 3893 937 actioni·

1073 985 1205 1056 bus
1243 996 1507 1078 quanto
1548 987 1748 1058 nobis
1795 987 2057 1078 gratius
2103 987 2494 1082 impensum
2534 1009 2663 1083 per
2701 1008 2827 1058 vos
2868 985 3223 1057 servitium
3279 994 3704 1080 reputamus.
3740 985 3892 1058 Non

1069 1131 1239 1181 vero
1265 1106 1366 1205 (a)
1394 1108 1841 1180 obmittemus
1870 1108 2038 1203 quin
2072 1106 2239 1182 fidei
2266 1121 2497 1182 vestre
2525 1109 2993 1184 constanciam
3020 1107 3321 1180 fideliter
3344 1106 3890 1201 fiducialiterque

1068 1234 1503 1327 requiramus
1533 1244 1615 1305 ut
1644 1233 1906 1305 nedum
1944 1234 2137 1327 quod
2167 1234 2483 1329 predicto
2511 1256 2690 1331 pape
2724 1232 3124 1307 adversario
3159 1244 3435 1324 nostro,
3472 1233 3741 1305 nunciis
3770 1243 3890 1304 aut

1068 1358 1314 1451 legatis
1336 1358 1550 1452 ipsius
1574 1367 1816 1430 contra
1841 1378 1971 1429 nos
1996 1358 2265 1430 occulte
2289 1360 2403 1430 vel
2433 1358 2709 1454 publice
2736 1357 3047 1447 faveatis,
3067 1378 3227 1430 cum
3262 1356 3463 1430 nobis
3490 1358 3722 1452 potius
3746 1367 3888 1429 toto

1068 1497 1268 1572 posse
1294 1476 1585 1547 viriliter
1604 1476 1965 1565 assistatis,
1986 1471 2110 1574 [et]
2131 1478 2397 1548 nullum
2428 1476 2824 1549 omnimode
2844 1476 3165 1547 nuntium
3189 1471 3370 1573 [vos]
3397 1477 3468 1547 in
3491 1487 3728 1550 nostra
3750 1476 3888 1549 dis-

1066 1600 1323 1695 pendia
1341 1611 1747 1672 convertere
1771 1600 2163 1697 cupientem
2182 1602 2622 1696 aliquatenus
2638 1600 3049 1690 admittatis;
3079 1622 3205 1696 pro
3225 1613 3416 1673 certo
3438 1603 3674 1673 scituri
3698 1602 3886 1696 quod

1067 1746 1226 1796 cum
1259 1747 1385 1820 per
1424 1745 1544 1796 eos
1577 1724 1897 1796 inchoata
1928 1734 2035 1797 est
2072 1734 2260 1797 tante
2297 1725 2701 1797 temeritatis
2742 1724 3032 1801 audacia
3065 1725 3256 1817 quod
3298 1724 3392 1797 ad
3431 1725 3884 1820 privationem

1066 1859 1375 1926 nostram
1392 1851 1588 1921 velut
1608 1849 1979 1942 cujuslibet
1994 1850 2442 1922 sacerdotalis
2473 1850 2928 1940 auctoritatis,
2941 1848 3243 1921 officium
3262 1870 3387 1920 sue
3388 1849 3883 1940 jurisdictionis

1066 1973 1494 2062 extendunt,
1533 1974 1761 2044 taliter
1785 1973 2148 2045 assistente
2176 1974 2379 2046 nobis
2406 1984 2477 2046 et
2501 1975 2755 2046 nostris
2788 1973 3065 2046 auxiliis
3095 1974 3387 2045 dextera
3416 1973 3619 2066 Regis
3642 1996 3882 2066 regum

1062 2120 1200 2191 que
1250 2118 1458 2192 supra
1499 2097 1838 2188 justitiam
1887 2097 2282 2188 comitatur,
2322 2097 2469 2169 istis
2516 2098 2873 2193 principiis
2915 2107 3342 2187 occurretur,
3378 2098 3761 2170 dummodo
3809 2120 3881 2170 se

1061 2222 1261 2295 nobis
1316 2222 1591 2293 illorum
1642 2221 1950 2317 potentia
1994 2244 2134 2294 non
2176 2231 2487 2316 opponat
2530 2243 2772 2313 regum
2818 2229 2889 2292 et
2932 2220 3322 2316 principum
3346 2272 3365 2309 ,
3404 2220 3666 2292 scilicet
3708 2227 3878 2314 quos

1058 2345 1516 2417 communiter
1555 2366 1761 2415 causa
1807 2355 2044 2417 nostra
2086 2345 2426 2436 contingit
2464 2354 2535 2416 et
2577 2366 2875 2437 quorum
2915 2366 3059 2416 non
3101 2344 3330 2416 minus
3368 2345 3664 2416 vertitur
3700 2345 3875 2417 inte·

1057 2490 1243 2539 resse
1275 2490 1486 2562 quam
1519 2478 1867 2557 nostrum,
1922 2469 2116 2562 quod
2145 2469 2467 2540 omnibus
2502 2478 2682 2540 terre
2716 2468 3064 2539 nobilibus
3107 2488 3387 2539 causam
3407 2469 3580 2560 justi
3619 2468 3875 2540 timoris

1056 2594 1126 2662 in
1174 2592 1425 2663 talibus
1474 2601 1710 2664 nostra
1753 2592 2063 2664 defensio
2109 2613 2252 2663 non
2294 2591 2664 2683 relinquet.
2703 2590 2908 2664 Inviti
2955 2600 3185 2663 tamen
3229 2591 3359 2662 hec
3398 2591 3690 2663 facimus
3733 2593 3872 2664 Deo

1054 2725 1259 2805 teste,
1295 2714 1419 2787 sed
1449 2716 1839 2787 necessario
1872 2716 2267 2811 provocati,
2299 2713 2512 2786 velud
2543 2714 2664 2808 qui
2691 2725 2887 2809 peste
2920 2713 3284 2808 multiplici
3308 2713 3870 2786 christianitatem

1052 2839 1305 2911 nostris
1349 2840 1777 2935 temporibus
1812 2840 2129 2912 videmus
2165 2840 2553 2931 astrictam,
2587 2836 2680 2911 ad
2715 2839 2914 2931 cujus
2946 2837 3286 2909 auxilium
3321 2837 3481 2910 totis
3511 2838 3868 2912 intendere

1050 2963 1315 3034 viribus
1343 2965 1819 3058 sperabamus.
1839 2964 2171 3056 Requirat
2198 2973 2434 3034 autem
2460 2963 2549 3035 de
2579 2983 2791 3033 manu
2828 2962 2980 3053 ejus
3006 2962 3136 3033 hec
3161 2962 3498 3033 Dominus
3527 2984 3654 3057 pro
3684 2973 3868 3035 tanto

1053 3087 1447 3159 discrimine
1479 3088 1668 3178 quod
1706 3086 1829 3157 toti
1857 3088 1998 3158 fere
2028 3087 2405 3181 reipublice
2437 3085 2806 3158 christiane
2839 3086 3144 3158 minatur
3171 3085 3520 3157 excidium
3553 3096 3626 3157 et
3657 3098 3867 3159 mate-

1051 3211 1223 3282 riam
1238 3208 1334 3305 (b)
1352 3209 1852 3280 subministrat.
1878 3211 2193 3281 Ceterum
2225 3211 2677 3282 devocionem
2698 3219 3001 3282 vestram
3025 3210 3386 3281 hortamur
3403 3220 3670 3282 attente
3697 3233 3865 3304 qua·

1052 3334 1238 3405 tinus
1270 3334 1338 3403 in
1372 3342 1598 3404 vestre
1638 3329 1854 3431 [fidei]
1889 3344 1961 3405 et
1985 3335 2389 3406 devocionis
2422 3335 2816 3406 constancia
2850 3335 3061 3405 robur
3091 3334 3480 3406 animorum
3511 3357 3863 3407 assumen-

1052 3468 1155 3529 tes
1183 3457 1443 3552 pariter
1466 3466 1536 3527 et
1555 3456 1910 3545 virtutem,
1940 3456 2037 3527 sic
2060 3466 2304 3528 contra
2326 3467 2599 3530 nostros
2626 3457 3060 3530 adversarios
3079 3457 3308 3528 velitis
3330 3457 3530 3529 nobis
3550 3469 3865 3553 potenter

1048 3581 1369 3654 assistere
1408 3580 1597 3674 quod
1638 3579 1730 3652 ad
1770 3580 2003 3652 omnia
2046 3601 2185 3673 que
2222 3580 2422 3652 vobis
2460 3580 2744 3654 honoris
2775 3590 2845 3652 et
2876 3579 3220 3652 commodi
3255 3592 3612 3653 cesserunt
3641 3583 3857 3654 incre-

1049 3715 1310 3795 ment0,
1342 3704 1705 3798 gaudeatis
1735 3725 1862 3775 nos
1894 3725 2170 3798 semper
2201 3703 2540 3796 gratiosos
2571 3714 2643 3776 et
2674 3703 3085 3776 favorabiles
3112 3704 3450 3777 invenire.

1155 4266 1578 4348 Fridericus
1595 4327 1618 4371 ,
1658 4267 2177 4348 Romanorum
2216 4264 2656 4373 imperator,
2701 4262 2992 4346 civibus
3031 4262 3515 4372 Spirensibus
3550 4261 3854 4343 mandat

1050 4398 1261 4508 quod
1323 4423 1500 4478 cum
1549 4422 1746 4504 papa
1808 4397 1889 4477 in
1945 4397 2430 4480 Germaniam
2484 4396 3014 4479 Ferrarensem
3083 4394 3404 4477 electum
3458 4405 3723 4478 contra
3777 4418 3852 4473 se

1132 4598 1214 4679 (a)
1258 4600 1328 4659 In
1356 4597 1489 4657 cod.
1519 4603 1588 4657 ut
1612 4594 1798 4657 velud.

1127 4703 1210 4785 (b)
1256 4705 1328 4764 In
1360 4705 1561 4764 codice
1587 4709 1883 4762 naturam.
