4364 5738
1062 573 1145 633 ⁴0
2061 566 2489 627 tammum
2539 566 2887 627 saeuum
3502 567 3662 647 [Axii.
3700 569 3871 630 1242.

1066 706 1443 800 reipublice
1492 703 1784 774 utilitate
1829 701 1930 797 (a)
1972 702 2291 774 videatur
2341 702 2772 795 potissimum
2818 699 3188 793 expedire,
3235 699 3426 792 quod
3470 714 3878 798 conceptum

1067 830 1161 904 ad
1187 839 1420 924 partes
1454 828 1638 922 ipsas
1668 826 2044 898 adventum
2082 836 2154 895 et
2193 823 2550 918 presencie
2590 834 2822 895 nostre
2867 822 3297 916 propositum
3330 823 3676 895 internum
3721 848 3879 920 pro·

1072 952 1345 1025 trahere
1378 951 1900 1044 compellamur,
1937 957 2391 1043 procurantes
2423 947 2494 1017 in
2526 946 2660 1017 hiis
2691 946 3006 1041 partibus
3052 946 3280 1036 majus
3316 946 3533 1018 tocius
3568 947 3878 1020 christia-

1067 1077 1300 1148 nitatis
1343 1073 1744 1166 negocium,
1803 1071 1994 1165 quod
2047 1072 2249 1143 nobis
2302 1082 2372 1142 et
2421 1070 2714 1165 imperio
2764 1069 2857 1141 ad
2911 1070 3426 1163 promocionem
3476 1072 3881 1144 universalis

1068 1210 1285 1273 status
1324 1198 1647 1271 occurrit.
1700 1197 1769 1267 Si
1809 1216 1950 1288 qua
2002 1195 2208 1265 etiam
2256 1203 2417 1265 sunt
2458 1195 2572 1265 vel
2621 1193 2891 1265 modica
2933 1192 3022 1263 de
3073 1193 3328 1286 quibus
3376 1196 3627 1266 nostris
3668 1195 3879 1267 bene·

1068 1324 1337 1419 placitis
1379 1343 1520 1393 non
1577 1320 1785 1391 fuerit
1828 1319 2289 1408 satisfactum,
2337 1318 2676 1389 instanter
2723 1316 3149 1388 intendimus
3196 1317 3457 1409 absque
3508 1317 3880 1391 dificultate

1065 1446 1373 1539 qualibet
1411 1441 1840 1515 confidentes
1884 1439 1977 1512 ad
2026 1451 2261 1512 nostra
2303 1442 2678 1512 reformare
2726 1440 3081 1531 mandata,
3126 1450 3205 1510 ut
3238 1440 3491 1512 nostris
3512 1441 3787 1532 juribus
3813 1451 3882 1513 et

1070 1569 1288 1640 titulis
1331 1574 1819 1659 aggregentur,
1875 1585 2012 1656 que
2063 1564 2332 1635 dudum
2389 1584 2515 1657 pro
2559 1562 2960 1634 diversitate
3005 1583 3238 1634 rerum
3294 1573 3365 1633 et
3413 1564 3742 1659 temporis
3792 1566 3882 1637 ab

1072 1691 1342 1786 imperii
1397 1698 1717 1784 poterant
1769 1687 2077 1759 dominio
2130 1687 2463 1782 separari.
2519 1687 2843 1758 volentes
2892 1687 3103 1778 igitur
3147 1686 3471 1757 absencie
3520 1697 3753 1759 nostre
3795 1689 3884 1761 ad

1075 1825 1349 1909 tempus
1400 1811 1683 1905 aliquod
1731 1810 2056 1906 supplere
2097 1810 2481 1899 defectum,
2527 1810 2598 1881 in
2646 1811 2955 1882 adventu
2997 1808 3228 1882 dilecti
3276 1807 3395 1880 filii
3439 1812 3654 1882 nostri
3699 1813 3882 1883 Hen-

1077 1938 1196 2009 rici
1224 1936 1506 2008 illustris
1530 1936 1710 2027 regis
1737 1933 2057 2005 Turrium
2082 1943 2154 2004 et
2180 1934 2610 2024 Gallurrum,
2645 1934 2822 2006 sacri
2872 1933 3141 2027 imperii
3192 1933 3264 2003 in
3311 1933 3502 2004 Italia
3546 1937 3887 2024 generalis

1077 2062 1313 2153 legati,
1353 2059 1780 2155 providimus
1816 2057 2177 2149 advenire,
2215 2059 2441 2154 ipsum
2480 2059 2551 2129 in
2582 2058 3065 2131 Lombardiam
3092 2058 3398 2128 collectis
3425 2059 3884 2153 undecunque

1075 2184 1383 2258 fidelium
1428 2195 1823 2256 nostrorum
1864 2182 2129 2254 viribus
2166 2184 2681 2278 premittenteS,
2717 2182 2829 2254 cui
2876 2181 3197 2254 dedimus
3227 2181 3553 2253 miliciam
3594 2204 3687 2254 ex
3722 2184 3883 2256 Ger-

1075 2310 1303 2382 manic
1345 2308 1655 2403 partibus
1700 2316 2096 2397 evocatam,
2139 2328 2351 2399 quam
2393 2306 2466 2377 in
2510 2306 2711 2378 brevi
2756 2328 2916 2378 cum
2958 2327 3043 2377 eo
3086 2304 3432 2377 credimus
3475 2307 3880 2400 convenire,

1072 2454 1214 2504 una
1238 2432 1597 2504 vobiscum
1626 2431 1872 2502 eodem
1905 2451 2069 2521 rege
2094 2429 2273 2501 duce
2295 2440 2366 2501 et
2393 2440 2686 2524 patrono
2719 2426 2809 2526 (Ρ)
2840 2449 3317 2524 processuram
3340 2429 3472 2500 sub
3500 2431 3890 2503 victricibus

1076 2556 1346 2650 imperii
1382 2554 1631 2645 aquilis
1669 2562 1912 2624 contra
1947 2551 2210 2623 bosteS.
2248 2552 2476 2637 Quare
2518 2553 2929 2625 mandamus
2970 2548 3096 2650 [et]
3126 2553 3544 2647 precipimus
3578 2552 3887 2627 fidelitati

1076 2686 1307 2747 vestre
1372 2676 1698 2768 quatinus
1749 2674 1977 2745 eidem
2044 2674 2190 2766 regi
2249 2672 2389 2747 filio
2442 2685 2681 2747 nostro
2702 2728 2724 2766 ,
2779 2676 2902 2769 qui
2946 2674 3148 2747 vobis
3201 2696 3425 2768 usque
3483 2676 3577 2749 ad
3623 2678 3889 2750 felicem

1078 2800 1457 2873 adventum
1490 2810 1800 2872 nostrum
1837 2798 2052 2895 patris
2092 2799 2510 2894 presentiam
2546 2799 3006 2896 presentabit,
3043 2798 3134 2871 dc
3179 2799 3491 2872 exercitu
3536 2800 3881 2893 faciendo,

1079 2923 1170 2995 ad
1204 2945 1411 3016 quem
1458 2946 1585 2996 vos
1629 2924 1840 2995 armis
1884 2933 1956 2995 et
1997 2924 2197 3016 equis
2237 2924 2504 2996 dudum
2552 2924 3039 2995 mandavimus
3087 2924 3481 3018 preparari,
3531 2936 3603 2995 et
3645 2926 3888 2998 ceteris

1079 3048 1432 3139 omnibuS,
1484 3069 1620 3142 que
1668 3057 1981 3119 nostrum
2030 3057 2101 3119 et
2152 3049 2424 3143 imperii
2463 3047 2799 3120 honorem
2846 3045 3228 3141 respiciunt
3275 3057 3347 3118 et
3386 3058 3758 3142 procurant
3793 3049 3889 3119 in·

1081 3169 1388 3243 fidelium
1421 3192 1684 3260 casum,
1718 3170 2004 3242 obedire
2036 3182 2388 3265 tamquam
2422 3191 2716 3265 persone
2757 3179 2991 3241 nostre
3030 3178 3101 3240 et
3132 3169 3494 3241 intendere
3525 3171 3882 3260 studeatiS,

1084 3294 1244 3364 totis
1286 3294 1551 3366 viribus
1584 3301 2023 3384 assurgentes
2072 3303 2150 3364 ut
2188 3295 2396 3385 juxta
2453 3293 2963 3365 ordinationem
3012 3302 3085 3364 et
3127 3293 3641 3387 requisitionem
3695 3316 3886 3366 suam

1082 3425 1300 3488 status
1354 3418 1563 3488 vestri
1614 3426 2106 3510 promoveatur
2152 3417 2414 3488 utilitas
2461 3427 2533 3488 et
2581 3415 2803 3488 honor
2854 3416 3122 3510 imperii
3174 3417 3532 3511 prostratis
3578 3418 3890 3489 hostibus

1082 3541 1485 3612 continuum
1549 3541 1834 3634 recipiat
1886 3541 2429 3632 incrementum3
2499 3541 2877 3612 scientibus
2934 3540 3136 3612 vobis
3184 3549 3255 3612 et
3313 3541 3771 3613 existentibus
3819 3542 3889 3612 in

1081 3663 1287 3735 certis
1320 3662 1512 3755 quod
1547 3663 1852 3756 presenti
1879 3664 2157 3755 negotio
2191 3664 2381 3756 quod
2415 3663 2750 3737 habemus
2786 3664 2981 3735 velut
3014 3664 3450 3756 negotiorum
3485 3666 3888 3761 precipuum

1078 3797 1472 3859 nostrorum
1516 3786 1610 3857 ad
1649 3795 1885 3856 nostra
1936 3787 2280 3858 desideria
2326 3787 2688 3882 expedito,
2741 3787 2835 3859 ad
2871 3809 2997 3859 vos
3036 3808 3276 3879 gressu
3322 3788 3531 3859 celeri
3574 3796 3891 3882 potenter

1080 3921 1150 3982 et
1190 3910 1481 3981 feliciter
1519 3908 1912 3998 veniemus,
1950 3910 2298 4004 presentie
2335 3921 2568 3982 nostre
2614 3908 2885 4004 copiam
2935 3910 3222 4003 singulis
3270 3911 3522 3983 nostris
3572 3908 3890 3983 fidelibus

1079 4032 1452 4126 impensuri
1512 4032 1604 4104 ad
1662 4031 1970 4123 quietem
2020 4033 2417 4105 continuam
2476 4044 2694 4105 status
2752 4033 2999 4124 vestri,
3056 4035 3350 4104 salutem
3414 4030 3762 4128 publicam
3822 4041 3890 4103 et

1082 4155 1448 4248 expectiva
1481 4155 1734 4246 gaudia
1768 4155 2228 4247 singulorum.

1177 4276 1428 4346 Datum
1458 4278 1782 4373 Neapoli,
1817 4279 1908 4349 111
1936 4279 2126 4371 maii,
2163 4280 2286 4351 XV
2318 4278 2721 4351 indictione.

1167 4502 1252 4584 (a)
1296 4505 1367 4565 In
1397 4504 1647 4566 chartul.
1675 4505 1943 4569 utilitati.
