4364 5738
1017 587 1140 648 233
2016 581 2438 644 tammum
2488 583 2832 646 saeuum
3456 588 3618 670 [An.
3655 589 3830 653 1245.

1024 713 1571 810 submergend03
1615 734 1810 786 sacra
1841 714 2026 808 cepit
2062 714 2347 810 insuper
2376 719 2704 814 mysteria
2739 718 3146 813 profanare,
3183 719 3351 793 dum
3390 731 3491 794 tot
3516 736 3836 818 peccato-

1024 864 1178 915 rum
1223 839 1546 913 funiculis
1584 837 1941 930 alligatus,
1986 846 2087 909 tot
2120 841 2916 913 excommunicationum
2954 843 3218 914 catenis
3254 865 3574 916 annexus
3605 855 3677 917 et
3710 846 3835 917 Sa·

1025 975 1184 1037 tane
1227 963 1547 1051 traditus,
1583 981 1817 1032 coram
1853 980 1928 1031 se
1961 970 2196 1054 preter
2231 983 2495 1034 morem
2530 963 2827 1035 faciebat
2863 964 3106 1036 missas
3137 965 3568 1059 frequentius
3596 967 3688 1038 ab
3718 989 3841 1039 ex-

1022 1085 1546 1160 communicatis
1592 1092 1663 1155 et
1703 1083 2100 1175 degradatis
2138 1085 2562 1180 presbyteris
2602 1087 2977 1177 celebrari,
3013 1097 3086 1159 et
3121 1086 3518 1180 hujusmodi
3552 1099 3624 1161 et
3665 1090 3840 1162 alios

1022 1210 1418 1283 sacerdotes
1463 1208 1758 1301 cogebat
1793 1205 2034 1278 missas
2069 1217 2140 1278 et
2171 1207 2307 1279 alia
2355 1208 2590 1281 divina
2636 1209 2863 1282 officia
2906 1210 3182 1304 populis
3226 1212 3841 1285 excommunicatis

1021 1334 1228 1406 altius
1259 1334 1657 1405 decantare.
1703 1329 2039 1424 Spoliavit
2077 1330 2287 1402 etiam
2319 1352 2564 1403 omnes
2603 1332 2929 1404 ecclesias
2969 1333 3166 1424 regni
3208 1333 3316 1404 sui
3360 1334 3595 1406 sericis
3628 1357 3835 1408 orna·

1022 1457 1302 1545 mentis,
1342 1455 1707 1542 calicibus,
1741 1453 2099 1542 crucibus,
2138 1452 2504 1526 thuribulis
2536 1465 2606 1526 et
2633 1455 3047 1547 imaginibus
3081 1457 3462 1548 argenteis,
3499 1480 3636 1551 que
3670 1480 3836 1531 con-

1024 1581 1188 1652 flata
1216 1590 1285 1649 et
1316 1579 1533 1648 fracta
1559 1578 1628 1646 in
1663 1575 2147 1669 stipendiarios
2172 1576 2426 1648 milites
2462 1578 2852 1668 dividebat;
2892 1590 2963 1649 et
2993 1579 3102 1650 sui
3128 1580 3453 1651 Saraceni
3480 1581 3837 1653 manifeste

1024 1704 1362 1776 ludebant
1389 1723 1599 1795 super
1624 1699 1946 1770 crucibus
1972 1709 2044 1771 et
2074 1699 2489 1791 imaginibus
2515 1723 2690 1793 quas
2711 1701 2803 1773 ad
2826 1702 3085 1774 caudas
3104 1702 3577 1793 jumentorum
3607 1714 3839 1776 traxe-

1027 1837 1183 1900 rant
1221 1826 1311 1898 ad
1350 1825 1658 1914 taxilloS,
1705 1823 1917 1893 sacris
1961 1822 2297 1894 altaribus
2339 1844 2481 1894 non
2515 1834 2878 1918 parcentes
2919 1826 3090 1918 quin
3128 1826 3336 1917 juxta
3380 1826 3528 1921 ipsa
3565 1829 3838 1922 publice

1025 1974 1149 2024 sue
1182 1948 1486 2021 libidinis
1520 1948 1820 2019 obscena
1861 1945 2158 2017 ludibria
2202 1957 2613 2018 exercerent
2646 2000 3553 2022 ............
3591 1949 3839 2023 Adhuc

1024 2086 1258 2149 autem
1291 2074 1420 2144 iste
1455 2070 1829 2161 sacrilegus
1869 2069 2308 2140 venerandas
2346 2068 2683 2161 imagines
2723 2080 2794 2141 et
2837 2079 3233 2142 sanctorum
3280 2072 3607 2164 reliquias
3649 2074 3841 2145 velut

1025 2199 1396 2298 peripsima
1437 2189 1948 2282 conculcando,
1994 2192 2467 2264 cathedralem
2509 2193 2872 2265 ecclesiam
2912 2182 3210 2266 civitatis
3249 2194 3515 2266 Amelie
3555 2218 3692 2289 que
3738 2208 3841 2268 est

1024 2325 1096 2394 in
1136 2319 1547 2418 patrimonio
1576 2319 1781 2409 juxta
1820 2314 2205 2387 viterbium
2246 2315 2598 2386 subversis
2632 2316 2964 2387 altaribus
2995 2316 3159 2388 fecit
3194 2339 3463 2408 arcem,
3506 2319 3839 2414 baptiste·

1027 2447 1205 2518 rium
1257 2445 1327 2513 in
1382 2441 1731 2513 clibanum
1778 2437 2291 2528 transferendO,
2340 2439 2652 2533 projecto
2708 2450 2907 2512 extra
2953 2440 3302 2514 civitatem
3350 2463 3475 2536 per
3521 2443 3840 2515 comitem

1025 2569 1375 2641 Simonem
1407 2583 1697 2657 corpore
1739 2570 1976 2632 sancte
2018 2561 2273 2631 femine
2309 2561 2380 2632 in
2417 2563 2614 2654 cujus
2641 2562 2922 2634 nomine
2955 2563 3182 2635 fuerat
3214 2564 3362 2659 ipsa
3394 2566 3683 2638 ecclesia
3713 2566 3837 2638 de·

1027 2689 1254 2764 dicata
1291 2736 2038 2761 ..........
2077 2684 2273 2778 Cepit
2308 2686 2677 2756 concilium
2718 2687 3176 2781 prelatorum,
3217 2688 3603 2760 cardinales
3638 2691 3839 2761 etiam

1028 2825 1099 2889 et
1130 2811 1522 2910 Apostolice
1564 2810 1762 2883 Sedis
1799 2810 2099 2901 legatoS‚
2143 2830 2320 2902 quos
2355 2809 2871 2882 circumducere
2906 2830 3049 2882 non
3083 2811 3369 2905 expavit
3404 2812 3713 2907 captivos
3748 2813 3840 2886 ad

1028 2962 1152 3012 sue
1180 2935 1710 3010 ostentationem
1741 2933 2056 3022 victorie,
2098 2932 2169 3002 in
2202 2933 2508 3004 Ecclesie
2541 2933 3032 3005 contumeliam
3069 2944 3140 3005 et
3179 2935 3652 3007 confusionem
3682 2957 3839 3030 per·

1032 3070 1348 3156 petuam,
1388 3077 1515 3150 per
1550 3055 1863 3125 civitates
1905 3063 1977 3125 et
2009 3054 2268 3148 oppida
2305 3054 2548 3125 Tuscie
2588 3076 2672 3125 ac
2715 3076 3004 3146 regnum
3032 3054 3282 3150 Apulie
3320 3057 3519 3128 Sedis
3548 3056 3839 3152 Aposto-

1031 3183 1161 3254 lice
1195 3177 1682 3275 patrimonium
1716 3176 2038 3269 speciale.
2079 3177 2336 3247 Verum
2377 3199 2469 3248 ex
2507 3177 2673 3272 ipsis
2716 3178 2972 3248 multos
3011 3178 3288 3250 necavit
3326 3180 3651 3251 atrocitas
3690 3201 3839 3251 car·

1032 3305 1242 3394 ceris,
1284 3299 1710 3374 crudelitatis
1741 3299 2009 3370 insania
2042 3320 2255 3391 quam
2288 3299 2602 3370 exercuit
2641 3299 2713 3370 in
2755 3299 3039 3372 eosdem
3083 3309 3225 3372 tam
3256 3302 3599 3375 antistites
3635 3325 3841 3396 quam

1029 3428 1344 3515 abbates»,
1385 3421 1761 3494 monachos
1793 3432 1863 3493 et
1895 3421 2182 3493 clericos
2219 3423 2589 3493 seculares.
2623 3422 2974 3507 Quosdam
3013 3433 3248 3495 autem
3284 3425 3406 3517 qui
3435 3424 3562 3496 vix
3600 3445 3836 3496 evase·

1032 3559 1193 3621 runt
1233 3549 1329 3619 ita
1371 3545 1747 3617 maceravit
1787 3543 2212 3636 ergastulum
2255 3553 2326 3614 et
2365 3543 2685 3635 egritudo
2730 3543 3056 3616 chronica
3105 3545 3205 3617 sic
3246 3546 3491 3618 afflixit
3535 3546 3726 3638 quod
3769 3546 3839 3617 in

1031 3675 1129 3746 eis
1162 3692 1519 3765 nunquam
1552 3668 1846 3763 sospitas
1880 3667 2169 3762 pristine
2202 3666 2622 3739 valetudinis
2646 3668 2794 3758 Jam
2828 3668 3082 3762 poterit
3103 3670 3405 3764 reparari
3414 3721 3835 3741 ......

1034 3843 1861 3871 ...........
1898 3791 2126 3863 Claret
2154 3790 2364 3881 igitur
2397 3812 2490 3862 ex
2521 3791 2871 3886 premissis
2903 3792 3220 3864 subnixis
3244 3794 3521 3888 publica
3552 3793 3843 3865 veritate

1027 3921 1215 4016 quali
1250 3920 1337 3991 sit
1368 3915 1710 3990 sententia
1748 3913 2060 3985 ferienda
2090 3913 2162 3983 in
2203 3912 2360 3985 filiis
2394 3911 2547 4010 (sic)
2590 3923 2731 3985 tam
2774 3916 3185 3988 execrabilis
3229 3915 3687 4011 prophanatio
3734 3915 3841 3988 di·

1028 4044 1172 4116 vini
1201 4043 1428 4115 cultus
1462 4051 1531 4112 et
1559 4037 1897 4126 nominis,
1941 4044 2204 4130 quanta
2242 4058 2424 4130 pena
2464 4036 2942 4131 corripiendus
2979 4046 3121 4110 tam
3155 4038 3513 4134 improbus
3544 4039 3842 4112 clavium

1028 4167 1348 4255 violator,
1410 4175 1550 4235 tam
1612 4170 1991 4234 contumax
2044 4158 2503 4230 ecclesiastice
2552 4181 2845 4232 censure
2890 4169 3328 4256 contemptor
3371 4172 3443 4234 et
3490 4183 3841 4235 sacrorum

1032 4288 1340 4360 omnium
1375 4285 1742 4382 impudens
1773 4284 2240 4373 conculcator,
2282 4282 2800 4356 crudelissimus
2844 4283 3011 4356 cleri
3048 4293 3357 4376 necator,
3397 4286 3844 4381 interemptor

1034 4408 1157 4482 filii
1187 4419 1396 4502 atque
1434 4408 1647 4503 patris
1672 4417 1743 4479 et
1772 4407 2082 4480 omnium
2118 4406 2624 4477 immanitatum
2660 4407 3015 4502 princeps,
3054 4407 3490 4480 doctissimus
3527 4418 3599 4480 et
3629 4410 3844 4481 famo-

1032 4554 1151 4605 sus
1189 4532 1395 4603 etiam
1433 4540 1895 4622 transgressor
1929 4529 2240 4602 omnium
2289 4551 2427 4623 que
2474 4529 2841 4623 promittit3
2898 4530 3134 4624 itaque
3182 4531 3374 4602 nulla
3406 4540 3637 4625 potest
3684 4551 3844 4602 cau·

1035 4656 1220 4731 tione
1262 4653 1459 4748 ligari
1497 4703 2488 4725 .............
2495 4737 2508 4748 ³
2550 4704 2569 4724 .
2622 4654 2941 4725 Ceterum
2980 4651 3095 4725 hic
3144 4653 3493 4726 secundus
3536 4654 3845 4728 Herodes
