4364 5738
996 565 1113 625 180
1993 564 2416 627 annalcl
2468 566 2818 627 SECUNDI
3431 565 3596 643 [Anu.
3635 567 3805 626 1244.

991 700 1111 771 ubi
1150 721 1405 794 pascua
1438 709 1598 771 sunt
1633 721 1833 770 usum
1875 700 2206 793 pascendi
2242 723 2481 772 eorum
2516 700 2842 772 animalia
2875 700 2944 769 in
2976 710 3388 793 perpetuum
3423 698 3712 790 habere,
3748 711 3816 772 et

991 834 1071 894 ut
1103 845 1357 917 aquam
1389 823 1478 895 de
1525 822 1735 893 fluvio
1777 822 1992 894 Piscie
2045 835 2282 895 nostra
2328 824 2749 897 authoritate
2802 834 3013 916 atque
3057 822 3333 894 licentia
3376 822 3469 895 ad
3523 824 3813 919 predicti

994 948 1353 1042 hospitalis
1392 946 1760 1018 utilitatem
1793 947 1905 1018 vel
1957 947 2359 1020 molendina
2406 949 2664 1021 ducere
2715 958 2923 1041 atque
2970 946 3287 1019 derivare
3332 945 3480 1019 sine
3526 949 3814 1040 alicujus

992 1072 1537 1145 contradictione
1575 1072 1687 1144 vel
1731 1072 2219 1144 contrarietate
2253 1095 2379 1168 pro
2415 1075 2598 1145 velle
2630 1094 2757 1145 suo
2801 1073 3070 1167 possint
3109 1082 3179 1142 et
3211 1071 3491 1143 saciant.
3530 1072 3815 1168 Insuper

991 1195 1436 1267 concedimus
1477 1196 1665 1268 dicto
1711 1195 2034 1290 hospitali
2082 1196 2151 1267 in
2197 1207 2613 1293 perpetuum
2658 1196 3013 1291 quoddam
3063 1217 3311 1267 nemus
3348 1196 3420 1265 in
3454 1196 3610 1268 loco
3654 1217 3808 1291 pre·

991 1320 1176 1393 dicto
1212 1320 1532 1393 Cerbaria
1566 1320 1688 1391 uhi
1722 1320 1974 1392 dicitur
2001 1321 2379 1413 Semineta,
2417 1320 2596 1393 sicut
2627 1344 2752 1416 per
2784 1321 2990 1413 longa
3022 1330 3332 1415 tempora
3367 1320 3594 1415 ipsum
3626 1322 3808 1416 paci·

990 1444 1118 1516 fice
1165 1446 1384 1517 tenuit
1420 1455 1492 1516 et
1536 1445 1802 1537 quiete,
1851 1456 1921 1517 et
1966 1445 2343 1538 quamdam
2392 1447 2677 1519 domum
2719 1446 2840 1516 uhi
2882 1445 3136 1517 dicitur
3163 1444 3375 1516 Podio
3415 1444 3504 1516 de
3540 1445 3809 1542 Greppo

991 1590 1206 1665 prope
1251 1569 1551 1661 burgum
1604 1569 1867 1640 Galleni
1921 1592 2078 1640 cum
2136 1571 2461 1643 omnibus
2502 1571 2787 1662 justitiis
2840 1579 2912 1640 et
2961 1569 3395 1664 pertinentiis
3443 1569 3609 1640 suis.
3666 1570 3808 1654 Que

992 1695 1242 1766 domus
1288 1715 1380 1764 ex
1425 1694 1831 1765 concambio
1869 1696 2051 1766 facto
2098 1717 2256 1765 cum
2308 1695 2630 1789 hospitali
2677 1694 2909 1765 Sancti
2956 1694 3231 1765 Martini
3272 1694 3362 1765 de
3406 1694 3683 1787 Greppo
3722 1693 3808 1765 ad

993 1820 1143 1909 ejus
1189 1826 1602 1914 potestatem
1654 1817 1961 1889 devenit.
2004 1818 2342 1890 Volumus
2391 1819 2600 1891 etiam
2648 1830 2718 1889 et
2774 1817 3194 1913 precipimus
3236 1829 3582 1910 quatenus
3630 1817 3806 1889 idem

989 1941 1327 2036 hospitale
1362 1954 1431 2013 et
1473 1943 1718 2013 fratres
1761 1942 1831 2012 in
1867 1952 2079 2014 strata
2112 1942 2391 2037 publica
2428 1942 2952 2037 peregrinorum
2989 1943 3196 2033 juxta
3230 1942 3573 2013 Ficeclum
3606 1963 3810 2037 super

988 2067 1279 2138 fluvium
1310 2066 1479 2138 Arni
1512 2065 1652 2137 albi
1691 2066 1810 2137 ubi
1852 2066 2073 2158 magis
2113 2066 2320 2139 suerit
2356 2066 2777 2162 expedienS,
2816 2066 2908 2138 ad
2940 2066 3426 2138 necessitatem
3460 2076 3811 2138 transeun-

991 2193 1162 2264 tium
1216 2203 1499 2287 pontem
1548 2191 1852 2264 habeant
1902 2202 1971 2263 et
2003 2193 2261 2265 faciant
2291 2193 2556 2286 absque
2600 2192 2893 2283 alicujus
2943 2214 3237 2287 persone
3269 2191 3805 2264 contradictione

987 2319 1100 2389 vel
1158 2317 1681 2413 impedimento.
1736 2317 1808 2388 Si
1854 2339 2022 2389 vero
2071 2327 2355 2412 pontem
2398 2317 2801 2410 insurgente
2854 2317 3306 2389 inundatione
3360 2316 3473 2387 vel
3511 2316 3804 2388 necessi·

988 2451 1129 2514 tate
1175 2443 1409 2539 aliqua
1450 2463 1593 2514 non
1648 2440 2056 2532 habuerint,
2107 2444 2434 2514 volumus
2485 2454 2563 2514 ut
2614 2463 2868 2514 navem
2915 2441 3220 2513 habeant
3264 2441 3358 2513 ad
3410 2440 3804 2537 peregrinos

989 2564 1451 2636 traducendos
1496 2566 1644 2636 sine
1691 2566 1925 2657 aliquo
1971 2567 2230 2659 pretio,
2276 2565 2588 2660 nullique
2634 2587 2942 2659 unquam
2990 2566 3105 2636 alii
3152 2587 3447 2660 persone
3491 2566 3605 2637 vel
3650 2586 3801 2636 cum

987 2689 1209 2782 pretio
1239 2690 1350 2760 vel
1389 2688 1537 2760 sine
1570 2690 1794 2783 pretio
1822 2689 1917 2761 ibi
1951 2711 2201 2762 navem
2239 2690 2543 2784 aliquam
2572 2713 2699 2785 pro
2735 2690 3250 2761 transeuntibus
3284 2689 3490 2760 liceat
3519 2687 3795 2760 hahere.

985 2812 1273 2907 Insuper
1303 2813 1750 2886 concedimus
1777 2826 1849 2887 et
1880 2814 2219 2910 imperiali
2247 2813 2666 2887 authoritate
2698 2812 2985 2885 firmiter
3016 2813 3436 2910 precipimus
3467 2821 3805 2905 quatenus

985 2938 1277 3031 predicti
1328 2940 1574 3010 fratres
1616 2939 2064 3034 ipsorumque
2105 2926 2525 3033 'adscriptitii
2576 2948 2647 3010 et
2685 2938 2993 3011 universi
3034 2959 3275 3009 eorum
3321 2935 3638 3010 homines
3680 2958 3802 3032 pro

984 3082 1424 3155 quacumque
1484 3063 1891 3135 necessitate
1949 3064 2061 3135 vel
2119 3062 2401 3154 negotio
2446 3082 2573 3134 suo
2619 3062 2835 3134 libere
2896 3061 3162 3133 vadant
3220 3069 3291 3132 et
3341 3060 3627 3133 veniant
3682 3079 3803 3153 per

986 3185 1468 3257 Lombardiam
1520 3197 1734 3259 totam
1779 3197 1850 3258 et
1897 3188 2254 3276 Tusciam,
2301 3196 2371 3258 et
2402 3186 2793 3282 specialiter
2830 3208 2957 3280 per
3001 3185 3318 3256 Pisanam
3359 3183 3692 3256 diocesim
3736 3193 3802 3254 et

989 3318 1202 3381 totam
1247 3312 1399 3402 ejus
1449 3312 1721 3384 fortiam
1775 3322 1845 3383 et
1889 3334 2016 3408 per
2060 3313 2553 3385 Vulterranum
2610 3323 2683 3385 et
2729 3313 3110 3383 Lucensem
3162 3309 3631 3406 episcopatus,
3683 3328 3802 3402 per

989 3444 1204 3507 totam
1235 3435 1741 3527 Garfagnanam
1774 3447 1844 3510 et
1874 3439 2132 3510 vallem
2163 3438 2380 3529 Lime,
2418 3460 2542 3533 per
2575 3447 2753 3509 totas
2783 3436 3025 3532 AlpeS,
3053 3458 3181 3532 per
3214 3445 3426 3507 totam
3448 3434 3800 3506 Versiliam

989 3566 1347 3651 totumque
1397 3560 1867 3655 episcopatum
1921 3562 2308 3633 Lunensem
2352 3572 2422 3633 et
2464 3562 2882 3655 generaliter
2924 3583 3050 3655 per
3092 3571 3303 3634 totam
3347 3558 3611 3631 Italiam
3647 3558 3798 3629 ubi·

985 3703 1285 3775 cumque
1354 3684 1703 3757 voluerint
1768 3708 2065 3779 suasque
2121 3707 2233 3757 res
2288 3696 2358 3757 et
2426 3686 2562 3757 alia
2605 3707 3044 3780 quecumque
3112 3683 3484 3756 habuerint
3543 3683 3800 3775 absque

985 3805 1174 3877 omni
1209 3806 1405 3898 data,
1452 3809 1772 3898 angaria,
1810 3810 2257 3904 parangaria,
2301 3809 2598 3903 pedagio
2633 3808 2963 3903 omnique
3005 3808 3397 3880 transitorio
3438 3808 3553 3879 vel
3593 3827 3799 3878 exac-

984 3928 1170 4001 tione
1214 3929 1430 4002 libere
1469 3942 1923 4026 permaneant
1954 3929 2140 4028 (sic);
2179 3932 2552 4025 nullusque
2598 3931 2882 4004 omnino
2927 3932 2997 4003 in
3043 3931 3361 4003 domibus
3402 3951 3642 4001 eorum
3688 3930 3798 4001 vel

981 4054 1456 4128 mansionibus
1501 4058 1806 4150 aliquem
1849 4057 2279 4128 incarcerare
2320 4057 2432 4129 vel
2479 4057 2748 4150 aliquas
2792 4077 3148 4151 pressuras
3196 4076 3526 4127 exercere
3567 4075 3799 4148 presu-

983 4189 1150 4251 mat.
1196 4181 1650 4254 Concedimus
1690 4182 1971 4253 demum
2006 4191 2078 4253 et
2115 4179 2605 4253 confirmamus
2645 4182 2715 4252 in
2758 4191 3171 4276 perpetuum
3210 4178 3438 4251 eidem
3478 4177 3797 4272 hospitali

982 4302 1072 4373 de
1117 4302 1604 4375 abundantiori
1646 4306 1869 4398 gratia
1913 4316 2148 4377 nostra
2194 4304 2534 4399 hospitale
2586 4306 2732 4378 sive
2780 4304 3142 4376 ecclesiam
3181 4303 3270 4375 de
3303 4304 3562 4375 Rosara
3599 4301 3797 4372 sitam

984 4444 1200 4518 prope
1234 4425 1574 4498 Ficeclum
1619 4428 1690 4499 in
1724 4451 1862 4522 qua
1896 4430 2187 4502 ecclesia
2231 4428 2599 4524 imperium
2634 4428 2844 4500 habet
2869 4428 2985 4519 jus
3021 4435 3425 4523 patronatus
3457 4446 3615 4495 cum
3647 4446 3795 4496 om-

982 4547 1190 4621 nibus
1233 4550 1616 4623 rationibus
1667 4564 1739 4625 et
1789 4554 1992 4626 bonis
2037 4555 2217 4645 suis,
2276 4554 2456 4626 sicut
2498 4552 2840 4626 Corradus
2890 4550 3310 4623 venerabilis
3356 4547 3683 4620 Metensis
3731 4555 3797 4618 et

981 4674 1321 4771 Spirensis
1358 4674 1761 4772 episcopua,
1801 4677 2176 4772 imperialis
2218 4678 2376 4749 aule
2414 4676 2868 4749 cancellarius
2902 4685 2973 4747 et
3010 4675 3217 4747 totius
3264 4673 3456 4745 Italie
3491 4674 3790 4765 legatus,

963 1543 988 1590 l
