4364 5738
1008 558 1120 619 176
2001 559 2430 621 anssmcl
2481 561 2825 622 SECUNDl
3444 565 3606 642 [Anu.
3647 566 3819 627 1244.

1003 690 1316 771 mandat
1376 689 1585 797 quod
1660 715 1815 771 una
1866 716 2043 772 cum
2099 691 2568 800 principibus
2624 692 3021 775 Germanis
3074 694 3326 775 veniat
3380 696 3478 777 ad
3531 698 3820 778 curiam

999 822 1339 904 Veronae
1373 820 1933 904 celebrandam.

1160 1033 1400 1110 (Inedit.
1441 1048 1515 1092 ex
1552 1032 1802 1092 codiclb.
1842 1032 1988 1093 bibl.
2027 1033 2227 1094 Cesar.
2272 1035 2486 1111 Paris„
2508 1032 2693 1112 fonde
2733 1033 3526 1117 Seiae-Gmain-Harlay,
3572 1049 3640 1099 η’
3676 1049 3816 1118 455,

1236 1156 1371 1216 pars
1399 1139 1512 1210 111,
1544 1139 1729 1199 Lxx.
1758 1172 1836 1183 —
1863 1138 2012 1199 Aac.
2038 1137 2225 1217 fonds
2253 1137 2424 1213 latin,
2464 1151 2530 1200 n⁰
2569 1149 2760 1215 4042,
2799 1141 2904 1200 fol.
2950 1150 3057 1200 126
3086 1150 3266 1202 recto.
3299 1176 3375 1188 —
3406 1143 3557 1205 Bibl.
3589 1146 3819 1207 Medio-

1230 1251 1417 1304 mont.
1449 1262 1624 1321 penes
1651 1246 1728 1307 D.
1761 1246 1871 1305 Th.
1906 1242 2218 1323 Phililpps‚
2250 1256 2316 1304 n⁰
2343 1254 2525 1316 8390,
2558 1246 2670 1305 sub
2697 1248 3027 1323 encyclicae
3059 1247 3281 1319 forma,
3312 1247 3817 1326 scillcetfidelibus

1226 1352 1527 1411 universis.
1559 1385 1638 1395 -
1665 1351 1818 1412 Bibl.
1859 1351 2071 1411 Athen.
2115 1353 2390 1422 Taurin„
2429 1352 2484 1411 D
2515 1362 2611 1426 38,
2645 1353 2743 1412 fol.
2781 1361 2885 1425 503
2922 1354 3027 1412 ubi
3066 1357 3279 1413 rectius
3313 1356 3676 1435 exhibetur.)

1085 1551 1499 1640 FridericuS,
1535 1559 1706 1639 etc.,
1743 1550 1997 1622 dilecto
2036 1549 2178 1623 filio
2217 1573 2342 1622 suo
2375 1551 2689 1623 Conrado
2718 1550 2787 1622 in
2824 1572 3059 1642 regem
3089 1553 3554 1624 Romanorum
3594 1556 3815 1626 electo

989 1674 1280 1764 gratiam
1320 1695 1515 1744 suam
1567 1686 1636 1744 et
1668 1694 1873 1744 omne
1908 1675 2197 1745 bonum.
2238 1676 2417 1745 Dum
2447 1675 2661 1745 vellet
2698 1674 2933 1746 divina
2982 1675 3292 1770 potentia
3341 1675 3811 1749 imminentem

990 1819 1226 1868 casum
1277 1797 1645 1869 christiane
1701 1796 1863 1869 fidei
1914 1818 2312 1887 removere,
2376 1798 2545 1869 dum
2610 1799 2817 1869 vellet
2871 1800 3015 1870 fere
3075 1799 3283 1870 totius
3333 1800 3521 1872 orbis
3570 1801 3813 1872 sedare

988 1921 1369 1993 discordias
1419 1930 1489 1992 et
1539 1933 1679 1992 tam
1728 1921 2054 2015 periculis
2103 1920 2466 1992 hominum
2518 1942 2729 2015 quam
2785 1944 3018 1993 rerum
3065 1921 3357 1994 excidiis
3405 1924 3806 2018 providere,

988 2047 1239 2116 summi
1268 2044 1611 2142 pontificis
1652 2056 1722 2116 et
1747 2047 2037 2118 Romani
2071 2047 2334 2118 Cesaris
2365 2047 2635 2118 animos
2670 2046 3031 2118 inclinavit
3056 2047 3148 2119 ad
3181 2069 3425 2142 pacem
3457 2070 3596 2141 que
3635 2059 3811 2120 trac·

989 2179 1129 2242 tata
1162 2171 1431 2242 diucius
1458 2193 1585 2266 per
1613 2170 1949 2241 illustrem
1988 2172 2216 2242 virum
2246 2172 2569 2243 comitem
2597 2171 3042 2260 Tolosanum,
3067 2171 3400 2242 dilectum
3431 2172 3712 2245 affinem
3744 2183 3812 2245 et

986 2292 1260 2365 fidelem
1290 2303 1633 2383 nostrum,
1663 2295 1782 2387 qui
1811 2295 1903 2365 ad
1935 2294 2069 2366 hoc
2101 2295 2267 2366 satis
2300 2294 2671 2366 efficaciter
2696 2304 2768 2366 et
2793 2294 3090 2366 fideliter
3126 2295 3491 2386 laboravit,
3531 2297 3809 2369 tandem

985 2437 1111 2511 per
1152 2418 1376 2511 ipsum
1418 2427 1488 2487 et
1518 2416 1692 2489 alios
1724 2417 1913 2488 viros
1957 2417 2312 2507 inlustres,
2348 2418 2537 2488 viros
2582 2417 2952 2489 concordie
2983 2420 3355 2507 zelatoreS,
3389 2419 3617 2490 extitit
3659 2421 3808 2491 lau-

985 2539 1308 2610 dabiliter
1340 2549 1857 2630 consummata3
1895 2540 2073 2611 adeo
2107 2540 2299 2633 quod
2344 2540 2457 2612 die
2496 2542 2728 2613 Sancti
2765 2542 2951 2613 Iovis
2983 2542 3055 2612 in
3101 2563 3276 2613 cena
3310 2542 3585 2613 Domini
3620 2566 3809 2615 com·

985 2662 1226 2757 positis
1281 2672 1351 2734 et
1407 2662 1667 2733 sedatis
1724 2663 2047 2734 omnibus
2106 2685 2199 2735 ex
2248 2664 2501 2758 quibus
2557 2664 2904 2737 discordia
2971 2666 3409 2754 movebatur,
3466 2676 3605 2737 tam
3651 2687 3807 2761 pre·

985 2788 1166 2857 fatus
1210 2808 1444 2859 comes
1493 2809 1706 2881 quam
1763 2789 2092 2882 magister
2146 2790 2388 2861 Petrus
2436 2789 2524 2861 de
2561 2790 2780 2862 Vinea
2829 2800 2901 2862 et
2946 2790 3273 2883 magister
3315 2789 3682 2864 Thaddeus
3722 2792 3810 2863 de

985 2915 1232 2983 Suessa
1272 2934 1521 3004 magne
1556 2926 1793 2985 nostre
1830 2915 2021 2985 curie
2051 2914 2327 3005 judices
2361 2923 2432 2985 et
2463 2913 2705 2985 fideles
2741 2915 2995 3005 nostri,
3039 2915 3347 2986 mandati
3387 2916 3605 2986 nostri
3646 2938 3806 2988 auc-

987 3036 1261 3107 toritate
1294 3037 1588 3128 suffulti,
1637 3039 1980 3131 parituros
2026 3060 2155 3109 nos
2206 3038 2550 3110 mandatis
2596 3039 2901 3110 Ecclesie
2948 3039 3332 3110 secundum
3378 3039 3805 3133 disciplinam

985 3159 1519 3233 ecclesiasticam
1562 3163 2000 3251 juraverunt.
2059 3162 2325 3233 Deinde
2372 3184 2683 3233 summus
2733 3161 3051 3256 pontifex
3097 3162 3331 3233 multis
3374 3161 3801 3253 hominibuS,

984 3285 1197 3352 immo
1242 3283 1478 3353 multis
1514 3283 1818 3355 millibus
1854 3283 2214 3355 hominum
2266 3285 2674 3358 coadunatis
2714 3286 2787 3355 in
2831 3285 3013 3357 Urbe
3056 3285 3127 3355 in
3168 3285 3641 3380 predicatione
3686 3306 3808 3356 sua

984 3426 1113 3477 nos
1151 3415 1479 3499 tanquam
1524 3406 1857 3478 devotum
1892 3409 2196 3479 Ecclesie
2230 3407 2447 3479 filium
2482 3420 2553 3480 et
2599 3419 2928 3501 tanquam
2970 3408 3383 3481 catholicum
3424 3410 3803 3504 principem

983 3527 1262 3598 admisit
1291 3528 1383 3600 ad
1416 3529 1883 3601 omnimodam
1922 3530 2227 3601 Ecclesie
2255 3532 2628 3619 unitatem,
2671 3553 2793 3625 per
2823 3554 3032 3623 quam
3069 3532 3303 3604 divina
3342 3533 3619 3603 favente
3659 3533 3800 3603 cle-

982 3653 1239 3723 mentia
1268 3674 1405 3745 que
1438 3653 1649 3724 corda
1682 3654 2071 3749 principum
2099 3676 2225 3749 pro
2259 3677 2383 3726 sua
2421 3657 2779 3726 voluntate
2817 3655 3150 3750 disponit,
3186 3657 3384 3748 vigor
3410 3654 3572 3728 fidei
3608 3657 3799 3748 vige·

982 3777 1083 3848 bit
1139 3778 1211 3847 in
1272 3786 1666 3871 posterum,
1713 3779 1911 3868 cujus
1971 3778 2153 3848 inter
2213 3787 2401 3849 tanta
2458 3778 2798 3849 bellorum
2851 3778 3282 3867 discrimina,
3341 3779 3521 3850 inter
3578 3788 3802 3851 tantas

980 3900 1321 3973 discordie
1364 3911 1809 3996 tempestates
1845 3901 2150 3973 vicinum
2188 3903 2625 3995 naufragium
2662 3902 3112 3993 verebamur,
3151 3923 3278 3998 per
3308 3923 3517 3995 quam
3552 3923 3801 3996 procu-

978 4025 1318 4095 rabuntur
1362 4025 1587 4096 honor
1636 4035 1705 4096 et
1746 4025 2191 4097 commodum
2242 4026 2479 4096 matris
2528 4026 2832 4097 Ecclesie
2879 4026 3079 4116 cujus
3127 4027 3797 4118 augmentationem,

981 4149 1159 4218 sicut
1196 4150 1456 4242 primus
1490 4160 1561 4220 et
1589 4150 1840 4221 unicus
1874 4150 2179 4221 Ecclesie
2228 4148 2413 4221 filius
2464 4159 2534 4221 et
2572 4161 2941 4245 patronus,
2978 4149 3147 4220 dum
3192 4148 3383 4221 filiali
3430 4150 3798 4222 devotione

983 4280 1383 4361 tractamuS,
1424 4273 1630 4344 officii
1669 4274 1888 4345 nostri
1930 4282 2162 4368 partes
2200 4272 2567 4367 implemus
2613 4283 2683 4345 et
2722 4283 3032 4346 nostram
3062 4274 3545 4368 persequimur
3580 4274 3800 4346 inten-

981 4394 1275 4482 tionem3
1324 4417 1448 4489 per
1489 4417 1696 4487 quam
1740 4397 1948 4469 etiam
1993 4406 2215 4468 status
2250 4396 2524 4490 imperii
2568 4395 2896 4490 pacificus
2943 4406 3014 4467 et
3048 4396 3361 4468 sublimis
3397 4395 3790 4467 habebitur.

977 4517 1090 4589 Ad
1148 4519 1347 4607 cujus
1400 4518 1954 4592 reformationem
2008 4520 2274 4591 viribus
2326 4520 2484 4591 totis
2538 4520 2916 4591 insistimus
2966 4529 3036 4591 et
3088 4520 3374 4594 sinceris
3442 4519 3798 4591 affectibus

975 4638 1394 4733 aspiramuS,
1444 4661 1569 4734 per
1612 4662 1818 4733 quam
1870 4642 2068 4734 quies
2109 4643 2347 4732 nobiS,
2403 4642 2642 4714 amicis
2692 4652 2761 4714 et
2807 4642 3128 4715 fidelibus
3179 4643 3432 4716 nostris
3474 4644 3796 4715 omnibus
