<?xml version="1.0" encoding="UTF-8"?>
<!DOCTYPE html PUBLIC "-//W3C//DTD XHTML 1.0 Transitional//EN"
    "http://www.w3.org/TR/xhtml1/DTD/xhtml1-transitional.dtd">
<html xmlns="http://www.w3.org/1999/xhtml" xml:lang="en" lang="en">
 <head>
  <title>
</title>
<meta http-equiv="Content-Type" content="text/html;charset=utf-8" />
  <meta name='ocr-system' content='tesseract 3.04.00' />
  <meta name='ocr-capabilities' content='ocr_page ocr_carea ocr_par ocr_line ocrx_word'/>
</head>
<body>
  <div class='ocr_page' id='page_1' title='image "./historiadiploma00degoog_0559.png"; bbox 0 0 4364 5738; ppageno 0'>
   <div class='ocr_carea' id='block_1_1' title="bbox 651 578 3472 664">
    <p class='ocr_par' dir='ltr' id='par_1_1' title="bbox 651 578 3472 664">
     <span class='ocr_line' id='line_1_1' title="bbox 651 578 3472 664; baseline -0.002 -17"><span class='ocrx_word' id='word_1_1' title='bbox 651 585 979 664; x_wconf 57' lang='lat' dir='ltr'>lumem-5]</span> <span class='ocrx_word' id='word_1_2' title='bbox 1538 586 1934 649; x_wconf 77' lang='lat' dir='ltr'><strong>HISTORIA</strong></span> <span class='ocrx_word' id='word_1_3' title='bbox 1983 583 2581 648; x_wconf 77' lang='lat' dir='ltr'>DIPLOMATICA.</span> <span class='ocrx_word' id='word_1_4' title='bbox 3351 578 3472 641; x_wconf 74' lang='lat'>543</span> 
     </span>
    </p>
   </div>
   <div class='ocr_carea' id='block_1_2' title="bbox 651 714 3481 2565">
    <p class='ocr_par' dir='ltr' id='par_1_2' title="bbox 651 714 3477 1417">
     <span class='ocr_line' id='line_1_2' title="bbox 651 714 3474 817; baseline -0.003 -23"><span class='ocrx_word' id='word_1_5' title='bbox 651 731 890 795; x_wconf 85' lang='lat' dir='ltr'>nostra</span> <span class='ocrx_word' id='word_1_6' title='bbox 920 720 1445 817; x_wconf 83' lang='lat' dir='ltr'>persistentibus</span> <span class='ocrx_word' id='word_1_7' title='bbox 1471 721 1800 796; x_wconf 79' lang='lat' dir='ltr'>duximus</span> <span class='ocrx_word' id='word_1_8' title='bbox 1833 723 2306 810; x_wconf 90' lang='lat' dir='ltr'>concedenda,</span> <span class='ocrx_word' id='word_1_9' title='bbox 2345 731 2424 793; x_wconf 94' lang='lat' dir='ltr'>ut</span> <span class='ocrx_word' id='word_1_10' title='bbox 2458 730 2686 792; x_wconf 91' lang='lat' dir='ltr'>tamen</span> <span class='ocrx_word' id='word_1_11' title='bbox 2714 716 3080 790; x_wconf 82' lang='lat' dir='ltr'>comitatus</span> <span class='ocrx_word' id='word_1_12' title='bbox 3115 723 3185 787; x_wconf 93' lang='lat' dir='ltr'>et</span> <span class='ocrx_word' id='word_1_13' title='bbox 3220 714 3474 787; x_wconf 93' lang='lat' dir='ltr'>allodia</span> 
     </span>
     <span class='ocr_line' id='line_1_3' title="bbox 654 837 3473 952; baseline -0.002 -34"><span class='ocrx_word' id='word_1_14' title='bbox 654 845 1052 942; x_wconf 86' lang='lat' dir='ltr'>supradicta</span> <span class='ocrx_word' id='word_1_15' title='bbox 1089 837 1378 952; x_wconf 86' lang='lat' dir='ltr'>anobis</span> <span class='ocrx_word' id='word_1_16' title='bbox 1433 856 1504 918; x_wconf 93' lang='lat' dir='ltr'>et</span> <span class='ocrx_word' id='word_1_17' title='bbox 1555 848 1844 942; x_wconf 91' lang='lat' dir='ltr'>imperio</span> <span class='ocrx_word' id='word_1_18' title='bbox 1893 856 2128 919; x_wconf 84' lang='lat' dir='ltr'>teneat</span> <span class='ocrx_word' id='word_1_19' title='bbox 2179 868 2262 918; x_wconf 91' lang='lat' dir='ltr'>ac</span> <span class='ocrx_word' id='word_1_20' title='bbox 2313 846 2519 917; x_wconf 89' lang='lat' dir='ltr'>etiam</span> <span class='ocrx_word' id='word_1_21' title='bbox 2573 850 3021 935; x_wconf 83' lang='lat' dir='ltr'>recognoscat</span> <span class='ocrx_word' id='word_1_22' title='bbox 3071 849 3141 911; x_wconf 92' lang='lat' dir='ltr'>et</span> <span class='ocrx_word' id='word_1_23' title='bbox 3183 838 3473 934; x_wconf 82' lang='lat' dir='ltr'>proinde</span> 
     </span>
     <span class='ocr_line' id='line_1_4' title="bbox 654 965 3475 1066; baseline -0.003 -22"><span class='ocrx_word' id='word_1_24' title='bbox 654 971 915 1044; x_wconf 87' lang='lat' dir='ltr'>servire</span> <span class='ocrx_word' id='word_1_25' title='bbox 947 970 1147 1042; x_wconf 90' lang='lat' dir='ltr'>nobis</span> <span class='ocrx_word' id='word_1_26' title='bbox 1180 980 1251 1042; x_wconf 92' lang='lat' dir='ltr'>et</span> <span class='ocrx_word' id='word_1_27' title='bbox 1280 971 1571 1066; x_wconf 91' lang='lat' dir='ltr'>imperio</span> <span class='ocrx_word' id='word_1_28' title='bbox 1601 980 1939 1043; x_wconf 88' lang='lat' dir='ltr'>teneatur.</span> <span class='ocrx_word' id='word_1_29' title='bbox 1984 971 2098 1043; x_wconf 91' lang='lat' dir='ltr'>Ad</span> <span class='ocrx_word' id='word_1_30' title='bbox 2130 971 2340 1063; x_wconf 89' lang='lat' dir='ltr'>hujus</span> <span class='ocrx_word' id='word_1_31' title='bbox 2370 979 2602 1041; x_wconf 92' lang='lat' dir='ltr'>autem</span> <span class='ocrx_word' id='word_1_32' title='bbox 2638 965 3177 1040; x_wconf 88' lang='lat' dir='ltr'>confirmationis</span> <span class='ocrx_word' id='word_1_33' title='bbox 3211 973 3281 1036; x_wconf 91' lang='lat' dir='ltr'>et</span> <span class='ocrx_word' id='word_1_34' title='bbox 3310 985 3475 1036; x_wconf 89' lang='lat' dir='ltr'>oon-</span> 
     </span>
     <span class='ocr_line' id='line_1_5' title="bbox 653 1069 3473 1190; baseline -0.003 -22"><span class='ocrx_word' id='word_1_35' title='bbox 653 1095 982 1168; x_wconf 85' lang='lat' dir='ltr'>cessionis</span> <span class='ocrx_word' id='word_1_36' title='bbox 1013 1104 1246 1167; x_wconf 90' lang='lat' dir='ltr'>nostre</span> <span class='ocrx_word' id='word_1_37' title='bbox 1274 1096 1676 1168; x_wconf 81' lang='lat' dir='ltr'>memoriam</span> <span class='ocrx_word' id='word_1_38' title='bbox 1714 1105 1784 1168; x_wconf 93' lang='lat' dir='ltr'>et</span> <span class='ocrx_word' id='word_1_39' title='bbox 1815 1097 2028 1168; x_wconf 88' lang='lat' dir='ltr'>robur</span> <span class='ocrx_word' id='word_1_40' title='bbox 2057 1104 2395 1190; x_wconf 90' lang='lat' dir='ltr'>perpetuo</span> <span class='ocrx_word' id='word_1_41' title='bbox 2425 1094 2835 1179; x_wconf 83' lang='lat' dir='ltr'>valiturum,</span> <span class='ocrx_word' id='word_1_42' title='bbox 2876 1069 3160 1186; x_wconf 88' lang='lat' dir='ltr'>presens</span> <span class='ocrx_word' id='word_1_43' title='bbox 3190 1089 3473 1185; x_wconf 88' lang='lat' dir='ltr'>privile-</span> 
     </span>
     <span class='ocr_line' id='line_1_6' title="bbox 655 1214 3477 1318; baseline -0.002 -28"><span class='ocrx_word' id='word_1_44' title='bbox 655 1219 844 1313; x_wconf 86' lang='lat' dir='ltr'>gium</span> <span class='ocrx_word' id='word_1_45' title='bbox 887 1218 1037 1290; x_wconf 86' lang='lat' dir='ltr'>fieri</span> <span class='ocrx_word' id='word_1_46' title='bbox 1078 1230 1150 1292; x_wconf 90' lang='lat' dir='ltr'>et</span> <span class='ocrx_word' id='word_1_47' title='bbox 1187 1241 1400 1293; x_wconf 90' lang='lat' dir='ltr'>aurea</span> <span class='ocrx_word' id='word_1_48' title='bbox 1431 1221 1622 1293; x_wconf 92' lang='lat' dir='ltr'>bulla</span> <span class='ocrx_word' id='word_1_49' title='bbox 1656 1217 1763 1318; x_wconf 74' lang='lat' dir='ltr'>(l)</span> <span class='ocrx_word' id='word_1_50' title='bbox 1796 1220 2043 1315; x_wconf 86' lang='lat' dir='ltr'>tipario</span> <span class='ocrx_word' id='word_1_51' title='bbox 2087 1229 2323 1292; x_wconf 90' lang='lat' dir='ltr'>nostre</span> <span class='ocrx_word' id='word_1_52' title='bbox 2355 1217 2732 1311; x_wconf 80' lang='lat' dir='ltr'>majestatis</span> <span class='ocrx_word' id='word_1_53' title='bbox 2773 1217 3110 1312; x_wconf 89' lang='lat' dir='ltr'>impressa</span> <span class='ocrx_word' id='word_1_54' title='bbox 3142 1214 3477 1307; x_wconf 87' lang='lat' dir='ltr'>jussimus</span> 
     </span>
     <span class='ocr_line' id='line_1_7' title="bbox 656 1341 1095 1417; baseline -0.007 0"><span class='ocrx_word' id='word_1_55' title='bbox 656 1341 1095 1417; x_wconf 84' lang='lat' dir='ltr'>communiri.</span> 
     </span>
    </p>

    <p class='ocr_par' dir='ltr' id='par_1_3' title="bbox 658 1441 3480 2166">
     <span class='ocr_line' id='line_1_8' title="bbox 751 1441 3476 1564; baseline -0.001 -24"><span class='ocrx_word' id='word_1_56' title='bbox 751 1471 1004 1541; x_wconf 89' lang='lat' dir='ltr'>Datum</span> <span class='ocrx_word' id='word_1_57' title='bbox 1039 1468 1258 1541; x_wconf 83' lang='lat' dir='ltr'>Cherii</span> <span class='ocrx_word' id='word_1_58' title='bbox 1302 1465 1432 1564; x_wconf 86' lang='lat' dir='ltr'>(a),</span> <span class='ocrx_word' id='word_1_59' title='bbox 1467 1490 1654 1541; x_wconf 90' lang='lat' dir='ltr'>anno</span> <span class='ocrx_word' id='word_1_60' title='bbox 1690 1441 2034 1541; x_wconf 81' lang='lat' dir='ltr'>dominice</span> <span class='ocrx_word' id='word_1_61' title='bbox 2068 1467 2560 1541; x_wconf 82' lang='lat' dir='ltr'>incarnationis</span> <span class='ocrx_word' id='word_1_62' title='bbox 2599 1465 2965 1538; x_wconf 90' lang='lat' dir='ltr'>millesimo</span> <span class='ocrx_word' id='word_1_63' title='bbox 3003 1464 3476 1537; x_wconf 89' lang='lat' dir='ltr'>ducentesimo</span> 
     </span>
     <span class='ocr_line' id='line_1_9' title="bbox 658 1589 3476 1688; baseline -0.001 -24"><span class='ocrx_word' id='word_1_64' title='bbox 658 1593 1188 1687; x_wconf 80' lang='lat' dir='ltr'>quadragesimo</span> <span class='ocrx_word' id='word_1_65' title='bbox 1218 1593 1535 1688; x_wconf 88' lang='lat' dir='ltr'>septimo,</span> <span class='ocrx_word' id='word_1_66' title='bbox 1564 1615 1801 1665; x_wconf 90' lang='lat' dir='ltr'>meuse</span> <span class='ocrx_word' id='word_1_67' title='bbox 1822 1594 2028 1685; x_wconf 92' lang='lat' dir='ltr'>junii,</span> <span class='ocrx_word' id='word_1_68' title='bbox 2067 1592 2310 1686; x_wconf 80' lang='lat' dir='ltr'>quinta</span> <span class='ocrx_word' id='word_1_69' title='bbox 2343 1591 2747 1683; x_wconf 84' lang='lat' dir='ltr'>indictione,</span> <span class='ocrx_word' id='word_1_70' title='bbox 2780 1591 3162 1685; x_wconf 91' lang='lat' dir='ltr'>imperante</span> <span class='ocrx_word' id='word_1_71' title='bbox 3192 1589 3476 1661; x_wconf 91' lang='lat' dir='ltr'>domino</span> 
     </span>
     <span class='ocr_line' id='line_1_10' title="bbox 658 1715 3480 1811; baseline -0.002 -21"><span class='ocrx_word' id='word_1_72' title='bbox 658 1726 896 1791; x_wconf 91' lang='lat' dir='ltr'>nostro</span> <span class='ocrx_word' id='word_1_73' title='bbox 928 1718 1315 1808; x_wconf 90' lang='lat' dir='ltr'>Frederioo‚</span> <span class='ocrx_word' id='word_1_74' title='bbox 1351 1718 1479 1789; x_wconf 92' lang='lat' dir='ltr'>Dei</span> <span class='ocrx_word' id='word_1_75' title='bbox 1507 1719 1730 1811; x_wconf 81' lang='lat' dir='ltr'>gratia</span> <span class='ocrx_word' id='word_1_76' title='bbox 1763 1718 2214 1791; x_wconf 86' lang='lat' dir='ltr'>invictissimo</span> <span class='ocrx_word' id='word_1_77' title='bbox 2248 1720 2712 1790; x_wconf 89' lang='lat' dir='ltr'>Romanorum</span> <span class='ocrx_word' id='word_1_78' title='bbox 2752 1715 3169 1811; x_wconf 87' lang='lat' dir='ltr'>imperatore</span> <span class='ocrx_word' id='word_1_79' title='bbox 3206 1735 3480 1809; x_wconf 90' lang='lat' dir='ltr'>semper</span> 
     </span>
     <span class='ocr_line' id='line_1_11' title="bbox 658 1839 3473 1938; baseline -0.002 -22"><span class='ocrx_word' id='word_1_80' title='bbox 658 1855 981 1937; x_wconf 81' lang='lat' dir='ltr'>augusto,</span> <span class='ocrx_word' id='word_1_81' title='bbox 1016 1844 1397 1915; x_wconf 86' lang='lat' dir='ltr'>Jerusalem</span> <span class='ocrx_word' id='word_1_82' title='bbox 1443 1850 1513 1913; x_wconf 92' lang='lat' dir='ltr'>et</span> <span class='ocrx_word' id='word_1_83' title='bbox 1551 1842 1778 1914; x_wconf 90' lang='lat' dir='ltr'>Sicilie</span> <span class='ocrx_word' id='word_1_84' title='bbox 1826 1864 2018 1935; x_wconf 81' lang='lat' dir='ltr'>rege,</span> <span class='ocrx_word' id='word_1_85' title='bbox 2052 1843 2323 1938; x_wconf 90' lang='lat' dir='ltr'>imperii</span> <span class='ocrx_word' id='word_1_86' title='bbox 2366 1844 2514 1935; x_wconf 89' lang='lat' dir='ltr'>ejus</span> <span class='ocrx_word' id='word_1_87' title='bbox 2554 1863 2740 1914; x_wconf 92' lang='lat' dir='ltr'>anno</span> <span class='ocrx_word' id='word_1_88' title='bbox 2779 1840 3109 1914; x_wconf 89' lang='lat' dir='ltr'>vicesimo</span> <span class='ocrx_word' id='word_1_89' title='bbox 3152 1839 3473 1934; x_wconf 90' lang='lat' dir='ltr'>septimo,</span> 
     </span>
     <span class='ocr_line' id='line_1_12' title="bbox 658 1964 3473 2068; baseline -0.002 -27"><span class='ocrx_word' id='word_1_90' title='bbox 658 1967 1187 2041; x_wconf 87' lang='lat' dir='ltr'>Jerosolimitani</span> <span class='ocrx_word' id='word_1_91' title='bbox 1226 1966 1556 2039; x_wconf 85' lang='lat' dir='ltr'>vicesimo</span> <span class='ocrx_word' id='word_1_92' title='bbox 1594 1967 1935 2068; x_wconf 81' lang='lat' dir='ltr'>secundo,</span> <span class='ocrx_word' id='word_1_93' title='bbox 1977 1967 2176 2060; x_wconf 80' lang='lat' dir='ltr'>regni</span> <span class='ocrx_word' id='word_1_94' title='bbox 2218 1988 2388 2040; x_wconf 85' lang='lat' dir='ltr'>vero</span> <span class='ocrx_word' id='word_1_95' title='bbox 2431 1966 2657 2040; x_wconf 90' lang='lat' dir='ltr'>Sicilie</span> <span class='ocrx_word' id='word_1_96' title='bbox 2693 1964 3222 2060; x_wconf 82' lang='lat' dir='ltr'>quadragesimo</span> <span class='ocrx_word' id='word_1_97' title='bbox 3257 1983 3473 2055; x_wconf 91' lang='lat' dir='ltr'>nono,</span> 
     </span>
     <span class='ocr_line' id='line_1_13' title="bbox 662 2091 1261 2166; baseline 0.002 -3"><span class='ocrx_word' id='word_1_98' title='bbox 662 2093 976 2166; x_wconf 82' lang='lat' dir='ltr'>feliciter.</span> <span class='ocrx_word' id='word_1_99' title='bbox 1010 2091 1261 2165; x_wconf 87' lang='lat' dir='ltr'>Amen.</span> 
     </span>
    </p>

    <p class='ocr_par' dir='ltr' id='par_1_4' title="bbox 660 2214 3481 2565">
     <span class='ocr_line' id='line_1_14' title="bbox 756 2214 3481 2312; baseline -0.002 -22"><span class='ocrx_word' id='word_1_100' title='bbox 756 2218 1179 2290; x_wconf 79' lang='lat' dir='ltr'>Collationue</span> <span class='ocrx_word' id='word_1_101' title='bbox 1209 2238 1336 2311; x_wconf 90' lang='lat' dir='ltr'>par</span> <span class='ocrx_word' id='word_1_102' title='bbox 1377 2238 1554 2289; x_wconf 84' lang='lat' dir='ltr'>nous</span> <span class='ocrx_word' id='word_1_103' title='bbox 1593 2238 1911 2312; x_wconf 81' lang='lat' dir='ltr'>escuyer,</span> <span class='ocrx_word' id='word_1_104' title='bbox 1948 2216 2313 2289; x_wconf 91' lang='lat' dir='ltr'>conseiller</span> <span class='ocrx_word' id='word_1_105' title='bbox 2346 2215 2712 2288; x_wconf 74' lang='lat' dir='ltr'>secretaire</span> <span class='ocrx_word' id='word_1_106' title='bbox 2753 2214 2847 2288; x_wconf 93' lang='lat' dir='ltr'>du</span> <span class='ocrx_word' id='word_1_107' title='bbox 2882 2216 3058 2310; x_wconf 81' lang='lat' dir='ltr'>Roy,</span> <span class='ocrx_word' id='word_1_108' title='bbox 3100 2214 3366 2286; x_wconf 91' lang='lat' dir='ltr'>maison</span> <span class='ocrx_word' id='word_1_109' title='bbox 3409 2222 3481 2284; x_wconf 91' lang='lat' dir='ltr'>et</span> 
     </span>
     <span class='ocr_line' id='line_1_15' title="bbox 662 2340 3478 2436; baseline -0.002 -20"><span class='ocrx_word' id='word_1_110' title='bbox 662 2364 1014 2416; x_wconf 88' lang='lat' dir='ltr'>couronne</span> <span class='ocrx_word' id='word_1_111' title='bbox 1049 2343 1138 2415; x_wconf 92' lang='lat' dir='ltr'>de</span> <span class='ocrx_word' id='word_1_112' title='bbox 1171 2343 1456 2434; x_wconf 92' lang='lat' dir='ltr'>France,</span> <span class='ocrx_word' id='word_1_113' title='bbox 1492 2341 1768 2436; x_wconf 81' lang='lat' dir='ltr'>greffier</span> <span class='ocrx_word' id='word_1_114' title='bbox 1794 2364 1883 2414; x_wconf 90' lang='lat' dir='ltr'>en</span> <span class='ocrx_word' id='word_1_115' title='bbox 1914 2341 2081 2414; x_wconf 85' lang='lat' dir='ltr'>chef</span> <span class='ocrx_word' id='word_1_116' title='bbox 2102 2364 2189 2414; x_wconf 93' lang='lat' dir='ltr'>en</span> <span class='ocrx_word' id='word_1_117' title='bbox 2227 2342 2294 2415; x_wconf 90' lang='lat' dir='ltr'>la</span> <span class='ocrx_word' id='word_1_118' title='bbox 2320 2342 2657 2415; x_wconf 90' lang='lat' dir='ltr'>Chambre</span> <span class='ocrx_word' id='word_1_119' title='bbox 2690 2340 2814 2415; x_wconf 89' lang='lat' dir='ltr'>des</span> <span class='ocrx_word' id='word_1_120' title='bbox 2841 2349 3151 2435; x_wconf 90' lang='lat' dir='ltr'>comptes</span> <span class='ocrx_word' id='word_1_121' title='bbox 3175 2340 3266 2411; x_wconf 92' lang='lat' dir='ltr'>de</span> <span class='ocrx_word' id='word_1_122' title='bbox 3291 2340 3478 2410; x_wconf 88' lang='lat' dir='ltr'>Dau-</span> 
     </span>
     <span class='ocr_line' id='line_1_16' title="bbox 660 2468 1435 2565; baseline 0.001 -26"><span class='ocrx_word' id='word_1_123' title='bbox 660 2468 899 2565; x_wconf 75' lang='lat' dir='ltr'>phine.</span> <span class='ocrx_word' id='word_1_124' title='bbox 927 2508 1029 2524; x_wconf 93' lang='lat'>—</span> <span class='ocrx_word' id='word_1_125' title='bbox 1052 2469 1435 2542; x_wconf 59' lang='lat' dir='ltr'>Man-ionum.</span> 
     </span>
    </p>
   </div>
   <div class='ocr_carea' id='block_1_3' title="bbox 664 3058 3485 3307">
    <p class='ocr_par' dir='ltr' id='par_1_5' title="bbox 664 3058 3485 3307">
     <span class='ocr_line' id='line_1_17' title="bbox 769 3058 3484 3171; baseline 0.001 -30"><span class='ocrx_word' id='word_1_126' title='bbox 769 3058 1250 3143; x_wconf 85' lang='lat' dir='ltr'>Innocentius</span> <span class='ocrx_word' id='word_1_127' title='bbox 1287 3087 1516 3171; x_wconf 89' lang='lat' dir='ltr'>papa,</span> <span class='ocrx_word' id='word_1_128' title='bbox 1548 3061 1625 3143; x_wconf 93' lang='lat' dir='ltr'>in</span> <span class='ocrx_word' id='word_1_129' title='bbox 1665 3060 2438 3171; x_wconf 86' lang='lat' dir='ltr'>recompensationem</span> <span class='ocrx_word' id='word_1_130' title='bbox 2477 3062 2938 3145; x_wconf 90' lang='lat' dir='ltr'>damnorum</span> <span class='ocrx_word' id='word_1_131' title='bbox 2976 3086 3174 3171; x_wconf 89' lang='lat' dir='ltr'>quae</span> <span class='ocrx_word' id='word_1_132' title='bbox 3202 3060 3484 3144; x_wconf 89' lang='lat' dir='ltr'>Came-</span> 
     </span>
     <span class='ocr_line' id='line_1_18' title="bbox 664 3191 3485 3307; baseline 0.002 -34"><span class='ocrx_word' id='word_1_133' title='bbox 664 3191 1003 3275; x_wconf 89' lang='lat' dir='ltr'>rinenses</span> <span class='ocrx_word' id='word_1_134' title='bbox 1075 3217 1214 3301; x_wconf 88' lang='lat' dir='ltr'>pro</span> <span class='ocrx_word' id='word_1_135' title='bbox 1280 3219 1419 3274; x_wconf 89' lang='lat' dir='ltr'>sua</span> <span class='ocrx_word' id='word_1_136' title='bbox 1473 3194 1553 3273; x_wconf 92' lang='lat' dir='ltr'>in</span> <span class='ocrx_word' id='word_1_137' title='bbox 1607 3195 2022 3277; x_wconf 87' lang='lat' dir='ltr'>Ecclesiam</span> <span class='ocrx_word' id='word_1_138' title='bbox 2082 3195 2439 3278; x_wconf 87' lang='lat' dir='ltr'>fidelitate</span> <span class='ocrx_word' id='word_1_139' title='bbox 2499 3196 2708 3304; x_wconf 89' lang='lat' dir='ltr'>passi</span> <span class='ocrx_word' id='word_1_140' title='bbox 2770 3206 3008 3305; x_wconf 83' lang='lat' dir='ltr'>sunt,</span> <span class='ocrx_word' id='word_1_141' title='bbox 3054 3196 3163 3307; x_wconf 86' lang='lat' dir='ltr'>eis</span> <span class='ocrx_word' id='word_1_142' title='bbox 3224 3195 3485 3278; x_wconf 91' lang='lat' dir='ltr'>omnia</span> 
     </span>
    </p>
   </div>
   <div class='ocr_carea' id='block_1_4' title="bbox 665 3323 3483 3568">
    <p class='ocr_par' dir='ltr' id='par_1_6' title="bbox 665 3323 3483 3568">
     <span class='ocr_line' id='line_1_19' title="bbox 665 3323 3483 3435; baseline 0.002 -29"><span class='ocrx_word' id='word_1_143' title='bbox 665 3323 869 3406; x_wconf 89' lang='lat' dir='ltr'>bona</span> <span class='ocrx_word' id='word_1_144' title='bbox 928 3352 1125 3435; x_wconf 89' lang='lat' dir='ltr'>quae</span> <span class='ocrx_word' id='word_1_145' title='bbox 1176 3336 1513 3434; x_wconf 87' lang='lat' dir='ltr'>tempore</span> <span class='ocrx_word' id='word_1_146' title='bbox 1556 3337 1811 3408; x_wconf 91' lang='lat' dir='ltr'>motae</span> <span class='ocrx_word' id='word_1_147' title='bbox 1855 3326 2277 3410; x_wconf 86' lang='lat' dir='ltr'>discordiae</span> <span class='ocrx_word' id='word_1_148' title='bbox 2330 3327 2796 3412; x_wconf 88' lang='lat' dir='ltr'>Fridericum</span> <span class='ocrx_word' id='word_1_149' title='bbox 2842 3329 3037 3412; x_wconf 88' lang='lat' dir='ltr'>inter</span> <span class='ocrx_word' id='word_1_150' title='bbox 3082 3339 3157 3412; x_wconf 91' lang='lat' dir='ltr'>et</span> <span class='ocrx_word' id='word_1_151' title='bbox 3206 3330 3483 3413; x_wconf 90' lang='lat' dir='ltr'>Eccle-</span> 
     </span>
     <span class='ocr_line' id='line_1_20' title="bbox 667 3457 1936 3568; baseline 0.001 -27"><span class='ocrx_word' id='word_1_152' title='bbox 667 3458 902 3568; x_wconf 85' lang='lat' dir='ltr'>siam,</span> <span class='ocrx_word' id='word_1_153' title='bbox 941 3457 1472 3568; x_wconf 80' lang='lat' dir='ltr'>possidebant,</span> <span class='ocrx_word' id='word_1_154' title='bbox 1513 3458 1936 3541; x_wconf 90' lang='lat' dir='ltr'>confirmat.</span> 
     </span>
    </p>
   </div>
   <div class='ocr_carea' id='block_1_5' title="bbox 830 3684 2227 3770">
    <p class='ocr_par' dir='ltr' id='par_1_7' title="bbox 830 3684 2227 3770">
     <span class='ocr_line' id='line_1_21' title="bbox 830 3684 2227 3770; baseline 0.001 -19"><span class='ocrx_word' id='word_1_155' title='bbox 830 3688 1032 3767; x_wconf 85' lang='lat' dir='ltr'>(Edid.</span> <span class='ocrx_word' id='word_1_156' title='bbox 1062 3689 1374 3767; x_wconf 68' lang='lat' dir='ltr'>nanum,</span> <span class='ocrx_word' id='word_1_157' title='bbox 1404 3684 1541 3750; x_wconf 78' lang='lat' dir='ltr'>Ital.</span> <span class='ocrx_word' id='word_1_158' title='bbox 1570 3704 1769 3769; x_wconf 74' lang='lat' dir='ltr'>sacra,</span> <span class='ocrx_word' id='word_1_159' title='bbox 1798 3694 1846 3750; x_wconf 90' lang='lat' dir='ltr'>t.</span> <span class='ocrx_word' id='word_1_160' title='bbox 1879 3687 1933 3764; x_wconf 94' lang='lat' dir='ltr'>I,</span> <span class='ocrx_word' id='word_1_161' title='bbox 1964 3706 2028 3768; x_wconf 89' lang='lat' dir='ltr'>p.</span> <span class='ocrx_word' id='word_1_162' title='bbox 2059 3688 2227 3770; x_wconf 78' lang='lat'>556.)</span> 
     </span>
    </p>
   </div>
   <div class='ocr_carea' id='block_1_6' title="bbox 666 3886 3488 4237">
    <p class='ocr_par' dir='ltr' id='par_1_8' title="bbox 666 3886 3488 4237">
     <span class='ocr_line' id='line_1_22' title="bbox 763 3886 3488 3987; baseline 0.002 -26"><span class='ocrx_word' id='word_1_163' title='bbox 763 3891 1204 3963; x_wconf 90' lang='lat' dir='ltr'>Innocentius</span> <span class='ocrx_word' id='word_1_164' title='bbox 1232 3890 1624 3987; x_wconf 79' lang='lat' dir='ltr'>episcopuS,</span> <span class='ocrx_word' id='word_1_165' title='bbox 1649 3912 1892 3963; x_wconf 89' lang='lat' dir='ltr'>servus</span> <span class='ocrx_word' id='word_1_166' title='bbox 1920 3912 2278 3962; x_wconf 84' lang='lat' dir='ltr'>servorum</span> <span class='ocrx_word' id='word_1_167' title='bbox 2297 3890 2452 3982; x_wconf 89' lang='lat' dir='ltr'>Dei,</span> <span class='ocrx_word' id='word_1_168' title='bbox 2483 3888 2752 3964; x_wconf 84' lang='lat' dir='ltr'>dilectis</span> <span class='ocrx_word' id='word_1_169' title='bbox 2776 3886 2934 3962; x_wconf 87' lang='lat' dir='ltr'>filiis</span> <span class='ocrx_word' id='word_1_170' title='bbox 2954 3891 3296 3987; x_wconf 88' lang='lat' dir='ltr'>potestati,</span> <span class='ocrx_word' id='word_1_171' title='bbox 3324 3914 3488 3966; x_wconf 92' lang='lat' dir='ltr'>con·</span> 
     </span>
     <span class='ocr_line' id='line_1_23' title="bbox 668 4013 3487 4112; baseline 0.001 -25"><span class='ocrx_word' id='word_1_172' title='bbox 668 4013 819 4088; x_wconf 91' lang='lat' dir='ltr'>silio</span> <span class='ocrx_word' id='word_1_173' title='bbox 849 4025 920 4088; x_wconf 87' lang='lat' dir='ltr'>et</span> <span class='ocrx_word' id='word_1_174' title='bbox 946 4015 1294 4108; x_wconf 90' lang='lat' dir='ltr'>communi</span> <span class='ocrx_word' id='word_1_175' title='bbox 1325 4015 1663 4088; x_wconf 92' lang='lat' dir='ltr'>Camerini</span> <span class='ocrx_word' id='word_1_176' title='bbox 1700 4016 1991 4087; x_wconf 89' lang='lat' dir='ltr'>salutem</span> <span class='ocrx_word' id='word_1_177' title='bbox 2030 4024 2102 4086; x_wconf 91' lang='lat' dir='ltr'>et</span> <span class='ocrx_word' id='word_1_178' title='bbox 2130 4016 2579 4112; x_wconf 90' lang='lat' dir='ltr'>apostolicam</span> <span class='ocrx_word' id='word_1_179' title='bbox 2608 4015 3192 4089; x_wconf 89' lang='lat' dir='ltr'>benedictionem.</span> <span class='ocrx_word' id='word_1_180' title='bbox 3219 4015 3487 4089; x_wconf 81' lang='lat' dir='ltr'>Efficax</span> 
     </span>
     <span class='ocr_line' id='line_1_24' title="bbox 666 4138 3488 4237; baseline 0.002 -27"><span class='ocrx_word' id='word_1_181' title='bbox 666 4142 897 4234; x_wconf 86' lang='lat' dir='ltr'>vestre</span> <span class='ocrx_word' id='word_1_182' title='bbox 929 4139 1319 4215; x_wconf 86' lang='lat' dir='ltr'>devotionis</span> <span class='ocrx_word' id='word_1_183' title='bbox 1357 4149 1669 4214; x_wconf 87' lang='lat' dir='ltr'>meretur</span> <span class='ocrx_word' id='word_1_184' title='bbox 1709 4138 1996 4212; x_wconf 83' lang='lat' dir='ltr'>affectus</span> <span class='ocrx_word' id='word_1_185' title='bbox 2023 4148 2105 4211; x_wconf 92' lang='lat' dir='ltr'>ut</span> <span class='ocrx_word' id='word_1_186' title='bbox 2137 4140 2339 4213; x_wconf 83' lang='lat' dir='ltr'>vobis</span> <span class='ocrx_word' id='word_1_187' title='bbox 2372 4150 2712 4235; x_wconf 89' lang='lat' dir='ltr'>quantum</span> <span class='ocrx_word' id='word_1_188' title='bbox 2748 4161 2907 4213; x_wconf 89' lang='lat' dir='ltr'>cum</span> <span class='ocrx_word' id='word_1_189' title='bbox 2939 4142 3086 4216; x_wconf 89' lang='lat' dir='ltr'>Deo</span> <span class='ocrx_word' id='word_1_190' title='bbox 3121 4162 3488 4237; x_wconf 85' lang='lat' dir='ltr'>possumus</span> 
     </span>
    </p>
   </div>
   <div class='ocr_carea' id='block_1_7' title="bbox 752 4325 1594 4409">
    <p class='ocr_par' dir='ltr' id='par_1_9' title="bbox 752 4325 1594 4409">
     <span class='ocr_line' id='line_1_25' title="bbox 752 4325 1594 4409; baseline 0.004 -20"><span class='ocrx_word' id='word_1_191' title='bbox 752 4325 837 4408; x_wconf 86' lang='lat' dir='ltr'>(a)</span> <span class='ocrx_word' id='word_1_192' title='bbox 879 4327 952 4390; x_wconf 91' lang='lat' dir='ltr'>In</span> <span class='ocrx_word' id='word_1_193' title='bbox 978 4331 1180 4394; x_wconf 70' lang='lat' dir='ltr'>codice</span> <span class='ocrx_word' id='word_1_194' title='bbox 1204 4329 1390 4409; x_wconf 66' lang='lat' dir='ltr'>Bou-3,</span> <span class='ocrx_word' id='word_1_195' title='bbox 1418 4330 1594 4393; x_wconf 81' lang='lat' dir='ltr'>male.</span> 
     </span>
    </p>
   </div>
   <div class='ocr_carea' id='block_1_8' title="bbox 672 4620 3485 4780">
    <p class='ocr_par' dir='ltr' id='par_1_10' title="bbox 672 4620 3485 4780">
     <span class='ocr_line' id='line_1_26' title="bbox 746 4620 3485 4707; baseline 0.005 -30"><span class='ocrx_word' id='word_1_196' title='bbox 746 4620 823 4697; x_wconf 77' lang='lat' dir='ltr'>(t)</span> <span class='ocrx_word' id='word_1_197' title='bbox 857 4621 1141 4693; x_wconf 88' lang='lat' dir='ltr'>Quondam</span> <span class='ocrx_word' id='word_1_198' title='bbox 1167 4622 1314 4683; x_wconf 85' lang='lat' dir='ltr'>bulla</span> <span class='ocrx_word' id='word_1_199' title='bbox 1348 4624 1695 4701; x_wconf 84' lang='lat' dir='ltr'>impendebat</span> <span class='ocrx_word' id='word_1_200' title='bbox 1719 4641 1785 4684; x_wconf 85' lang='lat' dir='ltr'>ex</span> <span class='ocrx_word' id='word_1_201' title='bbox 1812 4623 1916 4684; x_wconf 81' lang='lat' dir='ltr'>filis</span> <span class='ocrx_word' id='word_1_202' title='bbox 1942 4624 2128 4685; x_wconf 84' lang='lat' dir='ltr'>sericis</span> <span class='ocrx_word' id='word_1_203' title='bbox 2162 4624 2320 4686; x_wconf 88' lang='lat' dir='ltr'>rubei</span> <span class='ocrx_word' id='word_1_204' title='bbox 2347 4625 2570 4702; x_wconf 85' lang='lat' dir='ltr'>coloris,</span> <span class='ocrx_word' id='word_1_205' title='bbox 2604 4632 2665 4687; x_wconf 80' lang='lat' dir='ltr'>nt</span> <span class='ocrx_word' id='word_1_206' title='bbox 2690 4646 2758 4689; x_wconf 85' lang='lat' dir='ltr'>ex</span> <span class='ocrx_word' id='word_1_207' title='bbox 2799 4627 3155 4693; x_wconf 84' lang='lat' dir='ltr'>instrumento</span> <span class='ocrx_word' id='word_1_208' title='bbox 3196 4632 3485 4707; x_wconf 79' lang='lat' dir='ltr'>transcrip-</span> 
     </span>
     <span class='ocr_line' id='line_1_27' title="bbox 672 4719 1085 4780; baseline 0.007 -3"><span class='ocrx_word' id='word_1_209' title='bbox 672 4719 835 4779; x_wconf 76' lang='lat' dir='ltr'>tionis</span> <span class='ocrx_word' id='word_1_210' title='bbox 857 4726 1085 4780; x_wconf 83' lang='lat' dir='ltr'>constat.</span> 
     </span>
    </p>
   </div>
  </div>
 </body>
</html>
