<?xml version="1.0" encoding="UTF-8"?>
<!DOCTYPE html PUBLIC "-//W3C//DTD XHTML 1.0 Transitional//EN"
    "http://www.w3.org/TR/xhtml1/DTD/xhtml1-transitional.dtd">
<html xmlns="http://www.w3.org/1999/xhtml" xml:lang="en" lang="en">
 <head>
  <title>
</title>
<meta http-equiv="Content-Type" content="text/html;charset=utf-8" />
  <meta name='ocr-system' content='tesseract 3.04.00' />
  <meta name='ocr-capabilities' content='ocr_page ocr_carea ocr_par ocr_line ocrx_word'/>
</head>
<body>
  <div class='ocr_page' id='page_1' title='image "./historiadiploma00degoog_0484.png"; bbox 0 0 4364 5738; ppageno 0'>
   <div class='ocr_carea' id='block_1_1' title="bbox 705 1381 938 1435">
    <p class='ocr_par' dir='ltr' id='par_1_1' title="bbox 705 1381 938 1435">
     <span class='ocr_line' id='line_1_1' title="bbox 705 1381 938 1435; baseline 0.009 -9"><span class='ocrx_word' id='word_1_1' title='bbox 705 1381 938 1435; x_wconf 61' lang='lat' dir='ltr'><strong>Lemno.</strong></span> 
     </span>
    </p>
   </div>
   <div class='ocr_carea' id='block_1_2' title="bbox 1053 551 3867 636">
    <p class='ocr_par' dir='ltr' id='par_1_2' title="bbox 1053 551 3867 636">
     <span class='ocr_line' id='line_1_2' title="bbox 1053 551 3867 636; baseline 0.001 -20"><span class='ocrx_word' id='word_1_2' title='bbox 1053 551 1176 616; x_wconf 71' lang='lat'><strong>⁴66</strong></span> <span class='ocrx_word' id='word_1_3' title='bbox 2050 555 2480 617; x_wconf 69' lang='lat' dir='ltr'><strong>ramulum</strong></span> <span class='ocrx_word' id='word_1_4' title='bbox 2529 555 2879 619; x_wconf 64' lang='lat' dir='ltr'><strong>summm</strong></span> <span class='ocrx_word' id='word_1_5' title='bbox 3488 556 3655 636; x_wconf 70' lang='lat' dir='ltr'><strong>[An.</strong></span> <span class='ocrx_word' id='word_1_6' title='bbox 3689 558 3867 623; x_wconf 73' lang='lat'><strong>1246.</strong></span> 
     </span>
    </p>
   </div>
   <div class='ocr_carea' id='block_1_3' title="bbox 1055 687 3873 907">
    <p class='ocr_par' dir='ltr' id='par_1_3' title="bbox 1055 687 3873 907">
     <span class='ocr_line' id='line_1_3' title="bbox 1150 687 3873 778; baseline 0.004 -19"><span class='ocrx_word' id='word_1_7' title='bbox 1150 690 1402 760; x_wconf 90' lang='lat' dir='ltr'><strong>Datum</strong></span> <span class='ocrx_word' id='word_1_8' title='bbox 1450 687 1770 778; x_wconf 90' lang='lat' dir='ltr'><strong>Lucerie,</strong></span> <span class='ocrx_word' id='word_1_9' title='bbox 1804 709 1991 761; x_wconf 92' lang='lat' dir='ltr'><strong>anno</strong></span> <span class='ocrx_word' id='word_1_10' title='bbox 2042 688 2389 762; x_wconf 91' lang='lat' dir='ltr'><strong>dominice</strong></span> <span class='ocrx_word' id='word_1_11' title='bbox 2437 690 2931 764; x_wconf 88' lang='lat' dir='ltr'><strong>incarnationis</strong></span> <span class='ocrx_word' id='word_1_12' title='bbox 2987 691 3351 765; x_wconf 90' lang='lat' dir='ltr'><strong>millesimo</strong></span> <span class='ocrx_word' id='word_1_13' title='bbox 3399 690 3873 769; x_wconf 88' lang='lat' dir='ltr'><strong>ducentesimo</strong></span> 
     </span>
     <span class='ocr_line' id='line_1_4' title="bbox 1055 812 3290 907; baseline 0.002 -23"><span class='ocrx_word' id='word_1_14' title='bbox 1055 812 1588 907; x_wconf 89' lang='lat' dir='ltr'><strong>quadragesimo</strong></span> <span class='ocrx_word' id='word_1_15' title='bbox 1617 822 1847 903; x_wconf 85' lang='lat' dir='ltr'><strong>sexto,</strong></span> <span class='ocrx_word' id='word_1_16' title='bbox 1885 834 2128 885; x_wconf 90' lang='lat' dir='ltr'><strong>mense</strong></span> <span class='ocrx_word' id='word_1_17' title='bbox 2158 813 2552 904; x_wconf 78' lang='lat' dir='ltr'><strong>novembri,</strong></span> <span class='ocrx_word' id='word_1_18' title='bbox 2592 813 2834 906; x_wconf 79' lang='lat' dir='ltr'><strong>quinte</strong></span> <span class='ocrx_word' id='word_1_19' title='bbox 2865 812 3290 889; x_wconf 88' lang='lat' dir='ltr'><strong>indictionis.</strong></span> 
     </span>
    </p>
   </div>
   <div class='ocr_carea' id='block_1_4' title="bbox 1050 1372 3868 1748">
    <p class='ocr_par' dir='ltr' id='par_1_4' title="bbox 1050 1372 3868 1748">
     <span class='ocr_line' id='line_1_5' title="bbox 1117 1372 3868 1484; baseline -0 -27"><span class='ocrx_word' id='word_1_20' title='bbox 1117 1372 1585 1457; x_wconf 74' lang='lat' dir='ltr'><strong>&#39;Fridericus</strong></span> <span class='ocrx_word' id='word_1_21' title='bbox 1605 1436 1628 1480; x_wconf 89' lang='lat'><strong>,</strong></span> <span class='ocrx_word' id='word_1_22' title='bbox 1684 1373 2202 1458; x_wconf 87' lang='lat' dir='ltr'><strong>Romanorum</strong></span> <span class='ocrx_word' id='word_1_23' title='bbox 2255 1374 2696 1484; x_wconf 87' lang='lat' dir='ltr'><strong>imperator,</strong></span> <span class='ocrx_word' id='word_1_24' title='bbox 2762 1383 3031 1457; x_wconf 92' lang='lat' dir='ltr'><strong>notum</strong></span> <span class='ocrx_word' id='word_1_25' title='bbox 3094 1373 3278 1456; x_wconf 84' lang='lat' dir='ltr'><strong>facit</strong></span> <span class='ocrx_word' id='word_1_26' title='bbox 3346 1399 3428 1456; x_wconf 93' lang='lat' dir='ltr'><strong>se</strong></span> <span class='ocrx_word' id='word_1_27' title='bbox 3489 1385 3868 1456; x_wconf 89' lang='lat' dir='ltr'><strong>mercato-</strong></span> 
     </span>
     <span class='ocr_line' id='line_1_6' title="bbox 1050 1505 3864 1616; baseline -0 -27"><span class='ocrx_word' id='word_1_28' title='bbox 1050 1505 1266 1589; x_wconf 84' lang='lat' dir='ltr'>ribus</span> <span class='ocrx_word' id='word_1_29' title='bbox 1338 1507 1631 1615; x_wconf 89' lang='lat' dir='ltr'><strong>imperii</strong></span> <span class='ocrx_word' id='word_1_30' title='bbox 1693 1518 1771 1589; x_wconf 90' lang='lat' dir='ltr'><strong>et</strong></span> <span class='ocrx_word' id='word_1_31' title='bbox 1822 1508 2037 1616; x_wconf 85' lang='lat' dir='ltr'><strong>regni</strong></span> <span class='ocrx_word' id='word_1_32' title='bbox 2098 1507 2218 1590; x_wconf 92' lang='lat' dir='ltr'><strong>sui</strong></span> <span class='ocrx_word' id='word_1_33' title='bbox 2281 1507 2742 1590; x_wconf 74' lang='lat' dir='ltr'><strong>concessisse</strong></span> <span class='ocrx_word' id='word_1_34' title='bbox 2800 1517 2890 1589; x_wconf 94' lang='lat' dir='ltr'><strong>ut</strong></span> <span class='ocrx_word' id='word_1_35' title='bbox 2958 1505 3267 1588; x_wconf 90' lang='lat' dir='ltr'><strong>Francis</strong></span> <span class='ocrx_word' id='word_1_36' title='bbox 3328 1505 3864 1615; x_wconf 78' lang='lat' dir='ltr'><strong>crucesignatis</strong></span> 
     </span>
     <span class='ocr_line' id='line_1_7' title="bbox 1051 1637 3862 1748; baseline -0 -27"><span class='ocrx_word' id='word_1_37' title='bbox 1051 1637 1368 1722; x_wconf 90' lang='lat' dir='ltr'><strong>bladum</strong></span> <span class='ocrx_word' id='word_1_38' title='bbox 1422 1649 1497 1720; x_wconf 90' lang='lat' dir='ltr'><strong>et</strong></span> <span class='ocrx_word' id='word_1_39' title='bbox 1531 1637 1683 1720; x_wconf 89' lang='lat' dir='ltr'><strong>alia</strong></span> <span class='ocrx_word' id='word_1_40' title='bbox 1715 1638 2076 1721; x_wconf 82' lang='lat' dir='ltr'><strong>victualia</strong></span> <span class='ocrx_word' id='word_1_41' title='bbox 2112 1639 2594 1747; x_wconf 82' lang='lat' dir='ltr'><strong>suppeditare</strong></span> <span class='ocrx_word' id='word_1_42' title='bbox 2627 1639 2956 1748; x_wconf 87' lang='lat' dir='ltr'><strong>possint,</strong></span> <span class='ocrx_word' id='word_1_43' title='bbox 2999 1638 3274 1722; x_wconf 88' lang='lat' dir='ltr'><strong>idonea</strong></span> <span class='ocrx_word' id='word_1_44' title='bbox 3317 1637 3463 1721; x_wconf 90' lang='lat' dir='ltr'><strong>sihi</strong></span> <span class='ocrx_word' id='word_1_45' title='bbox 3510 1638 3862 1746; x_wconf 89' lang='lat' dir='ltr'><strong>praestita</strong></span> 
     </span>
    </p>
   </div>
   <div class='ocr_carea' id='block_1_5' title="bbox 983 1759 3860 1881">
    <p class='ocr_par' dir='ltr' id='par_1_5' title="bbox 983 1759 3860 1881">
     <span class='ocr_line' id='line_1_8' title="bbox 983 1759 3860 1881; baseline 0 -28"><span class='ocrx_word' id='word_1_46' title='bbox 983 1783 990 1790; x_wconf 79' lang='lat'><strong><em>‘</em></strong></span> <span class='ocrx_word' id='word_1_47' title='bbox 1049 1770 1397 1853; x_wconf 90' lang='lat' dir='ltr'><strong>cautione</strong></span> <span class='ocrx_word' id='word_1_48' title='bbox 1443 1759 1594 1881; x_wconf 59' lang='lat' dir='ltr'><strong>&#39;per</strong></span> <span class='ocrx_word' id='word_1_49' title='bbox 1644 1769 1933 1852; x_wconf 88' lang='lat' dir='ltr'><strong>litteras</strong></span> <span class='ocrx_word' id='word_1_50' title='bbox 1990 1771 2193 1881; x_wconf 86' lang='lat' dir='ltr'><strong>regis</strong></span> <span class='ocrx_word' id='word_1_51' title='bbox 2246 1769 2713 1854; x_wconf 88' lang='lat' dir='ltr'><strong>Francorum</strong></span> <span class='ocrx_word' id='word_1_52' title='bbox 2771 1771 2980 1881; x_wconf 88' lang='lat' dir='ltr'><strong>quod</strong></span> <span class='ocrx_word' id='word_1_53' title='bbox 3033 1773 3299 1854; x_wconf 90' lang='lat' dir='ltr'><strong>eadem</strong></span> <span class='ocrx_word' id='word_1_54' title='bbox 3353 1769 3709 1853; x_wconf 85' lang='lat' dir='ltr'><strong>victualia</strong></span> <span class='ocrx_word' id='word_1_55' title='bbox 3764 1771 3860 1853; x_wconf 93' lang='lat' dir='ltr'><strong>ad</strong></span> 
     </span>
    </p>
   </div>
   <div class='ocr_carea' id='block_1_6' title="bbox 1046 1901 3856 2119">
    <p class='ocr_par' dir='ltr' id='par_1_6' title="bbox 1046 1901 3856 2119">
     <span class='ocr_line' id='line_1_9' title="bbox 1046 1901 3856 1986; baseline -0.001 -2"><span class='ocrx_word' id='word_1_56' title='bbox 1046 1903 1526 1985; x_wconf 77' lang='lat' dir='ltr'><strong>necessitates</strong></span> <span class='ocrx_word' id='word_1_57' title='bbox 1592 1901 2103 1986; x_wconf 87' lang='lat' dir='ltr'><strong>Aconensium</strong></span> <span class='ocrx_word' id='word_1_58' title='bbox 2174 1928 2309 1985; x_wconf 92' lang='lat' dir='ltr'><strong>seu</strong></span> <span class='ocrx_word' id='word_1_59' title='bbox 2382 1901 2711 1986; x_wconf 89' lang='lat' dir='ltr'><strong>aliorum</strong></span> <span class='ocrx_word' id='word_1_60' title='bbox 2790 1901 3216 1986; x_wconf 87' lang='lat' dir='ltr'><strong>infidelium</strong></span> <span class='ocrx_word' id='word_1_61' title='bbox 3291 1927 3607 1986; x_wconf 90' lang='lat' dir='ltr'><strong>suorum</strong></span> <span class='ocrx_word' id='word_1_62' title='bbox 3705 1927 3856 1985; x_wconf 91' lang='lat' dir='ltr'><strong>non</strong></span> 
     </span>
     <span class='ocr_line' id='line_1_10' title="bbox 1046 2034 1765 2119; baseline -0.001 -2"><span class='ocrx_word' id='word_1_63' title='bbox 1046 2034 1373 2119; x_wconf 90' lang='lat' dir='ltr'><strong>debeant</strong></span> <span class='ocrx_word' id='word_1_64' title='bbox 1406 2036 1765 2119; x_wconf 88' lang='lat' dir='ltr'><strong>converti.</strong></span> 
     </span>
    </p>
   </div>
   <div class='ocr_carea' id='block_1_7' title="bbox 1207 2244 3847 2433">
    <p class='ocr_par' dir='ltr' id='par_1_7' title="bbox 1207 2244 3847 2433">
     <span class='ocr_line' id='line_1_11' title="bbox 1207 2244 3847 2329; baseline -0.002 -19"><span class='ocrx_word' id='word_1_65' title='bbox 1207 2249 1453 2329; x_wconf 81' lang='lat' dir='ltr'><strong>(Inedit.</strong></span> <span class='ocrx_word' id='word_1_66' title='bbox 1485 2266 1562 2310; x_wconf 87' lang='lat' dir='ltr'><strong>ex</strong></span> <span class='ocrx_word' id='word_1_67' title='bbox 1589 2250 1805 2326; x_wconf 77' lang='lat' dir='ltr'><strong>origin.</strong></span> <span class='ocrx_word' id='word_1_68' title='bbox 1838 2250 1900 2307; x_wconf 83' lang='lat' dir='ltr'><strong>in</strong></span> <span class='ocrx_word' id='word_1_69' title='bbox 1942 2247 2184 2309; x_wconf 84' lang='lat' dir='ltr'><strong>arcblvo</strong></span> <span class='ocrx_word' id='word_1_70' title='bbox 2219 2248 2465 2311; x_wconf 71' lang='lat' dir='ltr'><strong>Cesarea</strong></span> <span class='ocrx_word' id='word_1_71' title='bbox 2495 2244 2714 2320; x_wconf 70' lang='lat' dir='ltr'><strong>Paris„</strong></span> <span class='ocrx_word' id='word_1_72' title='bbox 2764 2245 2972 2309; x_wconf 65' lang='lat' dir='ltr'><strong>Tresor</strong></span> <span class='ocrx_word' id='word_1_73' title='bbox 3007 2244 3106 2309; x_wconf 73' lang='lat' dir='ltr'><strong>dee</strong></span> <span class='ocrx_word' id='word_1_74' title='bbox 3132 2245 3384 2324; x_wconf 57' lang='grc' dir='ltr'><strong>ἅπαντα,</strong></span> <span class='ocrx_word' id='word_1_75' title='bbox 3422 2248 3484 2311; x_wconf 77' lang='lat' dir='ltr'><strong>J.</strong></span> <span class='ocrx_word' id='word_1_76' title='bbox 3524 2254 3663 2324; x_wconf 74' lang='lat'><strong>448,</strong></span> <span class='ocrx_word' id='word_1_77' title='bbox 3690 2255 3758 2306; x_wconf 86' lang='lat' dir='ltr'><strong>n·</strong></span> <span class='ocrx_word' id='word_1_78' title='bbox 3788 2256 3847 2324; x_wconf 72' lang='grc' dir='ltr'><strong>ις</strong></span> 
     </span>
     <span class='ocr_line' id='line_1_12' title="bbox 1281 2353 2355 2433; baseline -0.002 -17"><span class='ocrx_word' id='word_1_79' title='bbox 1281 2356 1442 2417; x_wconf 87' lang='lat' dir='ltr'><strong>unde</strong></span> <span class='ocrx_word' id='word_1_80' title='bbox 1469 2354 1642 2433; x_wconf 77' lang='lat' dir='ltr'><strong>slgllll</strong></span> <span class='ocrx_word' id='word_1_81' title='bbox 1670 2355 1948 2432; x_wconf 80' lang='lat' dir='ltr'><strong>reliquiae</strong></span> <span class='ocrx_word' id='word_1_82' title='bbox 1975 2353 2355 2433; x_wconf 78' lang='lat' dir='ltr'><strong>pendebant.)</strong></span> 
     </span>
    </p>
   </div>
   <div class='ocr_carea' id='block_1_8' title="bbox 1036 2539 3853 2759">
    <p class='ocr_par' dir='ltr' id='par_1_8' title="bbox 1036 2539 3853 2759">
     <span class='ocr_line' id='line_1_13' title="bbox 1134 2539 3853 2637; baseline -0.002 -22"><span class='ocrx_word' id='word_1_83' title='bbox 1134 2543 1548 2630; x_wconf 85' lang='lat' dir='ltr'><strong>Fridericus,</strong></span> <span class='ocrx_word' id='word_1_84' title='bbox 1575 2542 1700 2613; x_wconf 86' lang='lat' dir='ltr'><strong>Dei</strong></span> <span class='ocrx_word' id='word_1_85' title='bbox 1734 2542 1956 2634; x_wconf 88' lang='lat' dir='ltr'><strong>gratia</strong></span> <span class='ocrx_word' id='word_1_86' title='bbox 1986 2543 2453 2614; x_wconf 86' lang='lat' dir='ltr'><strong>Romanorum</strong></span> <span class='ocrx_word' id='word_1_87' title='bbox 2487 2541 2863 2637; x_wconf 89' lang='lat' dir='ltr'><strong>imperator</strong></span> <span class='ocrx_word' id='word_1_88' title='bbox 2892 2561 3171 2635; x_wconf 84' lang='lat' dir='ltr'><strong>semper</strong></span> <span class='ocrx_word' id='word_1_89' title='bbox 3198 2550 3560 2632; x_wconf 88' lang='lat' dir='ltr'><strong>augustus,</strong></span> <span class='ocrx_word' id='word_1_90' title='bbox 3590 2539 3853 2611; x_wconf 86' lang='lat' dir='ltr'><strong>Jerusa-</strong></span> 
     </span>
     <span class='ocr_line' id='line_1_14' title="bbox 1036 2661 3849 2759; baseline -0.002 -21"><span class='ocrx_word' id='word_1_91' title='bbox 1036 2667 1173 2738; x_wconf 91' lang='lat' dir='ltr'><strong>lem</strong></span> <span class='ocrx_word' id='word_1_92' title='bbox 1207 2678 1275 2738; x_wconf 91' lang='lat' dir='ltr'><strong>et</strong></span> <span class='ocrx_word' id='word_1_93' title='bbox 1308 2666 1536 2738; x_wconf 89' lang='lat' dir='ltr'><strong>Sicilie</strong></span> <span class='ocrx_word' id='word_1_94' title='bbox 1568 2686 1720 2736; x_wconf 86' lang='lat' dir='ltr'><strong>rex.</strong></span> <span class='ocrx_word' id='word_1_95' title='bbox 1752 2665 2017 2737; x_wconf 91' lang='lat' dir='ltr'><strong>Tenore</strong></span> <span class='ocrx_word' id='word_1_96' title='bbox 2047 2665 2472 2759; x_wconf 90' lang='lat' dir='ltr'><strong>presentium</strong></span> <span class='ocrx_word' id='word_1_97' title='bbox 2502 2673 2744 2736; x_wconf 89' lang='lat' dir='ltr'><strong>notum</strong></span> <span class='ocrx_word' id='word_1_98' title='bbox 2773 2661 2922 2735; x_wconf 83' lang='lat' dir='ltr'><strong>fieri</strong></span> <span class='ocrx_word' id='word_1_99' title='bbox 2945 2666 3267 2736; x_wconf 89' lang='lat' dir='ltr'><strong>volumus</strong></span> <span class='ocrx_word' id='word_1_100' title='bbox 3292 2662 3635 2734; x_wconf 88' lang='lat' dir='ltr'><strong>universis</strong></span> <span class='ocrx_word' id='word_1_101' title='bbox 3663 2661 3849 2756; x_wconf 88' lang='lat' dir='ltr'><strong>quod</strong></span> 
     </span>
    </p>
   </div>
   <div class='ocr_carea' id='block_1_9' title="bbox 1009 2786 3849 4732">
    <p class='ocr_par' dir='ltr' id='par_1_9' title="bbox 1009 2786 3849 4732">
     <span class='ocr_line' id='line_1_15' title="bbox 1034 2786 3849 2883; baseline -0.001 -21"><span class='ocrx_word' id='word_1_102' title='bbox 1034 2811 1165 2862; x_wconf 93' lang='lat' dir='ltr'><strong>nos</strong></span> <span class='ocrx_word' id='word_1_103' title='bbox 1193 2788 1691 2860; x_wconf 84' lang='lat' dir='ltr'><strong>mercatoribus</strong></span> <span class='ocrx_word' id='word_1_104' title='bbox 1721 2789 2046 2860; x_wconf 92' lang='lat' dir='ltr'><strong>omnibus</strong></span> <span class='ocrx_word' id='word_1_105' title='bbox 2070 2797 2211 2858; x_wconf 88' lang='lat' dir='ltr'><strong>tam</strong></span> <span class='ocrx_word' id='word_1_106' title='bbox 2240 2787 2329 2859; x_wconf 87' lang='lat' dir='ltr'><strong>de</strong></span> <span class='ocrx_word' id='word_1_107' title='bbox 2358 2787 2650 2883; x_wconf 90' lang='lat' dir='ltr'><strong>imperio</strong></span> <span class='ocrx_word' id='word_1_108' title='bbox 2675 2797 2747 2858; x_wconf 92' lang='lat' dir='ltr'><strong>et</strong></span> <span class='ocrx_word' id='word_1_109' title='bbox 2769 2808 2984 2881; x_wconf 90' lang='lat' dir='ltr'><strong>regno</strong></span> <span class='ocrx_word' id='word_1_110' title='bbox 3011 2798 3249 2858; x_wconf 90' lang='lat' dir='ltr'><strong>nostro</strong></span> <span class='ocrx_word' id='word_1_111' title='bbox 3276 2808 3484 2879; x_wconf 91' lang='lat' dir='ltr'><strong>quam</strong></span> <span class='ocrx_word' id='word_1_112' title='bbox 3519 2786 3607 2857; x_wconf 91' lang='lat' dir='ltr'><strong>de</strong></span> <span class='ocrx_word' id='word_1_113' title='bbox 3638 2805 3849 2879; x_wconf 84' lang='lat' dir='ltr'><strong>regno</strong></span> 
     </span>
     <span class='ocr_line' id='line_1_16' title="bbox 1031 2912 3845 3007; baseline -0.002 -21"><span class='ocrx_word' id='word_1_114' title='bbox 1031 2915 1318 2986; x_wconf 87' lang='lat' dir='ltr'><strong>Francie</strong></span> <span class='ocrx_word' id='word_1_115' title='bbox 1380 2923 1452 2985; x_wconf 91' lang='lat' dir='ltr'><strong>et</strong></span> <span class='ocrx_word' id='word_1_116' title='bbox 1511 2914 2063 3007; x_wconf 91' lang='lat' dir='ltr'><strong>quibuscumque</strong></span> <span class='ocrx_word' id='word_1_117' title='bbox 2116 2913 2270 2984; x_wconf 92' lang='lat' dir='ltr'><strong>aliis</strong></span> <span class='ocrx_word' id='word_1_118' title='bbox 2315 2913 2630 3007; x_wconf 88' lang='lat' dir='ltr'><strong>partibus</strong></span> <span class='ocrx_word' id='word_1_119' title='bbox 2681 2912 2774 2984; x_wconf 87' lang='lat' dir='ltr'><strong>ad</strong></span> <span class='ocrx_word' id='word_1_120' title='bbox 2826 2921 3079 2983; x_wconf 80' lang='lat' dir='ltr'><strong>terram</strong></span> <span class='ocrx_word' id='word_1_121' title='bbox 3132 2920 3441 2983; x_wconf 80' lang='lat' dir='ltr'><strong>sanctam</strong></span> <span class='ocrx_word' id='word_1_122' title='bbox 3496 2932 3635 2982; x_wconf 92' lang='lat' dir='ltr'><strong>una</strong></span> <span class='ocrx_word' id='word_1_123' title='bbox 3689 2932 3845 2981; x_wconf 92' lang='lat' dir='ltr'><strong>cum</strong></span> 
     </span>
     <span class='ocr_line' id='line_1_17' title="bbox 1030 3035 3843 3128; baseline -0.001 -20"><span class='ocrx_word' id='word_1_124' title='bbox 1030 3037 1384 3109; x_wconf 90' lang='lat' dir='ltr'><strong>Ludovico</strong></span> <span class='ocrx_word' id='word_1_125' title='bbox 1414 3036 1660 3106; x_wconf 85' lang='lat' dir='ltr'><strong>illustri</strong></span> <span class='ocrx_word' id='word_1_126' title='bbox 1690 3058 1851 3128; x_wconf 89' lang='lat' dir='ltr'><strong>rege</strong></span> <span class='ocrx_word' id='word_1_127' title='bbox 1882 3037 2302 3108; x_wconf 86' lang='lat' dir='ltr'><strong>Francorum</strong></span> <span class='ocrx_word' id='word_1_128' title='bbox 2341 3036 2594 3108; x_wconf 90' lang='lat' dir='ltr'><strong>dilecto</strong></span> <span class='ocrx_word' id='word_1_129' title='bbox 2620 3035 2847 3108; x_wconf 89' lang='lat' dir='ltr'><strong>amico</strong></span> <span class='ocrx_word' id='word_1_130' title='bbox 2872 3044 3111 3108; x_wconf 88' lang='lat' dir='ltr'><strong>nostro</strong></span> <span class='ocrx_word' id='word_1_131' title='bbox 3145 3035 3585 3106; x_wconf 81' lang='lat' dir='ltr'><strong>transfretare</strong></span> <span class='ocrx_word' id='word_1_132' title='bbox 3607 3035 3843 3106; x_wconf 88' lang='lat' dir='ltr'><strong>volen-</strong></span> 
     </span>
     <span class='ocr_line' id='line_1_18' title="bbox 1033 3157 3841 3253; baseline -0.001 -21"><span class='ocrx_word' id='word_1_133' title='bbox 1033 3160 1217 3232; x_wconf 90' lang='lat' dir='ltr'><strong>tibus</strong></span> <span class='ocrx_word' id='word_1_134' title='bbox 1247 3158 1595 3229; x_wconf 88' lang='lat' dir='ltr'><strong>licentiam</strong></span> <span class='ocrx_word' id='word_1_135' title='bbox 1631 3167 1703 3228; x_wconf 90' lang='lat' dir='ltr'><strong>et</strong></span> <span class='ocrx_word' id='word_1_136' title='bbox 1735 3159 2175 3230; x_wconf 84' lang='lat' dir='ltr'><strong>securitatem</strong></span> <span class='ocrx_word' id='word_1_137' title='bbox 2207 3157 2528 3230; x_wconf 89' lang='lat' dir='ltr'><strong>dedimus</strong></span> <span class='ocrx_word' id='word_1_138' title='bbox 2562 3168 2642 3229; x_wconf 91' lang='lat' dir='ltr'><strong>ut</strong></span> <span class='ocrx_word' id='word_1_139' title='bbox 2688 3179 2816 3251; x_wconf 91' lang='lat' dir='ltr'><strong>per</strong></span> <span class='ocrx_word' id='word_1_140' title='bbox 2850 3158 3213 3253; x_wconf 87' lang='lat' dir='ltr'><strong>imperium</strong></span> <span class='ocrx_word' id='word_1_141' title='bbox 3256 3167 3327 3229; x_wconf 91' lang='lat' dir='ltr'><strong>et</strong></span> <span class='ocrx_word' id='word_1_142' title='bbox 3358 3179 3652 3249; x_wconf 88' lang='lat' dir='ltr'><strong>regnum</strong></span> <span class='ocrx_word' id='word_1_143' title='bbox 3683 3178 3841 3229; x_wconf 91' lang='lat' dir='ltr'><strong>nos-</strong></span> 
     </span>
     <span class='ocr_line' id='line_1_19' title="bbox 1030 3277 3838 3376; baseline -0.001 -22"><span class='ocrx_word' id='word_1_144' title='bbox 1030 3292 1215 3354; x_wconf 88' lang='lat' dir='ltr'><strong>trum</strong></span> <span class='ocrx_word' id='word_1_145' title='bbox 1248 3280 1527 3351; x_wconf 84' lang='lat' dir='ltr'><strong>bladam</strong></span> <span class='ocrx_word' id='word_1_146' title='bbox 1558 3277 1707 3373; x_wconf 78' lang='lat' dir='ltr'><strong>(sic)</strong></span> <span class='ocrx_word' id='word_1_147' title='bbox 1737 3290 1809 3352; x_wconf 90' lang='lat' dir='ltr'><strong>et</strong></span> <span class='ocrx_word' id='word_1_148' title='bbox 1834 3282 2218 3352; x_wconf 89' lang='lat' dir='ltr'><strong>necessaria</strong></span> <span class='ocrx_word' id='word_1_149' title='bbox 2252 3281 2561 3375; x_wconf 85' lang='lat' dir='ltr'><strong>quelibet</strong></span> <span class='ocrx_word' id='word_1_150' title='bbox 2589 3290 2730 3351; x_wconf 88' lang='lat' dir='ltr'><strong>tam</strong></span> <span class='ocrx_word' id='word_1_151' title='bbox 2763 3302 2890 3376; x_wconf 92' lang='lat' dir='ltr'><strong>pro</strong></span> <span class='ocrx_word' id='word_1_152' title='bbox 2928 3302 3091 3373; x_wconf 89' lang='lat' dir='ltr'><strong>rege</strong></span> <span class='ocrx_word' id='word_1_153' title='bbox 3132 3281 3444 3376; x_wconf 84' lang='lat' dir='ltr'><strong>predicto</strong></span> <span class='ocrx_word' id='word_1_154' title='bbox 3474 3301 3687 3373; x_wconf 86' lang='lat' dir='ltr'><strong>quam</strong></span> <span class='ocrx_word' id='word_1_155' title='bbox 3716 3281 3838 3352; x_wconf 90' lang='lat' dir='ltr'><strong>ba-</strong></span> 
     </span>
     <span class='ocr_line' id='line_1_20' title="bbox 1026 3403 3839 3495; baseline -0.001 -17"><span class='ocrx_word' id='word_1_156' title='bbox 1026 3405 1339 3495; x_wconf 86' lang='lat' dir='ltr'><strong>ronibus,</strong></span> <span class='ocrx_word' id='word_1_157' title='bbox 1362 3403 1718 3493; x_wconf 89' lang='lat' dir='ltr'><strong>militibus,</strong></span> <span class='ocrx_word' id='word_1_158' title='bbox 1741 3405 2088 3476; x_wconf 91' lang='lat' dir='ltr'><strong>nobilibus</strong></span> <span class='ocrx_word' id='word_1_159' title='bbox 2115 3414 2188 3475; x_wconf 86' lang='lat' dir='ltr'><strong>et</strong></span> <span class='ocrx_word' id='word_1_160' title='bbox 2208 3403 2703 3495; x_wconf 81' lang='lat' dir='ltr'><strong>crucesignatis</strong></span> <span class='ocrx_word' id='word_1_161' title='bbox 2729 3404 2881 3475; x_wconf 83' lang='lat' dir='ltr'><strong>aliis</strong></span> <span class='ocrx_word' id='word_1_162' title='bbox 2904 3425 3063 3475; x_wconf 92' lang='lat' dir='ltr'><strong>cum</strong></span> <span class='ocrx_word' id='word_1_163' title='bbox 3092 3404 3339 3476; x_wconf 89' lang='lat' dir='ltr'><strong>eodem</strong></span> <span class='ocrx_word' id='word_1_164' title='bbox 3368 3425 3531 3495; x_wconf 90' lang='lat' dir='ltr'><strong>rege</strong></span> <span class='ocrx_word' id='word_1_165' title='bbox 3559 3404 3633 3474; x_wconf 93' lang='lat' dir='ltr'><strong>in</strong></span> <span class='ocrx_word' id='word_1_166' title='bbox 3666 3415 3839 3475; x_wconf 88' lang='lat' dir='ltr'><strong>terre</strong></span> 
     </span>
     <span class='ocr_line' id='line_1_21' title="bbox 1025 3527 3836 3623; baseline -0.001 -21"><span class='ocrx_word' id='word_1_167' title='bbox 1025 3539 1264 3603; x_wconf 89' lang='lat' dir='ltr'><strong>sancte</strong></span> <span class='ocrx_word' id='word_1_168' title='bbox 1302 3527 1685 3600; x_wconf 89' lang='lat' dir='ltr'><strong>subsidium</strong></span> <span class='ocrx_word' id='word_1_169' title='bbox 1724 3529 2136 3623; x_wconf 86' lang='lat' dir='ltr'><strong>profecturis</strong></span> <span class='ocrx_word' id='word_1_170' title='bbox 2173 3549 2214 3599; x_wconf 94' lang='lat' dir='ltr'><strong>a</strong></span> <span class='ocrx_word' id='word_1_171' title='bbox 2259 3528 2574 3604; x_wconf 85' lang='lat' dir='ltr'><strong>kalendis</strong></span> <span class='ocrx_word' id='word_1_172' title='bbox 2602 3528 2832 3599; x_wconf 90' lang='lat' dir='ltr'><strong>martii</strong></span> <span class='ocrx_word' id='word_1_173' title='bbox 2866 3528 3090 3622; x_wconf 90' lang='lat' dir='ltr'><strong>primo</strong></span> <span class='ocrx_word' id='word_1_174' title='bbox 3125 3530 3356 3600; x_wconf 86' lang='lat' dir='ltr'><strong>future</strong></span> <span class='ocrx_word' id='word_1_175' title='bbox 3391 3538 3590 3599; x_wconf 82' lang='lat' dir='ltr'><strong>sexte</strong></span> <span class='ocrx_word' id='word_1_176' title='bbox 3622 3527 3836 3599; x_wconf 88' lang='lat' dir='ltr'><strong>indic·</strong></span> 
     </span>
     <span class='ocr_line' id='line_1_22' title="bbox 1025 3650 3836 3746; baseline -0.001 -21"><span class='ocrx_word' id='word_1_177' title='bbox 1025 3653 1232 3726; x_wconf 87' lang='lat' dir='ltr'><strong>tionis</strong></span> <span class='ocrx_word' id='word_1_178' title='bbox 1271 3652 1343 3722; x_wconf 93' lang='lat' dir='ltr'><strong>in</strong></span> <span class='ocrx_word' id='word_1_179' title='bbox 1373 3661 1580 3722; x_wconf 88' lang='lat' dir='ltr'><strong>antea</strong></span> <span class='ocrx_word' id='word_1_180' title='bbox 1617 3673 1838 3743; x_wconf 89' lang='lat' dir='ltr'><strong>usque</strong></span> <span class='ocrx_word' id='word_1_181' title='bbox 1871 3672 1997 3746; x_wconf 91' lang='lat' dir='ltr'><strong>per</strong></span> <span class='ocrx_word' id='word_1_182' title='bbox 2028 3661 2249 3725; x_wconf 89' lang='lat' dir='ltr'><strong>totum</strong></span> <span class='ocrx_word' id='word_1_183' title='bbox 2284 3661 2556 3746; x_wconf 91' lang='lat' dir='ltr'><strong>tempus</strong></span> <span class='ocrx_word' id='word_1_184' title='bbox 2593 3672 2734 3743; x_wconf 90' lang='lat' dir='ltr'><strong>quo</strong></span> <span class='ocrx_word' id='word_1_185' title='bbox 2774 3653 3081 3746; x_wconf 86' lang='lat' dir='ltr'><strong>prefatus</strong></span> <span class='ocrx_word' id='word_1_186' title='bbox 3113 3674 3238 3723; x_wconf 82' lang='lat' dir='ltr'><strong>rex</strong></span> <span class='ocrx_word' id='word_1_187' title='bbox 3267 3652 3339 3721; x_wconf 93' lang='lat' dir='ltr'><strong>in</strong></span> <span class='ocrx_word' id='word_1_188' title='bbox 3377 3650 3836 3722; x_wconf 87' lang='lat' dir='ltr'><strong>ultramarinis</strong></span> 
     </span>
     <span class='ocr_line' id='line_1_23' title="bbox 1019 3774 3834 3873; baseline -0.001 -24"><span class='ocrx_word' id='word_1_189' title='bbox 1019 3777 1332 3873; x_wconf 86' lang='lat' dir='ltr'><strong>partibus</strong></span> <span class='ocrx_word' id='word_1_190' title='bbox 1350 3797 1478 3871; x_wconf 90' lang='lat' dir='ltr'><strong>pro</strong></span> <span class='ocrx_word' id='word_1_191' title='bbox 1495 3774 1739 3846; x_wconf 88' lang='lat' dir='ltr'><strong>Christi</strong></span> <span class='ocrx_word' id='word_1_192' title='bbox 1769 3774 2053 3846; x_wconf 90' lang='lat' dir='ltr'><strong>servitio</strong></span> <span class='ocrx_word' id='word_1_193' title='bbox 2083 3795 2347 3846; x_wconf 91' lang='lat' dir='ltr'><strong>moram</strong></span> <span class='ocrx_word' id='word_1_194' title='bbox 2384 3774 2635 3864; x_wconf 91' lang='lat' dir='ltr'><strong>trahet,</strong></span> <span class='ocrx_word' id='word_1_195' title='bbox 2659 3796 2917 3864; x_wconf 92' lang='lat' dir='ltr'><strong>emere,</strong></span> <span class='ocrx_word' id='word_1_196' title='bbox 2947 3787 3019 3846; x_wconf 90' lang='lat' dir='ltr'><strong>et</strong></span> <span class='ocrx_word' id='word_1_197' title='bbox 3040 3787 3401 3869; x_wconf 87' lang='lat' dir='ltr'><strong>postquam</strong></span> <span class='ocrx_word' id='word_1_198' title='bbox 3425 3795 3552 3869; x_wconf 90' lang='lat' dir='ltr'><strong>per</strong></span> <span class='ocrx_word' id='word_1_199' title='bbox 3577 3775 3834 3845; x_wconf 88' lang='lat' dir='ltr'><strong>litteras</strong></span> 
     </span>
     <span class='ocr_line' id='line_1_24' title="bbox 1021 3896 3828 3995; baseline -0.002 -23"><span class='ocrx_word' id='word_1_200' title='bbox 1021 3899 1313 3995; x_wconf 85' lang='lat' dir='ltr'><strong>predicti</strong></span> <span class='ocrx_word' id='word_1_201' title='bbox 1341 3898 1522 3991; x_wconf 90' lang='lat' dir='ltr'><strong>regis</strong></span> <span class='ocrx_word' id='word_1_202' title='bbox 1547 3896 1774 3986; x_wconf 92' lang='lat' dir='ltr'><strong>nobis,</strong></span> <span class='ocrx_word' id='word_1_203' title='bbox 1813 3896 1870 3967; x_wconf 93' lang='lat' dir='ltr'><strong>si</strong></span> <span class='ocrx_word' id='word_1_204' title='bbox 1904 3907 2258 3991; x_wconf 87' lang='lat' dir='ltr'><strong>presentes</strong></span> <span class='ocrx_word' id='word_1_205' title='bbox 2286 3896 2355 3966; x_wconf 90' lang='lat' dir='ltr'><strong>in</strong></span> <span class='ocrx_word' id='word_1_206' title='bbox 2390 3917 2606 3990; x_wconf 88' lang='lat' dir='ltr'><strong>reguo</strong></span> <span class='ocrx_word' id='word_1_207' title='bbox 2635 3897 2992 3989; x_wconf 66' lang='lat' dir='ltr'><strong>suerimm,</strong></span> <span class='ocrx_word' id='word_1_208' title='bbox 3029 3899 3140 3969; x_wconf 90' lang='lat' dir='ltr'><strong>vel</strong></span> <span class='ocrx_word' id='word_1_209' title='bbox 3175 3898 3377 3969; x_wconf 92' lang='lat' dir='ltr'><strong>nobis</strong></span> <span class='ocrx_word' id='word_1_210' title='bbox 3401 3897 3828 3986; x_wconf 83' lang='lat' dir='ltr'><strong>absentibus,</strong></span> 
     </span>
     <span class='ocr_line' id='line_1_25' title="bbox 1018 4020 3829 4116; baseline -0.002 -21"><span class='ocrx_word' id='word_1_211' title='bbox 1018 4022 1082 4095; x_wconf 90' lang='lat' dir='ltr'><strong>ei</strong></span> <span class='ocrx_word' id='word_1_212' title='bbox 1121 4023 1242 4116; x_wconf 89' lang='lat' dir='ltr'><strong>qui</strong></span> <span class='ocrx_word' id='word_1_213' title='bbox 1278 4021 1536 4092; x_wconf 89' lang='lat' dir='ltr'><strong>ibidem</strong></span> <span class='ocrx_word' id='word_1_214' title='bbox 1567 4020 1860 4112; x_wconf 82' lang='lat' dir='ltr'><strong>gesserit</strong></span> <span class='ocrx_word' id='word_1_215' title='bbox 1887 4020 2077 4092; x_wconf 89' lang='lat' dir='ltr'><strong>vices</strong></span> <span class='ocrx_word' id='word_1_216' title='bbox 2109 4030 2418 4108; x_wconf 89' lang='lat' dir='ltr'><strong>nostras,</strong></span> <span class='ocrx_word' id='word_1_217' title='bbox 2456 4021 2664 4114; x_wconf 91' lang='lat' dir='ltr'><strong>plene</strong></span> <span class='ocrx_word' id='word_1_218' title='bbox 2703 4021 3085 4093; x_wconf 87' lang='lat' dir='ltr'><strong>constiterit</strong></span> <span class='ocrx_word' id='word_1_219' title='bbox 3126 4020 3315 4114; x_wconf 87' lang='lat' dir='ltr'><strong>quod</strong></span> <span class='ocrx_word' id='word_1_220' title='bbox 3360 4020 3547 4092; x_wconf 87' lang='lat' dir='ltr'><strong>idem</strong></span> <span class='ocrx_word' id='word_1_221' title='bbox 3589 4043 3717 4092; x_wconf 82' lang='lat' dir='ltr'><strong>rex</strong></span> <span class='ocrx_word' id='word_1_222' title='bbox 3761 4020 3829 4090; x_wconf 93' lang='lat' dir='ltr'><strong>in</strong></span> 
     </span>
     <span class='ocr_line' id='line_1_26' title="bbox 1016 4142 3831 4238; baseline 0 -25"><span class='ocrx_word' id='word_1_223' title='bbox 1016 4155 1219 4237; x_wconf 89' lang='lat' dir='ltr'><strong>portu</strong></span> <span class='ocrx_word' id='word_1_224' title='bbox 1254 4144 1342 4215; x_wconf 92' lang='lat' dir='ltr'><strong>sit</strong></span> <span class='ocrx_word' id='word_1_225' title='bbox 1372 4143 1464 4215; x_wconf 88' lang='lat' dir='ltr'><strong>ad</strong></span> <span class='ocrx_word' id='word_1_226' title='bbox 1496 4152 1729 4237; x_wconf 89' lang='lat' dir='ltr'><strong>partes</strong></span> <span class='ocrx_word' id='word_1_227' title='bbox 1756 4143 2103 4237; x_wconf 90' lang='lat' dir='ltr'><strong>predictas</strong></span> <span class='ocrx_word' id='word_1_228' title='bbox 2133 4163 2262 4238; x_wconf 88' lang='lat' dir='ltr'><strong>pro</strong></span> <span class='ocrx_word' id='word_1_229' title='bbox 2297 4142 2543 4215; x_wconf 89' lang='lat' dir='ltr'><strong>Christi</strong></span> <span class='ocrx_word' id='word_1_230' title='bbox 2572 4142 2854 4214; x_wconf 87' lang='lat' dir='ltr'><strong>servitio</strong></span> <span class='ocrx_word' id='word_1_231' title='bbox 2885 4144 3331 4232; x_wconf 89' lang='lat' dir='ltr'><strong>transiturus,</strong></span> <span class='ocrx_word' id='word_1_232' title='bbox 3364 4142 3736 4214; x_wconf 83' lang='lat' dir='ltr'><strong>extrahere</strong></span> <span class='ocrx_word' id='word_1_233' title='bbox 3763 4153 3831 4214; x_wconf 91' lang='lat' dir='ltr'><strong>et</strong></span> 
     </span>
     <span class='ocr_line' id='line_1_27' title="bbox 1014 4264 3826 4362; baseline -0 -24"><span class='ocrx_word' id='word_1_234' title='bbox 1014 4264 1107 4338; x_wconf 87' lang='lat' dir='ltr'><strong>ad</strong></span> <span class='ocrx_word' id='word_1_235' title='bbox 1134 4266 1644 4356; x_wconf 79' lang='lat' dir='ltr'><strong>crucesignatos</strong></span> <span class='ocrx_word' id='word_1_236' title='bbox 1676 4286 1802 4358; x_wconf 89' lang='lat' dir='ltr'><strong>pro</strong></span> <span class='ocrx_word' id='word_1_237' title='bbox 1830 4265 2137 4360; x_wconf 90' lang='lat' dir='ltr'><strong>ipsorum</strong></span> <span class='ocrx_word' id='word_1_238' title='bbox 2164 4266 2478 4338; x_wconf 82' lang='lat' dir='ltr'><strong>exercitu</strong></span> <span class='ocrx_word' id='word_1_239' title='bbox 2506 4267 2790 4337; x_wconf 89' lang='lat' dir='ltr'><strong>valeant</strong></span> <span class='ocrx_word' id='word_1_240' title='bbox 2810 4266 2959 4338; x_wconf 90' lang='lat' dir='ltr'><strong>sine</strong></span> <span class='ocrx_word' id='word_1_241' title='bbox 2991 4268 3304 4359; x_wconf 90' lang='lat' dir='ltr'><strong>quolibet</strong></span> <span class='ocrx_word' id='word_1_242' title='bbox 3333 4266 3826 4362; x_wconf 86' lang='lat' dir='ltr'><strong>impedimento</strong></span> 
     </span>
     <span class='ocr_line' id='line_1_28' title="bbox 1012 4388 3823 4482; baseline -0.002 -18"><span class='ocrx_word' id='word_1_243' title='bbox 1012 4390 1314 4477; x_wconf 81' lang='lat' dir='ltr'><strong>deferre,</strong></span> <span class='ocrx_word' id='word_1_244' title='bbox 1344 4388 1595 4459; x_wconf 91' lang='lat' dir='ltr'><strong>idonea</strong></span> <span class='ocrx_word' id='word_1_245' title='bbox 1637 4408 1762 4482; x_wconf 87' lang='lat' dir='ltr'><strong>per</strong></span> <span class='ocrx_word' id='word_1_246' title='bbox 1798 4389 2080 4460; x_wconf 89' lang='lat' dir='ltr'><strong>eosdem</strong></span> <span class='ocrx_word' id='word_1_247' title='bbox 2132 4399 2549 4461; x_wconf 88' lang='lat' dir='ltr'><strong>mercatores</strong></span> <span class='ocrx_word' id='word_1_248' title='bbox 2596 4388 2882 4482; x_wconf 89' lang='lat' dir='ltr'><strong>prestita</strong></span> <span class='ocrx_word' id='word_1_249' title='bbox 2919 4390 3267 4480; x_wconf 89' lang='lat' dir='ltr'><strong>cautione,</strong></span> <span class='ocrx_word' id='word_1_250' title='bbox 3306 4410 3430 4460; x_wconf 91' lang='lat' dir='ltr'><strong>seu</strong></span> <span class='ocrx_word' id='word_1_251' title='bbox 3479 4388 3680 4460; x_wconf 88' lang='lat' dir='ltr'><strong>nobis</strong></span> <span class='ocrx_word' id='word_1_252' title='bbox 3715 4389 3823 4460; x_wconf 91' lang='lat' dir='ltr'><strong>vel</strong></span> 
     </span>
     <span class='ocr_line' id='line_1_29' title="bbox 1009 4510 3825 4610; baseline 0 -26"><span class='ocrx_word' id='word_1_253' title='bbox 1009 4511 1324 4610; x_wconf 90' lang='lat' dir='ltr'><strong>predicto</strong></span> <span class='ocrx_word' id='word_1_254' title='bbox 1350 4510 1539 4581; x_wconf 87' lang='lat' dir='ltr'><strong>vices</strong></span> <span class='ocrx_word' id='word_1_255' title='bbox 1568 4518 1838 4581; x_wconf 89' lang='lat' dir='ltr'><strong>nostras</strong></span> <span class='ocrx_word' id='word_1_256' title='bbox 1869 4512 2137 4605; x_wconf 79' lang='lat' dir='ltr'><strong>gerenti</strong></span> <span class='ocrx_word' id='word_1_257' title='bbox 2173 4533 2299 4606; x_wconf 88' lang='lat' dir='ltr'><strong>per</strong></span> <span class='ocrx_word' id='word_1_258' title='bbox 2330 4511 2666 4607; x_wconf 86' lang='lat' dir='ltr'><strong>speciales</strong></span> <span class='ocrx_word' id='word_1_259' title='bbox 2697 4510 2963 4583; x_wconf 89' lang='lat' dir='ltr'><strong>litteras</strong></span> <span class='ocrx_word' id='word_1_260' title='bbox 2999 4513 3225 4606; x_wconf 91' lang='lat' dir='ltr'><strong>regias</strong></span> <span class='ocrx_word' id='word_1_261' title='bbox 3256 4510 3395 4584; x_wconf 83' lang='lat' dir='ltr'><strong>fide</strong></span> <span class='ocrx_word' id='word_1_262' title='bbox 3427 4513 3608 4583; x_wconf 85' lang='lat' dir='ltr'><strong>facta</strong></span> <span class='ocrx_word' id='word_1_263' title='bbox 3639 4510 3825 4606; x_wconf 90' lang='lat' dir='ltr'><strong>quod</strong></span> 
     </span>
     <span class='ocr_line' id='line_1_30' title="bbox 1009 4633 3820 4732; baseline -0.003 -20"><span class='ocrx_word' id='word_1_264' title='bbox 1009 4660 1122 4711; x_wconf 89' lang='lat' dir='ltr'><strong>res</strong></span> <span class='ocrx_word' id='word_1_265' title='bbox 1156 4637 1246 4711; x_wconf 89' lang='lat' dir='ltr'><strong>de</strong></span> <span class='ocrx_word' id='word_1_266' title='bbox 1281 4655 1496 4726; x_wconf 82' lang='lat' dir='ltr'><strong>regno</strong></span> <span class='ocrx_word' id='word_1_267' title='bbox 1531 4641 1768 4704; x_wconf 88' lang='lat' dir='ltr'><strong>nostro</strong></span> <span class='ocrx_word' id='word_1_268' title='bbox 1800 4642 1872 4704; x_wconf 91' lang='lat' dir='ltr'><strong>et</strong></span> <span class='ocrx_word' id='word_1_269' title='bbox 1910 4634 2201 4730; x_wconf 91' lang='lat' dir='ltr'><strong>imperio</strong></span> <span class='ocrx_word' id='word_1_270' title='bbox 2236 4651 2504 4732; x_wconf 86' lang='lat' dir='ltr'><strong>emptas</strong></span> <span class='ocrx_word' id='word_1_271' title='bbox 2539 4635 2631 4706; x_wconf 93' lang='lat' dir='ltr'><strong>ab</strong></span> <span class='ocrx_word' id='word_1_272' title='bbox 2667 4635 2767 4706; x_wconf 91' lang='lat' dir='ltr'><strong>eis</strong></span> <span class='ocrx_word' id='word_1_273' title='bbox 2807 4657 2949 4706; x_wconf 93' lang='lat' dir='ltr'><strong>non</strong></span> <span class='ocrx_word' id='word_1_274' title='bbox 2978 4637 3118 4708; x_wconf 91' lang='lat' dir='ltr'><strong>alio</strong></span> <span class='ocrx_word' id='word_1_275' title='bbox 3152 4656 3362 4731; x_wconf 89' lang='lat' dir='ltr'><strong>quam</strong></span> <span class='ocrx_word' id='word_1_276' title='bbox 3396 4633 3489 4707; x_wconf 90' lang='lat' dir='ltr'><strong>ad</strong></span> <span class='ocrx_word' id='word_1_277' title='bbox 3524 4634 3820 4707; x_wconf 88' lang='lat' dir='ltr'><strong>crucesi-</strong></span> 
     </span>
    </p>
   </div>
  </div>
 </body>
</html>
