4364 5738
1052 576 1176 638 352
1594 632 1603 643 ,
2045 568 2473 631 rmnssalcl
2522 568 2870 631 sncmvm
3482 568 3645 648 [Anu.
3682 568 3853 632 1245.

1052 708 1532 784 auctoritatem
1573 714 1645 779 et
1681 703 2086 777 mandatum
2129 704 2415 799 plenum
2456 704 2781 800 predictis
2819 703 3146 795 magistro
3174 704 3377 776 Petro
3416 701 3506 776 de
3541 704 3758 776 Vinea
3790 712 3860 776 et

1053 836 1137 907 G.
1171 834 1260 905 de
1306 834 1484 904 Ocra
1530 829 1860 902 duximus
1906 828 2443 918 conferendum,
2478 836 2706 899 ratum
2744 825 3081 898 habentes
3122 835 3193 899 et
3229 823 3505 898 firmum
3534 824 3857 921 quicquid

1057 978 1185 1052 per
1214 954 1495 1028 eosdem
1529 954 1599 1024 in
1637 952 1771 1024 hiis
1801 973 1928 1047 pro
1956 960 2154 1047 parte
2188 951 2404 1023 nostri
2435 949 2756 1023 culminis
2783 948 3092 1022 extiterit
3120 949 3539 1022 ordinatum.

1156 1082 1407 1151 Datum
1432 1077 1793 1165 Cremone‚
1824 1074 2155 1148 vicesimo
2186 1073 2493 1147 secundo
2525 1072 2960 1169 septembris,
2992 1082 3239 1168 quarte
3270 1070 3685 1145 indictionis,

702 1708 966 1763 mm.
1173 1694 1589 1803 Imperator
1640 1691 1961 1799 acceptis
2005 1688 2401 1773 obsidibus
2455 1688 2534 1769 in
2590 1685 3048 1771 Alexandria
3063 1746 3087 1792 ‚
3137 1685 3342 1767 venit
3388 1684 3856 1768 Cremonam.

1072 1828 1222 1927 Qui
1257 1852 1434 1909 cum
1470 1826 1565 1907 de
1600 1823 2064 1935 quibusdam
2099 1820 2470 1904 militibus
2498 1820 2816 1903 Parmae
2851 1817 3260 1924 dubitaret,
3305 1816 3671 1926 equitavit
3702 1840 3865 1898 cum

1074 1957 1706 2045 Cremonensibus
1753 1955 1959 2063 apud
2003 1953 2339 2064 burgum
2393 1951 2647 2037 Sancti
2697 1950 3085 2033 Domnini.
3125 1949 3474 2031 Dimissis
3522 1947 3633 2030 ibi
3693 1947 3872 2030 Cre-

1071 2091 1604 2196 monensibus,
1661 2088 2024 2199 equitavit
2081 2113 2260 2170 cum
2316 2085 2685 2168 militibus
2739 2083 2898 2165 suis
2945 2083 3367 2168 Fontanam
3417 2080 3692 2163 Vivam
3744 2078 3872 2159 in-

1070 2216 1424 2335 venitque
1489 2224 1570 2304 in
1636 2219 2033 2303 secretario
2082 2218 2292 2300 illius
2350 2215 2786 2299 monasterii
2842 2214 3253 2323 scripturas
3314 2213 3410 2294 de
3461 2210 3877 2320 proditione

1071 2369 1147 2443 et
1193 2370 1438 2441 morte
1492 2382 1631 2439 sua
1677 2364 1753 2437 et
1804 2353 2006 2463 regis
2058 2349 2362 2455 Hencii3
2422 2360 2498 2431 et
2545 2349 2724 2430 inde
2783 2357 3118 2430 semotus
3167 2344 3475 2427 intravit
3529 2343 3877 2426 Parmam

1072 2490 1440 2599 capiendo
1533 2486 2016 2570 fortitudines
2093 2482 2441 2565 civitatis.
2538 2481 3012 2587 Quapropter
3100 2477 3358 2560 statim
3453 2474 3879 2558 Bernartius

1072 2622 1398 2705 Rolandi
1446 2619 1726 2722 Rubei,
1781 2616 2216 2700 Bernardus
2286 2615 2382 2696 de
2436 2613 2914 2717 cornazano,
2980 2621 3164 2712 etc.‚
3214 2608 3490 2690 milites
3544 2605 3877 2716 ejusdem

1074 2756 1434 2862 civitatiS,
1492 2754 1972 2837 absentantes
2030 2756 2402 2833 venerunt
2461 2745 2922 2829 Placentiam
2944 2806 2968 2852 ‚
3038 2742 3170 2827 ubi
3233 2741 3510 2850 recepti
3581 2740 3883 2823 fuerunt

1077 2916 1257 2974 cum
1284 2913 1565 2997 magno
1601 2887 1915 2969 honore.
1962 2880 2304 2964 chronic.
2350 2883 2441 2960 de
2487 2880 2645 2960 reb.
2680 2877 2761 2959 in
2798 2880 2974 2960 Ital.
3018 2874 3271 2986 yemis,
3309 2901 3391 2983 p.
3434 2874 3618 2955 205.

723 3522 982 3631 am.
1196 3466 1619 3583 Fridericus
1639 3557 1661 3598 ‚
1743 3497 2264 3578 Romanorum
2360 3488 2809 3596 imperator,
2875 3506 3015 3589 pro
3102 3475 3337 3588 gratis
3422 3484 3498 3558 et
3577 3469 3883 3577 acceptis

1088 3637 1371 3718 civium
1442 3627 1965 3715 Parmensium
2020 3619 2344 3706 servitiis
2409 3628 2485 3701 et
2538 3618 2635 3700 ad
2698 3615 2929 3696 fidem
2990 3635 3257 3695 eorum
3336 3605 3841 3691 roborandam
3859 3658 3881 3702 ‚

1092 3767 1424 3852 Tebaldo
1455 3761 1854 3847 Francisco
1896 3781 2161 3840 eorum
2204 3750 2553 3863 potestati
2607 3759 2682 3831 et
2725 3746 2871 3855 ipsi
2914 3741 3300 3827 communi
3350 3740 3669 3823 Parmae
3711 3758 3884 3818 cas-

1092 3913 1298 3985 trum
1326 3894 1757 3983 Grondulae
1792 3916 1969 3974 cum
2004 3887 2361 3971 omnibus
2397 3882 2560 3993 ejus
2599 3878 2906 3990 juribus
2947 3886 3023 3959 et
3068 3871 3539 3984 pertinentiis
3581 3869 3662 3950 in
3705 3890 3885 3976 per-

1093 4044 1406 4145 petuum
1444 4024 1815 4113 concedit.

1258 4245 1462 4326 (Edid.
1493 4246 1680 4315 Atro,
1711 4241 1859 4299 scor.
1890 4233 1954 4296 du·
1980 4233 2223 4302 Panna.
2254 4236 2302 4289 t.
2334 4229 2454 4299 111,
2485 4242 2548 4303 p.
2585 4232 2691 4286 881
2710 4266 2730 4297 ,
2757 4221 3032 4301 append„
3071 4227 3136 4280 n⁰
3163 4213 3472 4287 LXXVII,
3501 4229 3566 4290 p.
3601 4215 3890 4282 εει-382,

1334 4369 1369 4411 e
1394 4352 1581 4427 primo
1610 4346 1759 4406 libro
1786 4349 1994 4406 statut.
2026 4355 2244 4400 comm.
2277 4330 2510 4411 Parm.)

1197 4536 1275 4606 ln
1329 4532 1607 4605 nomine
1652 4538 1887 4602 sancte
1936 4535 2009 4598 et
2050 4521 2410 4595 individue
2441 4515 2814 4590 Trinitatis.
2850 4511 3256 4586 Fredericus
3286 4505 3635 4579 secundus
3670 4501 3894 4574 divina

1099 4664 1374 4734 favente
1418 4655 1779 4729 clementia
1811 4655 2277 4725 Romanorum
2317 4646 2691 4739 imperator
2721 4659 2995 4734 semper
3020 4644 3354 4729 augustus
3372 4686 3393 4725 ,
3420 4629 3801 4704 Jerusalem
3830 4630 3899 4696 et
