4364 5738
607 605 809 666 Ιηοιοτ.
841 600 949 683 3.]‘
1491 604 1887 706 nls'rolua
1938 604 2530 668 mPLOMATICA.
3306 605 3423 668 281

611 738 799 811 illam
828 738 1244 831 vineaer
1276 738 1552 811 Domini
1584 739 1940 830 demoliri,
1976 743 2383 814 conculcare
2415 763 2497 814 ac
2528 743 2600 813 in
2639 743 3134 816 desolationem
3171 762 3433 837 ponere

611 861 923 954 undique
983 861 1371 952 regionem,
1422 861 1956 935 desiderabilem
2006 865 2291 958 quidem
2335 866 2642 939 Ecclesie
2688 868 3072 963 portionem
3095 920 3115 957 ‚
3169 862 3433 937 interfi-

613 986 805 1058 ciens
834 984 1143 1057 Ecclesie
1171 983 1350 1057 filios
1381 994 1454 1057 et
1487 985 1843 1058 abducens
1874 987 1945 1059 in
1978 987 2268 1083 predam
2295 1010 2454 1060 cum
2483 990 2896 1062 animalibus
2924 987 3210 1061 infinitis
3245 1042 3264 1060 .
3326 1042 3344 1062 .
3410 1043 3426 1061 .

620 1160 1372 1181 ..........
1409 1109 1717 1202 Nequior
1756 1111 1965 1183 etiam
1996 1112 2271 1184 Herode
2310 1112 2645 1207 probatur
2681 1114 2802 1208 qui
2835 1114 3059 1186 solum
3094 1112 3434 1185 Christum

614 1232 1022 1305 intendebat
1051 1231 1427 1327 perimere;
1469 1230 1583 1305 hic
1612 1254 1783 1305 vero
1806 1234 2308 1329 prophanando
2341 1257 2594 1331 corpus
2620 1236 2867 1309 Christi
2897 1236 3176 1308 abolere
3208 1238 3433 1329 legem

614 1355 891 1428 Domini
926 1365 1033 1428 est
1065 1340 1383 1446 molitus,
1434 1364 1506 1427 et
1545 1356 1713 1427 cleri
1746 1366 2014 1452 partem
2055 1357 2362 1429 inclitam
2390 1358 2542 1450 jam.
2578 1357 2903 1429 extinxit.
2940 1356 3297 1429 Crudelior
3328 1358 3435 1428 in-

617 1502 826 1576 super
867 1480 1143 1567 Nerone
1198 1488 1523 1550 censetur
1565 1479 1686 1572 qui
1718 1479 2127 1553 christianos
2168 1481 2455 1571 occidit,
2506 1503 2590 1553 eo
2624 1481 2815 1575 quod
2858 1502 3195 1554 evacuare
3227 1481 3437 1552 ritum

617 1625 742 1676 sue
783 1602 1103 1674 idolatrie
1152 1602 1594 1694 nitebantur;
1647 1602 1762 1674 hic
1800 1625 1971 1675 vero
2004 1625 2080 1676 se
2131 1604 2283 1699 ipso
2329 1604 2678 1676 crudelior
2721 1612 2793 1674 et
2831 1603 3125 1697 nequior
3169 1602 3440 1674 Iuliano

618 1735 969 1823 apostata,
1028 1726 1253 1816 legem
1301 1747 1511 1819 quam
1559 1725 1926 1823 profitetur
1975 1727 2442 1799 exterminare
2503 1726 2885 1799 contendit.
2948 1727 3440 1799 Verumtamen

618 1850 1065 1922 nihilominus
1106 1849 1195 1921 ad
1245 1849 1834 1921 reconciliandum
1887 1850 2229 1945 perfidum
2274 1873 2417 1924 non
2463 1852 2879 1923 destiterunt
2929 1851 3214 1944 quidam
3253 1850 3443 1947 pacis

622 1973 1082 2045 ecclesiastice
1110 1974 1471 2062 zelatores,
1507 1981 1586 2042 ut
1621 1973 1993 2044 fracturam
2021 1983 2347 2043 curarent
2371 1970 2824 2045 insanabilem
2848 1975 3262 2068 plagamque
3291 1994 3445 2069 pes-

623 2096 871 2168 simam
909 2105 981 2167 et
1011 2105 1094 2167 ut
1136 2094 1559 2166 mundarent
1602 2095 1661 2165 si
1704 2105 1988 2189 possent
2031 2096 2497 2166 execrabilem
2544 2096 3053 2167 immunditiam
3094 2106 3233 2167 tam
3279 2116 3443 2190 pro-

623 2219 865 2316 phani,
904 2218 1027 2290 sed
1066 2216 1381 2290 dissoluti
1419 2226 1583 2288 sunt
1613 2217 1704 2288 ab
1733 2217 2225 2289 emundatione
2252 2239 2383 2289 nec
2415 2228 2792 2312 potuerunt
2822 2217 3118 2289 nitidum
3151 2217 3443 2289 reddere
3555 2216 3562 2221 ’

624 2342 1062 2415 tenacissimo
1108 2340 1277 2412 lotio
1324 2340 1798 2433 inquinatum,
1834 2340 2032 2434 quasi
2064 2340 2351 2436 Aetiops
2376 2342 2645 2436 pellem
2678 2350 2750 2412 et
2788 2340 3047 2435 pardus
3078 2339 3447 2411 varietates

622 2474 983 2560 nequeunt
1013 2465 1406 2535 immutare.
1442 2463 1757 2556 Denique
1790 2464 1884 2536 ad
1916 2463 2050 2536 hoc
2090 2464 2373 2537 tandem
2404 2464 2732 2535 callidum
2775 2463 3222 2535 deduxerunt
3260 2472 3338 2534 ut
3372 2463 3444 2534 in

624 2587 739 2662 die
769 2589 953 2682 jovis
997 2598 1238 2660 sancto
1278 2595 1443 2658 ante
1484 2582 1998 2658 multitudinem
2038 2586 2392 2683 copiosam
2442 2586 2726 2678 quidam
2760 2594 3032 2679 satrape
3060 2585 3450 2675 juraverint

626 2714 697 2785 in
722 2712 936 2808 ipsius
963 2712 1263 2782 animam
1297 2719 1481 2782 stare
1514 2710 1860 2782 mandatis
1890 2710 2196 2783 Ecclesie
2229 2732 2441 2805 super
2473 2709 2796 2781 omnibus
2831 2730 2960 2803 pro
2995 2709 3249 2801 quibus
3277 2730 3446 2781 cen-

627 2857 857 2909 suram
924 2832 1659 2908 excommunicationis
1725 2832 2259 2906 ecclesiasticam
2311 2833 2622 2905 noscitur
2672 2832 3066 2904 incurrisse.
3121 2831 3449 2905 Attamen

628 2968 710 3030 ut
736 2959 1045 3031 cernitur
1075 2980 1199 3053 per
1230 2957 1576 3049 effectum,
1614 2959 1869 3029 frustra
1905 2957 2233 3030 conflavit
2264 2957 2600 3029 conflator
2628 2957 2793 3049 quia
2820 2977 2952 3028 nec
2986 2956 3084 3027 sic
3116 2957 3264 3048 ejus
3297 2977 3448 3027 ma-

631 3083 776 3154 litie
809 3090 974 3153 sunt
1008 3092 1442 3175 consumpte.
1482 3082 1712 3165 Quare
1743 3091 2108 3172 argentum
2141 3081 2514 3175 reprobum
2549 3089 2655 3152 est
2690 3080 3048 3152 vocandus
3083 3101 3124 3151 a
3154 3080 3478 3152 Domino'

624 3207 774 3297 jam
814 3205 1197 3299 projectuS,
1237 3224 1320 3274 eo
1350 3202 1542 3297 quod
1569 3204 1790 3274 multo
1827 3213 1935 3275 est
1977 3204 2216 3276 labore
2244 3203 2570 3275 sudatum
2608 3255 2950 3275 .....
2990 3202 3206 3295 Igitur
3235 3204 3447 3274 Nem·

634 3324 793 3398 roth
852 3345 1110 3413 novus,
1176 3324 1500 3396 robustus
1552 3334 1846 3397 venator
1896 3324 2276 3418 iniquitatis
2334 3346 2567 3397 coram
2630 3327 2960 3415 Domino,
3013 3325 3178 3417 quia
3230 3325 3453 3419 diligit

633 3448 849 3521 verba
886 3445 1275 3537 mendacii,
1316 3467 1559 3518 omnes
1590 3448 1734 3518 fere
1766 3447 2116 3519 ministros
2147 3447 2362 3521 habet
2397 3448 2645 3544 impios
2678 3449 2799 3542 qui
2827 3447 3157 3520 letificant
3194 3449 3265 3518 in
3299 3470 3449 3521 ma-

633 3572 781 3644 litia
811 3592 938 3643 sua
971 3591 1207 3662 regem
1245 3578 1317 3641 et
1349 3570 1423 3641 in
1456 3569 1835 3642 mendaciis
1873 3570 2282 3666 principem.
2331 3573 2414 3642 Hi
2455 3575 2629 3644 vero'
2670 3570 2801 3643 sibi
2842 3571 3041 3642 facile
3086 3581 3453 3643 suaserunt

548 3773 553 3777 ,
635 3716 725 3768 ne
757 3696 1078 3791 impleret
1108 3693 1299 3787 quod
1322 3694 1759 3785 juraverant,
1791 3695 2277 3767 subvertentes
2305 3696 2535 3790 ipsum
2569 3694 2941 3767 terroribus
2968 3693 3451 3765 mandatorum

636 3819 939 3902 Ecclesie
973 3828 1045 3891 et
1085 3814 1397 3890 confictis
1432 3816 1814 3889 mendaciis
1853 3817 2269 3890 seducentes
2289 3870 2310 3909 ,
2369 3871 2788 3891 ......
2827 3816 3058 3889 verbis
3093 3815 3454 3888 fallacibus

637 3953 709 4015 et
749 3942 1008 4015 dolosis
1041 3940 1419 4012 Ecclesiam
1464 3940 1951 4035 protrahentes
2002 3952 2074 4014 et
2115 3941 2207 4014 ab
2255 3942 2492 4038 aprilis
2543 3942 2744 4014 nonis
2784 3960 3006 4032 usque
3060 3937 3152 4010 ad
3199 3938 3453 4010 festum

637 4065 1124 4161 Apostolorum
1166 4063 1349 4136 Petri
1388 4073 1459 4135 et
1487 4063 1681 4134 Pauli
1716 4061 1824 4159 (l)
1862 4065 2155 4160 turpiter
2188 4064 2633 4154 deludentes,
2666 4074 2747 4134 ut
2785 4084 2941 4135 eam
2969 4059 3322 4132 traherent
3359 4061 3453 4134 ad

639 4187 1059 4283 colloquium
1105 4184 1296 4281 apud
1331 4185 1662 4257 Narniam
1697 4186 1813 4258 vel
1852 4186 2064 4258 Reate
2103 4187 2463 4281 ipsamque
2503 4193 2833 4280 caperent
2873 4184 2945 4255 in
2989 4204 3271 4276 sagena.
3314 4187 3452 4258 De·

640 4310 850 4401 nique
894 4309 1202 4381 Ecclesia
1249 4360 1589 4381 .....
1641 4330 1784 4381 non
1821 4308 2148 4380 sustinuit
2179 4330 2254 4379 se
2285 4308 2575 4380 ulterius
2619 4307 2889 4379 irrideri
2921 4318 3001 4379 ut
3039 4318 3223 4380 esset
3255 4309 3454 4401 quasi

642 4435 906 4526 lampas
955 4441 1350 4527 contempta
1403 4432 1663 4504 diutius
1703 4432 1894 4527 apud
1927 4431 2378 4523 cogitationes
2428 4431 2698 4524 divitis,
2752 4431 2923 4525 quin
2966 4441 3047 4503 ut
3091 4431 3455 4505 deluderet

713 4709 786 4784 (t)
821 4708 1096 4770 sciliceta
1123 4712 1313 4786 quinto
1341 4712 1530 4787 aprilis
1551 4712 1639 4771 die
1666 4726 1841 4786 usque
1868 4711 1941 4771 ad
1963 4710 2279 4772 vicesimum
2302 4728 2501 4772 nonum
2523 4714 2680 4788 junii.

797 4808 908 4871 VI.
3060 4820 3136 4875 86
