4364 5738
599 580 801 638 mmm.
832 576 928 654 2.]
1169 559 1174 562 ’
1499 570 1896 632 msronm
1947 569 2535 632 mrLoMA‘rch.
3315 580 3421 641 141

596 708 1091 792 indemnitate
1140 730 1500 808 suorum,
1540 717 1615 785 et
1649 713 1912 812 petens
1948 728 2147 812 quae
2181 701 2354 785 finis
2409 703 2551 784 erit
2592 704 2822 813 hujus
2870 708 3045 790 novi
3090 709 3423 817 dissidii,

559 841 900 923 nuntiat
938 866 1018 921 se
1059 839 1229 948 cogi
1275 839 1373 918 ad
1410 835 1795 944 publicam
1836 834 2194 917 noticIam
2232 834 2464 917 totius
2501 837 2605 918 rei
2645 838 2914 920 seriem
2950 841 3269 924 deferre.

762 1039 1027 1117 (Edider.
1060 1040 1361 1099 Munna
1392 1042 1451 1097 et
1480 1037 1780 1112 Dmmvn,
1812 1031 2087 1115 Ampliss.
2129 1032 2286 1104 coll„
2318 1041 2359 1093 t.
2393 1033 2450 1092 11
2471 1078 2489 1107 ,
2531 1035 2647 1093 col.
2688 1044 3058 1114 1202-1203,
3089 1048 3153 1097 η’
3181 1040 3424 1102 LXXX.

836 1176 919 1189 -—
946 1143 1091 1204 Coll.
1119 1160 1256 1204 cum
1282 1143 1417 1202 cod.
1447 1141 1592 1201 bibl.
1619 1141 1818 1202 Cesar.
1854 1141 2066 1218 Paris,
2082 1138 2268 1218 fonds
2300 1136 3050 1220 Saint-Gmain-Harlay,
3083 1154 3147 1203 n⁰
3176 1143 3346 1224 455.)

694 1318 1117 1409 Fridericus,
1166 1329 1336 1407 etc.,
1392 1317 1723 1408 magistro
1773 1316 2024 1389 Othoni
2076 1316 2447 1404 cardinali,
2504 1324 2639 1386 etc.
2687 1317 2758 1388 Si
2813 1317 2998 1412 rupti
3050 1319 3305 1390 federis
3356 1329 3427 1391 et

597 1440 835 1511 violati
863 1440 1151 1534 polliciti
1176 1461 1598 1535 quemquam
1627 1440 2013 1532 arguimuS,
2049 1440 2242 1511 nulla
2276 1461 2403 1510 vos
2433 1440 2879 1511 detractionis
2917 1440 3152 1532 lingua
3180 1443 3423 1514 redar-

596 1576 803 1658 guat,
864 1565 1056 1635 nulla
1115 1585 1241 1636 vos
1302 1564 1473 1635 illati
1529 1563 1825 1636 convicii
1893 1575 2060 1635 nota
2120 1548 2505 1658 respergat.
2567 1563 2755 1634 Tacti
2818 1585 3121 1658 namque
3185 1566 3424 1638 dolore

597 1687 825 1759 cordis
865 1688 1278 1759 intrinsecus
1308 1686 1397 1759 de
1439 1687 1738 1779 irrogata
1777 1687 1979 1758 nobis
2021 1697 2092 1758 et
2124 1686 2375 1758 nostris
2410 1685 2658 1776 injuria
2704 1687 3220 1779 conquerimur,
3264 1691 3422 1759 nul·

597 1812 735 1882 lam
791 1811 1111 1904 injuriam
1163 1811 1317 1882 aliis
1369 1811 1783 1902 irrogamus.
1844 1810 2047 1896 Quod
2089 1820 2332 1881 contra
2380 1830 2507 1879 nos
2543 1809 2986 1881 commissum
3039 1822 3143 1882 est
3196 1813 3424 1906 potius

597 1956 1006 2007 revocamus
1059 1934 1150 2005 ad
1203 1935 1512 2005 animum
1568 1955 1658 2003 ne
1708 1932 2253 2004 dissimulatione
2310 1934 2590 2003 tollatur
2625 1932 2903 2025 injuria,
2946 1957 3156 2025 quam
3188 1937 3422 2026 cujus-

596 2079 876 2150 cunque
922 2057 1275 2127 infamiam
1316 2078 1456 2149 qua
1501 2068 1737 2151 preter
1778 2055 2072 2127 convicii
2108 2055 2372 2126 crimen
2408 2056 2801 2127 afficiuntur
2849 2059 3172 2148 obnoxii,
3218 2059 3423 2131 dero·

595 2201 763 2273 gare
809 2180 1198 2251 videamur.
1240 2180 1816 2273 Disposueramus
1859 2178 1999 2249 huc
2035 2200 2258 2270 usque
2301 2187 2399 2249 tot
2448 2187 2519 2250 et
2568 2189 2792 2251 tantas
2832 2180 3162 2269 offenSaS,
3215 2184 3425 2254 talem

597 2304 1142 2376 subtractionem
1205 2303 1493 2374 Viterbii
1554 2304 1834 2394 qualem
1914 2302 2172 2390 nostis,
2236 2303 2542 2374 virtuosa
2608 2303 3030 2374 verecundia
3107 2305 3424 2376 Cesarem

596 2426 963 2499 cohibente
1024 2426 1264 2517 silere,
1318 2426 1737 2519 justissimos
1786 2426 1998 2497 animi
2054 2427 2271 2496 nostri
2331 2437 2560 2496 motus
2611 2425 2793 2496 inter
2844 2428 3140 2498 claustra
3196 2428 3424 2500 cordis

602 2550 1086 2621 taciturnitatis
1126 2549 1315 2621 nodo
1359 2545 1826 2644 ‘perstringere
1878 2560 1949 2620 et
1988 2550 2186 2621 clave
2233 2550 2519 2644 pudoris
2563 2550 2849 2621 interius
2892 2572 3200 2622 reserare
3246 2574 3422 2644 que·

597 2673 810 2762 relas;
852 2671 1022 2765 quin
1064 2673 1295 2766 potius
1327 2673 1725 2744 nitebamur
1758 2683 1838 2743 ut
1872 2673 2250 2744 offensores
2279 2683 2556 2744 nostros
2589 2673 3051 2745 ineffabilibus
3084 2675 3323 2766 gratiis
3353 2687 3424 2749 et

596 2796 1038 2867 inestimabili
1088 2818 1375 2892 precum
1427 2795 1876 2867 exauditione
1936 2797 2291 2867 multoties
2343 2798 2817 2892 placaremus,
2866 2797 3107 2871 offensi
3161 2819 3420 2895 expec-

599 2930 824 2992 tantes
850 2919 1161 3013 quotidie
1196 2943 1320 3015 pro
1357 2930 1548 2992 tanta
1592 2920 1964 2991 devotione
2004 2930 2269 3011 nostra,
2306 2943 2434 3015 pro
2471 2932 2571 2993 tot
2610 2920 2966 2994 beneficiis
2993 2933 3190 3014 grata
3223 2925 3423 2997 nobis

596 3043 1067 3115 vicissitudine
1097 3044 1527 3138 responderi.
1558 3044 1697 3115 Sed
1724 3055 1836 3136 ut,
1875 3045 2096 3127 amice
2127 3046 2508 3137 carissime,
2536 3046 2737 3117 vobis
2768 3045 2861 3118 ad
2888 3047 3117 3118 minus
3149 3047 3218 3116 in
3251 3068 3420 3119 aure

597 3166 989 3257 loquamur,
1044 3166 1256 3237 anxia
1314 3167 1730 3258 cogitatione
1784 3189 2113 3239 veremur
2157 3190 2248 3239 ne
2298 3170 2465 3240 dum
2514 3169 2858 3241 immerita
2912 3190 3188 3264 semper
3234 3170 3418 3242 acci·

597 3287 862 3382 pimuS,
906 3287 995 3359 de
1027 3288 1289 3359 meritis
1325 3289 1700 3384 desperare
1743 3293 2277 3385 compellamur;
2316 3292 2636 3364 omnibus
2671 3294 2850 3365 facte
2886 3293 3088 3365 nobis
3124 3293 3417 3388 promis-

594 3410 807 3482 sionis
843 3412 1194 3482 actoribus
1244 3432 1337 3483 ex
1378 3412 1713 3507 stipulatu
1754 3414 2204 3509 solempniter
2239 3416 2560 3508 obligatis
2597 3417 2685 3487 de
2732 3417 3036 3510 perfecta
3081 3419 3303 3489 salute
3349 3427 3421 3489 et

594 3534 1097 3629 indempnitate
1137 3546 1527 3606 nostrorum
1559 3556 1736 3629 quos
1764 3536 1835 3606 in
1866 3548 2094 3608 castro
2119 3539 2408 3609 Viterbii
2433 3560 2562 3634 pro
2593 3537 2732 3610 fide
2764 3549 2997 3610 nostra
3029 3552 3419 3634 pugnantes

595 3659 913 3749 religiosa
956 3660 1408 3750 transgressio
1446 3660 1726 3731 tenebat
1758 3660 2095 3751 inclusos,
2133 3662 2379 3733 saltem
2417 3662 2749 3755 conqueri
2780 3662 3121 3753 cogimur,
3157 3683 3296 3734 non
3325 3663 3419 3734 ob

594 3783 766 3854 illud
818 3784 1146 3878 precipue
1201 3784 1392 3876 quod
1442 3807 1555 3857 res
1614 3795 1847 3880 raptas
1896 3808 1989 3857 ex
2040 3787 2276 3859 federe
2322 3799 2715 3883 repetamus
2764 3788 2856 3858 ad
2905 3809 3190 3882 presens
3212 3840 3231 3874 ,
3275 3808 3417 3859 non

594 3906 786 3999 quod
822 3917 1215 3977 nostrorum
1254 3917 1555 4000 stragem
1599 3918 1670 3979 et
1713 3911 2008 3981 vulnera
2052 3932 2239 3982 novo
2286 3911 2515 3984 sanari
2562 3911 2897 3984 miraculo
2923 3900 3410 4003 postulemus,

592 4029 718 4100 sed
747 4041 828 4099 ut
862 4030 1063 4102 nobis
1097 4040 1287 4102 tanta
1326 4054 1667 4104 novorum
1706 4035 2042 4107 varietate
2081 4037 2472 4131 perplexis,
2513 4045 2613 4108 tot
2650 4034 3067 4107 offensarum
3111 4033 3415 4104 enormi·

596 4161 738 4223 tate
799 4154 1089 4225 turbatis
1125 4154 1526 4251 incorrupta
1578 4158 1938 4230 sinceritas
1987 4170 2218 4232 vestra
2263 4159 2685 4254 respondeat
2730 4178 2940 4250 quem
2986 4179 3218 4229 rerum
3263 4158 3415 4229 exi-

595 4284 779 4365 tum,
820 4298 1030 4368 quem
1073 4278 1637 4373 expectationum
1682 4292 2077 4374 nostrarum
2118 4282 2331 4354 finem
2378 4304 2656 4377 sperare
2714 4281 3054 4376 possimus
3074 4335 3094 4372 ,
3144 4282 3201 4352 si
3241 4279 3433 4354 fides
3467 4320 3478 4333 ·

593 4396 951 4470 bominum
994 4400 1095 4473 sic
1153 4422 1243 4473 ex
1284 4413 1426 4474 toto
1472 4405 1875 4497 negligitur,
1921 4406 1979 4476 si
2029 4405 2258 4500 pudor
2299 4405 2650 4497 abjicitur,
2699 4406 2756 4475 si
2802 4405 3220 4477 conscientia
3272 4426 3415 4478 non

593 4530 936 4610 servatur,
981 4523 1037 4593 si
1074 4524 1356 4597 demum
1396 4528 1703 4621 paternis
1735 4527 2116 4599 honoribus
2150 4547 2295 4599 non
2338 4527 2667 4599 defertur.
2713 4528 2862 4615 Que
2886 4530 3033 4620 jam
3079 4528 3260 4599 inter
3286 4527 3413 4599 ho-

594 4644 817 4716 mines
849 4645 1126 4718 vincula
1159 4671 1568 4743 queremus,
1606 4672 1767 4722 cum
1797 4650 2050 4743 quibus
2085 4673 2214 4721 nos
2247 4651 2335 4723 de
2372 4652 2731 4725 sedatione
2775 4653 2946 4724 tanti
2988 4651 3288 4740 dissidii,
3324 4650 3415 4723 de
