4364 5738
1110 575 1237 640 4³2
2111 577 2546 641 nmmum
2593 577 2942 640 saeuum
3483 565 3488 570 ’
3548 581 3714 660 [ιω.
3753 582 3923 646 tw.

1351 710 2384 773 -cou.0nmeoe.s.n-mmt
2418 711 2666 773 lambi.
2694 729 2822 790 reg.
2849 712 3184 775 ml.
3211 712 3410 793 un,
3438 714 3545 777 ub.
3576 716 3764 795 ΠΛ.
3794 727 3925 799 us,

1349 817 1452 878 nbi
1480 833 1622 878 veto
1647 816 1865 879 decu
1889 817 2103 879 titulus
2126 824 2190 879 ct
2212 825 2390 879 notae
2413 817 2911 898 chronologicae.)

1205 999 1628 1093 fridericus,
1661 997 1787 1074 Dei
1817 997 2038 1095 gratia
2068 998 2538 1076 Rornanorum
2571 999 2948 1098 imperator
2966 1019 3244 1099 semper
3271 1007 3634 1096 angustus,
3653 1001 3923 1079 lernea-

1106 1127 1244 1201 lem
1270 1138 1339 1200 et
1359 1123 1588 1200 Sicilie
1624 1143 1782 1217 rex,
1814 1121 2070 1200 dilecto
2101 1119 2248 1199 filio
2284 1142 2412 1199 sno
2446 1120 2797 1199 Friderico
2828 1127 2918 1200 de
2950 1123 3316 1200 Antiochia
3352 1123 3528 1200 sacri
3554 1123 3824 1225 imperii
3853 1128 3921 1201 in

1105 1247 1348 1324 Tuscia
1379 1259 1449 1323 et
1470 1250 1562 1323 ab
1580 1247 1847 1324 Amelia
1873 1266 2096 1344 usque
2115 1243 2491 1324 Cot-netum
2520 1258 2592 1324 et
2617 1269 2745 1348 per
2765 1259 2981 1324 totam
3007 1247 3420 1324 Maritimam
3437 1248 3698 1325 vicario
3718 1267 3922 1345 gene-

1104 1376 1231 1448 rali
1259 1376 1550 1468 gratiam
1583 1391 1778 1446 suam
1825 1384 1896 1447 et
1940 1390 2148 1448 omne
2175 1371 2467 1448 bonnm.
2490 1369 2822 1448 fidelium
2855 1386 3249 1448 nostrornm
3274 1371 3774 1468 iurisdictionis
3806 1381 3918 1449 tue

1102 1494 1455 1573 laboribus
1497 1507 1567 1570 et
1612 1492 1940 1593 expensis
1969 1508 2310 1591 quantum
2342 1515 2709 1594 possumus
2741 1495 3115 1571 salubriter
3145 1495 3594 1595 providentes
3614 1554 3636 1591 ,
3685 1509 3768 1571 ut
3795 1515 3915 1596 pro

1100 1617 1513 1718 recipiendis
1536 1641 1579 1692 a
1608 1622 1966 1714 majestate
1992 1631 2227 1694 nostra
2246 1615 2599 1714 indicatus
2626 1629 2698 1693 et
2727 1617 3213 1694 tabellionatus
3239 1617 3485 1695 officiis
3516 1618 3610 1695 ad
3637 1639 3913 1718 pmcn·

1102 1743 1266 1817 tiam
1289 1757 1624 1834 nostram,
1648 1761 1808 1815 cum
1836 1761 1963 1816 uos
1981 1738 2359 1838 aliquando
2379 1741 2470 1816 de
2492 1738 2805 1840 partibus
2831 1740 2997 1840 ipsis
3016 1742 3222 1838 longe
3249 1744 3507 1818 distare
3531 1747 3906 1840 contingat,

1097 1860 1340 1941 fideles
1367 1862 1649 1941 eosdem
1680 1884 1821 1940 non
1855 1873 2172 1963 oporteat
2198 1862 2490 1940 ulterius
2521 1862 2865 1957 laborare,
2898 1866 3181 1941 creandi
3211 1864 3304 1942 de
3336 1879 3572 1943 cetero
3598 1865 3906 1943 tabellio·

1083 1985 1224 2065 'nes
1254 1988 1568 2088 publicos
1600 2001 1672 2064 et
1697 1985 1971 2085 jndices
2009 1985 2398 2064 ordinarios
2437 1987 2725 2065 idoneos
2769 2003 2841 2064 et
2883 1985 3124 2064 fideles
3163 1989 3237 2063 in
3273 1988 3758 2085 jurisdictione
3796 2007 3906 2067 tna

1096 2133 1225 2212 pro
1266 2121 1463 2210 parte
1510 2108 2018 2210 magnificentie
2064 2120 2302 2187 nostre
2343 2116 2617 2210 plenam
2662 2110 2785 2187 tibi
2816 2111 3262 2188 concedimus
3293 2123 3754 2211 potestatemg
3797 2123 3903 2191 tue

1093 2234 1405 2315 fflIationi
1432 2235 1842 2315 mandantes
1867 2249 2212 2333 quatenus
2237 2235 2308 2311 in
2335 2235 2578 2312 eadem
2606 2233 2956 2313 creatione
2982 2236 3074 2313 de
3097 2245 3332 2313 cetero
3359 2239 3708 2314 studiosus
3733 2240 3906 2315 exio·

1094 2370 1245 2438 tens
1263 2382 1306 2437 a
1324 2361 1563 2458 judice
1590 2361 1901 2457 quolibet
1926 2383 2133 2459 quem
2162 2382 2293 2459 per
2313 2376 2377 2436 te
2396 2359 2615 2436 creari
2645 2363 3033 2457 contigerit,
3064 2360 3273 2436 libras
3305 2361 3714 2438 Lunensium
3745 2383 3898 2463 paru

1086 2503 1335 2561 vorum
1370 2499 1534 2579 tres,
1562 2504 1605 2559 a
1640 2483 2010 2560 tabellione
2033 2505 2202 2560 vero
2235 2482 2481 2560 libram
2514 2505 2752 2578 unam,
2778 2489 2956 2560 sicut
2986 2485 3247 2584 percipi
3283 2481 3618 2562 hactenns
3649 2501 3753 2562 est
3778 2507 3899 2586 per

1085 2621 1392 2685 nostram
1446 2611 1709 2684 curiam
1760 2621 2205 2703 consuetum,
2253 2607 2611 2708 percipere
2662 2607 2922 2685 debeas
2970 2609 3046 2683 in
3088 2607 3631 2706 recognitionem
3682 2611 3895 2707 gratie

1083 2747 1315 2810 nostre
1346 2757 1555 2829 quam
1594 2737 1841 2809 eadem
1874 2748 2306 2809 assumentes
2337 2736 2560 2810 officia
2594 2745 3145 2831 consequuntur;
3173 2737 3646 2829 juramentum
3676 2735 3892 2810 nichi-

1083 2862 1381 2934 lominus
1411 2861 1503 2934 ab
1531 2861 2043 2934 assumentibus
2074 2861 2268 2956 quod
2302 2861 2375 2934 in
2408 2859 2570 2934 fidei
2598 2873 2829 2934 nostre
2856 2861 3156 2956 puritate
3185 2862 3564 2935 consistant
3595 2872 3666 2935 et
3694 2863 3892 2936 officii

1080 2984 1393 3060 debitum
1416 2987 1631 3078 juste,
1661 2995 1848 3058 recte
1880 2997 1951 3057 et
1980 2983 2279 3058 fideliter
2309 2994 2776 3079 exequantur,
2807 2995 3018 3079 prout
3050 2985 3125 3057 in
3155 2986 3350 3058 curia
3378 2995 3616 3060 nostra
3651 2987 3890 3081 recipi·

1081 3118 1222 3198 tur,
1259 3118 1597 3200 quantum
1631 3108 1917 3203 provide
1957 3109 2216 3203 poteris
2246 3118 2677 3203 recepturus.

1177 3233 1426 3302 Datum
1454 3232 1644 3327 apud
1671 3231 2078 3320 Areianum‚
2107 3233 2238 3305 XX
2261 3233 2467 3324 junii,
2505 3242 2752 3327 quarte
2783 3231 3201 3305 indictionis.

1178 3847 1666 3931 innocentius
1701 3866 1900 3957 papa
1936 3839 2499 3957 amhiepiscopo
2531 3847 2984 3957 Moguntino
3016 3851 3124 3953 [et
3157 3842 3654 3958 suffraganeis
3691 3847 3881 3958 ejus]

1070 3983 1391 4066 mandat
1430 3992 1517 4064 ut
1551 3990 1858 4090 propter
1901 3977 2220 4090 injurias
2256 3980 2634 4064 Ecclesiae
2677 3981 2928 4065 illatas
2974 4008 3021 4064 a
3063 3980 3444 4065 Friderico
3495 3981 3879 4092 quondam

1067 4116 1587 4200 Romanorum
1642 4113 2134 4222 imperatore,
2191 4139 2373 4196 cum
2425 4112 2589 4223 jam
2647 4114 2846 4197 alius
2905 4115 2990 4196 in
3044 4115 3568 4199 Romanorum
3624 4137 3876 4222 regem

1067 4247 1173 4329 sit
1201 4256 1679 4356 assumptus,
1717 4244 1965 4328 crucis
2001 4245 2486 4356 signaculum
2521 4259 2920 4329 assumant
2951 4259 3028 4330 et
3067 4256 3335 4329 contra
3378 4271 3559 4330 eum
3592 4270 3878 4355 propo-

1050 4389 1257 4461 -nant
1288 4379 1606 4462 verbum
1639 4377 1935 4483 crucia
1970 4377 2485 4489 omnibusque
2526 4390 2792 4463 contra
2836 4379 3194 4464 eumdem
3242 4378 3620 4463 auxilium
3652 4379 3875 4462 modo

1065 4509 1404 4622 quolibet
1457 4506 2069 4620 impendentibus
2089 4572 2113 4617 ,
2162 4530 2334 4595 eam
2395 4518 2878 4621 peccatorum
2928 4514 3229 4597 veniam
3283 4511 3630 4623 indulget
3678 4533 3872 4623 quae

1048 4636 1338 4729 ‘Terrae
1372 4636 1690 4727 Sanctae
1725 4636 2268 4727 auxiliantibus
2302 4638 2610 4726 concedi
2647 4636 2865 4727 solet.
