4364 5738
580 554 779 615 lunum.
814 546 903 635 2.]
1474 551 1870 614 HISTORIA
1921 552 2515 620 DIPLOMATch.
3294 551 3408 620 185

584 697 802 778 trare,
838 695 1087 779 utque
1123 693 1321 780 pater
1351 707 1480 780 pro
1509 684 1653 759 filio
1685 698 1933 782 pensat
1967 687 2149 759 filius
2177 688 2357 783 patri
2386 687 2857 762 vicissitudine
2889 687 3179 760 relativa
3213 707 3406 759 com-

584 818 853 904 penset.
890 810 1117 882 Habet
1144 808 1404 880 etenim
1435 830 1631 884 amor
1669 831 1764 884 ex
1799 810 2059 886 intimis
2101 832 2331 884 nexus
2364 833 2528 885 suos
2561 811 2682 904 qui
2717 811 3077 884 transfusis
3107 811 3410 882 motibus

585 944 656 1008 et
681 934 1041 1007 affectibus
1078 933 1337 1005 mutuis
1370 933 1740 1025 diligentes
1775 934 1848 1008 in
1888 934 2175 1010 affectus
2207 935 2688 1007 conformitate
2724 934 2962 1008 counit
2996 934 3195 1027 quasi
3231 954 3407 1026 quo-

583 1058 746 1130 dam
801 1058 1164 1132 individuo
1223 1057 1639 1131 animorum.
1692 1060 1951 1132 Verum
2007 1060 2291 1131 domino
2347 1081 2527 1154 pape
2581 1059 2762 1132 sicut
2818 1080 2909 1129 ex
2963 1057 3209 1130 litteris
3257 1059 3409 1149 ejus

584 1182 1013 1277 accepimuS,
1050 1181 1584 1276 dispensationis
1618 1182 1960 1254 contrarie
1993 1204 2235 1254 mensa
2267 1182 2700 1277 proponitur,
2740 1181 3158 1275 quibusdam
3189 1203 3408 1276 appo·

585 1305 912 1377 nentibus
952 1306 1043 1376 fel
1087 1314 1157 1376 et
1191 1316 1483 1377 mortem
1516 1304 1652 1402 (a),
1703 1305 1870 1378 dum
1907 1306 2162 1378 Urbem
2197 1306 2655 1378 seditionibus
2691 1306 3074 1394 concitant,
3111 1305 3410 1377 dissidiis

587 1432 895 1502 lacerant
931 1441 1001 1501 et
1034 1430 1382 1500 interdum
1420 1440 1499 1500 ut
1534 1431 1853 1503 acerbius
1878 1432 2286 1521 vulnerent,
2330 1432 2462 1503 sub
2494 1430 2864 1502 concordie
2893 1430 3224 1523 figmento
3252 1451 3406 1501 cor·

589 1562 920 1649 rumpunt
960 1564 1030 1624 et
1069 1554 1201 1624 sub
1232 1554 1424 1648 pacis
1455 1555 1684 1649 specie
1715 1555 1900 1626 bella
1933 1565 2217 1649 parant,
2263 1555 2627 1626 molientes
2656 1555 2959 1626 Ecclesie
3004 1554 3410 1627 subtrahere

589 1678 864 1770 plebem
934 1698 1165 1765 suam,
1231 1678 1656 1773 peculiarem
1724 1679 2102 1774 populum,
2161 1677 2340 1750 filios
2413 1679 2831 1773 spirituales.
2904 1677 3084 1750 Proh
3146 1676 3402 1774 pudorl

479 1827 494 1837 ·
586 1823 844 1875 nomen
893 1810 1202 1874 vestrum
1263 1801 1338 1874 in
1393 1802 1644 1876 talibus
1700 1802 2197 1878 circumferunt
2247 1801 2347 1874 hii
2398 1802 2690 1878 ministri
2740 1825 3040 1897 quorum
3094 1803 3414 1876 manibus

589 1925 883 2018 pecunia
917 1934 1148 1995 vestra
1184 1935 1261 1994 ut
1295 1923 1546 1994 dicitur
1579 1924 1928 2021 aliquibus
1961 1925 2295 1998 inutiliter
2322 1936 2592 1997 constat
2620 1926 2691 1994 in
2726 1925 3041 2020 publicO,
3068 1926 3415 2019 aliquibus

589 2047 1069 2118 fraudulenter
1109 2045 1471 2139 subjicitur
1518 2047 1585 2117 in
1631 2047 1932 2120 occulto,
1984 2046 2161 2119 Proh
2209 2045 2438 2119 dolorl
2482 2048 3107 2120 machinationibus
3156 2050 3303 2121 istis
3348 2061 3418 2121 et

591 2169 744 2240 aliis
783 2167 881 2240 hii
919 2168 1246 2240 scandala
1283 2168 1601 2241 nituntur
1649 2190 2037 2264 apponere,
2084 2182 2163 2243 ut
2199 2170 2398 2242 vobis
2452 2180 2590 2241 tam
2642 2171 2864 2242 dulcis
2911 2173 3150 2246 matris
3201 2173 3415 2245 ubera

593 2293 1005 2364 subtrahant
1039 2304 1108 2365 et
1139 2294 1521 2364 Ecclesiam
1566 2304 1703 2364 tam
1745 2295 1889 2365 cari
1929 2292 2051 2364 filii
2096 2294 2491 2365 sinceritate
2525 2293 2965 2366 defraudent.
3012 2295 3225 2367 Porro
3257 2317 3417 2367 cum

593 2439 807 2515 opera
864 2418 1103 2489 talium
1154 2418 1245 2488 ad
1289 2417 1701 2490 excellentie
1746 2427 1978 2489 vestre
2017 2417 2345 2489 noticiam
2392 2418 2554 2490 facti
2610 2417 2957 2489 evidentia
3010 2427 3081 2489 et
3128 2419 3419 2514 epistola

593 2542 827 2634 bajula
885 2543 1303 2636 perferenda
1358 2542 1763 2632 creduntur,
1830 2554 2066 2614 notam
2132 2543 2413 2613 infamie
2469 2564 2679 2637 quam
2736 2563 2830 2614 ex
2881 2542 3015 2616 hoc
3072 2544 3421 2615 incurritis

595 2667 782 2759 quod
801 2667 1245 2738 dissimulatis
1260 2666 1373 2737 vel
1398 2666 1628 2760 potius
1647 2666 2088 2761 amplectaris
2115 2662 2269 2763 (sic)
2301 2666 2491 2762 talia,
2517 2667 2852 2738 nonnulla
2874 2668 3142 2738 cautela
3167 2668 3419 2739 silentii

598 2791 998 2883 sigillamus,
1024 2812 1111 2862 eo
1142 2790 1335 2884 quod
1366 2789 1620 2861 durum
1648 2789 1740 2860 sit
1768 2783 2056 2861 credere
2091 2800 2171 2861 ut
2192 2811 2235 2861 a
2261 2791 2463 2863 vobis
2496 2799 2684 2862 tante
2722 2791 3221 2863 molestationis
3257 2813 3417 2888 pro-

595 2916 797 2988 cedat
824 2916 1096 2988 ocoesio
1126 2915 1249 3007 qui
1283 2914 1804 2987 defensionibus
1836 2915 2132 3008 publicis
2170 2936 2452 2986 causam
2494 2916 2732 2987 fovere
2772 2915 3047 2993 debetis
3080 2916 3414 3005 Ecclesie,

598 3061 681 3111 ac
712 3040 1172 3111 admiratione
1204 3061 1348 3111 non
1390 3048 1625 3109 careat
1662 3039 2093 3133 presumptio
2127 3039 2367 3111 talium
2409 3039 2503 3109 ad
2548 3048 2740 3111 tanta
2782 3062 3240 3135 prorumpens
3273 3040 3421 3115 sine

603 3163 773 3234 tanti
815 3162 1144 3256 principis
1181 3162 1472 3233 ultione.
1523 3162 1714 3256 Licet
1748 3171 1986 3233 autem
2039 3184 2255 3256 snper
2300 3163 2653 3256 premissis
2696 3164 3019 3236 videatur
3068 3163 3424 3260 principiis

602 3286 972 3381 prudentia
1009 3285 1339 3380 principis
1384 3286 1821 3376 negligenter
1863 3307 2264 3378 occurrere,
2312 3297 2634 3360 occurrat
2666 3290 2912 3361 saltem
2954 3289 3024 3360 in
3059 3290 3291 3362 medio
3333 3312 3422 3363 ne

603 3410 803 3481 malis
837 3431 961 3504 per
997 3410 1241 3500 longas
1283 3408 1868 3479 invalescentibus
1899 3431 2165 3502 moras,
2210 3431 2366 3482 sero
2400 3410 2593 3504 quod
2636 3411 2818 3483 absit
2846 3412 3190 3484 medicina
3218 3434 3420 3507 pare-

609 3545 742 3606 tur.
789 3534 965 3606 Hinc
999 3544 1107 3605 est
1145 3532 1339 3625 quod
1384 3532 1474 3604 de
1526 3532 1809 3626 speciali
1846 3533 2178 3607 mandato
2219 3534 2482 3606 domini
2529 3556 2709 3628 pape
2753 3536 2875 3628 qui
2916 3545 2997 3606 nt
3040 3535 3426 3627 dirigantur

604 3679 821 3753 prava
855 3659 928 3728 in
961 3658 1227 3729 directa
1255 3657 1428 3728 etin
1451 3655 1603 3727 vias
1633 3657 1875 3750 planas
1900 3678 2147 3752 aspera
2175 3667 2672 3729 convertantur
2697 3657 2897 3729 vobis
2930 3658 3117 3752 pacis
3139 3659 3427 3730 consilia

605 3783 893 3875 cogitat,
927 3781 1482 3873 magnitudinem·
1505 3790 1808 3852 vestram
1833 3781 2085 3873 quibus
2120 3803 2487 3875 possumus
2516 3781 3137 3876 supplicationibus
3174 3802 3424 3852 exora·

607 3927 760 3977 mus
797 3914 1145 3999 quatenus
1193 3905 1294 3976 sic
1342 3904 1838 3999 prohibicionis
1887 3905 2117 3977 edicto
2169 3905 2475 3997 urgeatis
2528 3904 2909 3998 potentiam
2960 3904 3420 3997 prefatorum,

609 4050 854 4100 marnis
891 4039 967 4100 et
1008 4029 1366 4103 molimina
1407 4028 1796 4122 reprimatis
1835 4028 2028 4120 quod
2071 4028 2509 4100 cessantibus
2550 4027 2834 4099 omnino
2882 4026 3212 4098 molestiis
3255 4047 3424 4101 con·

600 4155 945 4243 jacturam
973 4174 1190 4246 quam
1219 4154 1693 4244 subjectorum
1727 4152 2080 4224 temeritas
2103 4150 2493 4223 extendere
2521 4149 2890 4221 videbatur
2922 4149 2993 4221 in
3027 4150 3423 4242 dominum,

609 4278 976 4369 restringat
1014 4275 1483 4369 castigationis
1527 4275 1862 4347 severitas
1902 4275 2074 4347 citra
2126 4294 2384 4369 penam
2440 4272 2794 4364 sanguinis
2852 4273 2946 4345 ad
2998 4284 3309 4366 actores,
3360 4285 3431 4349 et

609 4400 985 4472 voluntatis
1031 4399 1550 4473 conniventiam
1601 4398 1695 4471 de
1757 4397 2092 4493 preterito
2147 4395 2577 4491 presumptio
2635 4417 2777 4468 non
2839 4395 3163 4471 admittat
3218 4419 3431 4492 quam

695 4647 778 4724 (a)
821 4647 895 4707 1·
917 4645 1052 4706 eod.
1081 4645 1352 4722 uiri-mn,
1380 4644 1557 4707 male.

769 4753 877 4815 VI.
2177 4810 2182 4813 ,
3039 4757 3109 4807 24
