4364 5738
548 592 749 658 umen.
782 585 874 674 4.]
1440 589 1837 652 ms‘ronm
1886 590 2479 658 nrrtoua‘rmA.
2613 563 2623 572 ’
3250 595 3375 664 433

712 723 944 801 (Edidit
967 723 1239 799 nonu,
1263 720 1475 786 Kaisa·-
1496 720 1800 786 marech
1824 723 1921 799 11,
1948 725 2224 805 append„
2254 743 2316 806 p.
2352 735 2502 800 ιη,
2534 735 2603 790 n⁰
2633 736 2733 801 81,
2771 745 2848 789 ex
2885 729 3092 807 regist.
3120 729 3371 794 litterar.

787 831 1099 894 Innoccnt.
1129 828 1242 902 tv.
1273 831 1340 890 in
1370 829 1505 890 cod.
1540 829 1828 892 vallicell.
1857 831 2033 894 Rom.
2060 832 2122 893 J.
2152 840 2256 895 55.
2277 832 2587 896 —Collat.
2618 849 2756 894 cum
2783 836 2982 914 regist.
3013 834 3265 914 Leportc
3287 835 3370 900 du

789 936 957 1001 Thell
983 937 1046 994 ln
1072 934 1227 995 Bibl.
1259 935 1456 994 Cesar.
1486 935 1700 1007 Paris„
1729 952 1802 996 ex
1833 936 2015 997 lltter.
2048 938 2261 1002 curial-
2288 953 2432 998 ann.
2462 938 2583 1011 111,
2612 948 2680 998 n⁰
2710 942 2838 1012 28.)

642 1093 1115 1184 Innocentius,
1149 1103 1318 1182 etc„
1352 1092 1877 1189 archiepiscopo
1917 1095 2358 1188 Mognntino,
2394 1104 2529 1172 etc.
2575 1096 2720 1170 Etsi
2760 1096 2853 1174 ad
2895 1096 3372 1176 defensionem

546 1218 887 1294 catholice
926 1215 1088 1292 fidei
1131 1227 1205 1292 et
1246 1217 1709 1292 ecclesiastice
1746 1218 2087 1292 libertatis
2126 1240 2370 1294 omnes
2408 1240 2586 1312 quos
2626 1219 3000 1294 christiana
3039 1220 3372 1300 discernit

546 1341 790 1435 religio
823 1350 1226 1431 teneantur,
1260 1340 1393 1414 viri
1421 1350 1659 1416 tamen
1698 1342 2141 1418 ecclesiastici
2173 1352 2316 1414 tam
2349 1342 2650 1435 religiosi
2679 1365 2890 1436 quam
2923 1345 3269 1420 seculares
3300 1354 3374 1420 et

547 1465 911 1562 presertim
942 1464 1390 1538 ecclesiarum
1436 1464 1684 1559 prelati
1712 1465 1807 1538 ad
1836 1465 1911 1538 id
1943 1487 2030 1539 eo
2058 1466 2356 1561 amplius
2386 1476 2552 1541 sunt
2579 1466 2840 1542 astricti
2869 1468 3067 1562 qnod
3108 1467 3201 1540 ad
3239 1468 3370 1546 do·-

548 1589 799 1664 minice
826 1588 1032 1662 sortis
1062 1587 1498 1683 participium
1532 1588 1898 1684 specialius
1930 1590 2201 1664 evocati
2228 1590 2514 1682 gravius
2536 1591 2702 1664 lesu
2734 1590 2979 1666 Christi
3009 1592 3372 1686 provocari

550 1709 816 1785 debent
856 1711 1123 1803 injuriis
1157 1720 1230 1782 et
1264 1720 1510 1784 contra
1554 1721 2035 1806 persecutores
2075 1712 2385 1788 Ecclesie
2429 1734 2684 1807 sponse
2725 1734 2850 1786 sue
2887 1713 3373 1792 vehementius

549 1833 997 1910 commoveri.
1030 1835 1159 1908 Pre
1199 1833 1468 1908 cunctis
1497 1843 1732 1908 autem
1779 1844 2115 1930 tyrannus
2149 1837 2226 1914 F.
2264 1835 2618 1930 quondam
2650 1837 3117 1909 Romanorum
3147 1836 3369 1934 impe·-

549 1967 740 2030 rator
777 1967 1020 2031 contra
1052 1958 1274 2032 Deum
1312 1968 1383 2032 et
1427 1957 1782 2030 dominam
1811 1958 2192 2032 Ecclesiam
2239 1957 2740 2053 persecutionis
2780 1979 2975 2037 arma
3017 1959 3370 2035 incessan-

550 2089 656 2154 ter
686 2091 759 2154 et
788 2090 1108 2175 patenter
1133 2091 1442 2171 exercet,
1478 2080 1602 2174 qui
1627 2091 1893 2174 quanto
1923 2081 2198 2156 celsiori
2226 2080 2563 2156 hactenus
2589 2080 2925 2171 dignitate
2951 2082 3101 2177 ipsa
3127 2083 3371 2160 Eccle-

552 2204 654 2277 sia
703 2216 1037 2300 operante
1076 2204 1433 2299 prefulsit,
1473 2213 1667 2280 tanto
1710 2204 1783 2279 in
1835 2225 1990 2280 eam
2034 2203 2406 2278 crudeliori
2451 2203 3053 2279 animadversione
3103 2205 3374 2282 desevit

555 2329 860 2422 potentie
878 2349 1005 2402 sue
1028 2325 1268 2426 [vires]
1290 2328 1629 2404 adversus
1644 2328 1834 2400 illam
1858 2327 2160 2404 nefanda
2175 2326 2431 2402 mentis
2449 2326 2904 2423 perversitate
2925 2338 3368 2420 convertens,

554 2451 872 2526 acuendo
904 2451 976 2526 in
1011 2451 1365 2526 interitum
1393 2452 1547 2543 ejus
1568 2451 1876 2543 gladium
1908 2472 2121 2543 quem
2149 2450 2242 2528 ab
2274 2450 2425 2545 ipsa
2462 2460 2706 2523 contra
2745 2450 3057 2542 ejusdem
3089 2450 3373 2526 vibran-

558 2572 728 2645 dum
770 2586 1171 2669 susceperat
1214 2573 1555 2645 inimicos.
1589 2574 1681 2648 Ut
1716 2583 1950 2648 autem
1994 2594 2120 2645 sua
2168 2594 2384 2669 prava
2432 2571 2724 2648 intentio
2775 2572 3051 2667 penitus
3092 2583 3376 2646 auctore

560 2698 851 2768 Domino
877 2707 1216 2769 vacuetur
1238 2707 1310 2769 et
1341 2697 1814 2789 confringatur
1843 2719 1966 2768 sue
1994 2695 2415 2767 fortitudinis
2442 2695 2683 2783 robur,
2714 2695 2810 2766 ibi
2843 2696 3194 2789 potissime
3225 2718 3377 2768 ma-

559 2820 884 2913 lignitatis
911 2821 1125 2917 ipsius
1153 2821 1611 2893 resistendum
1643 2831 1748 2892 est
1779 2819 2025 2892 studiis
2061 2819 2309 2913 suique
2341 2828 2503 2891 sunt
2530 2818 2832 2891 elidendi
2865 2828 3152 2892 conatus
3187 2820 3377 2892 unde

559 2956 842 3040 propter
892 2945 1191 3016 nominis
1240 2945 1724 3016 excellentiam
1774 2943 2139 3016 consuevit
2176 2943 2419 3014 haberi
2467 2942 2780 3037 superior
2829 2952 2901 3014 et
2944 2944 3103 3037 plus
3152 2945 3378 3016 timeri

557 3068 761 3138 etiam
810 3089 935 3161 pre
980 3067 1456 3158 magnitudine
1496 3068 1881 3162 potestatis.
1921 3067 2095 3137 Hinc
2140 3075 2244 3138 est
2290 3066 2482 3159 quod
2521 3065 3042 3138 universitatem
3075 3076 3377 3138 vestram

557 3211 923 3261 monemus
950 3197 1295 3282 qnatenus
1322 3189 1760 3265 considerato
1791 3190 2082 3263 sollicite
2113 3189 2306 3282 quod
2335 3189 2759 3263 tribulonum
2791 3189 3059 3264 malleis
3083 3190 3271 3265 idem
3294 3192 3370 3263 F.

560 3334 702 3384 non
722 3314 945 3384 solum
965 3312 1368 3401 Ecclesiam,
1406 3312 1531 3383 sed
1558 3312 1766 3384 etiam
1797 3324 2017 3385 totum
2051 3313 2195 3383 fere
2228 3311 2676 3384 christianum
2710 3314 3044 3409 populum
3069 3312 3376 3406 flagella·

561 3436 665 3506 vit
694 3445 766 3511 et
789 3435 1122 3527 quamdiu
1154 3434 1228 3506 in
1254 3434 1442 3507 viros
1470 3435 1969 3524 ecclesiasticos
1994 3435 2186 3513 virus
2218 3456 2343 3505 sue
2370 3434 2659 3507 feritatis
2692 3434 3013 3507 effuderit
3046 3436 3376 3535 quodque

562 3558 813 3633 seviori
847 3558 1173 3630 continue
1210 3556 1422 3629 furiat
1460 3558 1650 3629 rabie
1696 3567 1940 3630 contra
1983 3580 2146 3648 eoS‚
2191 3566 2474 3653 propter
2516 3558 2707 3651 quod
2739 3558 2990 3630 efficax
3020 3580 3229 3655 super
3270 3558 3378 3632 his

560 3680 889 3754 convenit
931 3678 1316 3751 remedium
1360 3678 1713 3771 adhiberi,
1749 3679 1843 3752 ad
1892 3679 2186 3752 tuendas
2232 3678 2443 3752 fidem
2491 3688 2562 3752 et
2609 3680 2991 3749 libertatem
3033 3680 3379 3773 predictas

560 3813 800 3875 contra
824 3804 1040 3900 ipsius
1067 3800 1426 3899 perfidiam
1456 3802 1884 3874 ferventibus
1909 3802 2159 3874 animis
2187 3812 2636 3893 exurgentes,
2662 3802 3019 3896 presertim
3048 3823 3208 3873 cum
3231 3804 3376 3895 jam

562 3904 739 3997 alius
762 3925 851 3996 sit
876 3926 948 3996 in
974 3926 1442 3996 Romanorum
1469 3946 1704 4017 regem
1736 3936 2130 4019 assumptus
2158 3924 2231 3997 in
2259 3925 2745 4020 imperatorem
2779 3932 3062 3995 auctore
3085 3924 3377 3998 Domino

563 4046 1101 4140 promovenduS,
1128 4048 1463 4119 adversus
1494 4047 1815 4119 eumdem
1849 4049 1923 4120 F.
1958 4057 2029 4119 et
2057 4069 2300 4119 omnes
2328 4047 2630 4119 fautores
2659 4045 2875 4140 ipsius
2902 4048 3125 4119 crucis
3151 4048 3377 4139 signa·

562 4170 797 4245 culum
857 4169 946 4242 de
999 4170 1237 4242 divino
1278 4180 1349 4243 et
1410 4182 1648 4244 nostro
1704 4181 2064 4266 sperantes
2122 4171 2388 4243 auxilio
2437 4168 2839 4260 assumatis,
2893 4178 3033 4240 tam
3083 4192 3211 4264 per
3252 4193 3376 4244 vos

563 4313 775 4385 quam
809 4314 937 4387 per
969 4293 1143 4366 alios
1170 4293 1525 4385 religiosos
1565 4303 1639 4365 et
1671 4282 2018 4367 seculares
2049 4314 2229 4387 quos
2256 4293 2350 4364 ad
2384 4292 2518 4365 hoc
2548 4291 2835 4375 idoneos
2862 4314 3013 4365 esse
3047 4294 3378 4373 noveritis

565 4426 1030 4510 proponentes
1048 4417 1253 4508 juxta
1285 4415 1519 4488 datam
1549 4417 1751 4489 vobis
1780 4438 1822 4488 a
1853 4418 2001 4487 Deo
2038 4415 2474 4509 prudentiam
2507 4435 2636 4508 per
2662 4426 2929 4487 vestras
2963 4416 3279 4489 civitates
3307 4429 3380 4491 et

564 4537 893 4609 diocesim
930 4539 1222 4611 verbum
1253 4538 1514 4632 crucis,
1542 4560 1799 4633 eosque
1836 4533 1967 4635 [ut]
2002 4546 2374 4633 pensantes
2404 4546 2665 4608 attente
2693 4538 3008 4631 jamdicti
3033 4540 3380 4613 Frederici

565 4659 1048 4732 detestandam
1076 4660 1456 4755 nequitiam
1480 4672 1552 4735 et
1573 4660 2002 4758 propositum
2030 4658 2533 4750 execrandum,
2554 4670 2794 4734 contra
2810 4661 3039 4758 ipsum
3056 4660 3379 4760 suscepto

722 4781 831 4844 VI.
2982 4794 3057 4848 65
