4364 5738
1021 557 1150 623 2³0
2025 558 2456 626 nmmum
2505 561 2853 626 sscunm
3464 565 3630 644 [Ass.
3665 567 3844 630 12⁴4.

1024 701 1223 794 regni
1251 700 1623 774 Ierusalem
1643 699 2002 790 vicesimo,
2015 702 2216 795 regni
2244 719 2414 775 vero
2441 703 2671 775 Sicilie
2696 702 3233 796 quadragesimo
3259 711 3493 794 sexto,
3525 704 3839 778 feliciter.

1024 825 1275 898 Amen.

1121 951 1373 1022 Datum
1405 948 1601 1039 Pisis,
1633 967 1851 1039 anno,
1886 966 2127 1021 mense
2154 959 2232 1022 et
2260 950 2639 1023 indictione
2671 947 3027 1047 prodistis.

634 1523 943 1656 Aw-
1128 1534 1599 1643 Fridericus‚
1638 1537 2161 1620 Romanorum
2212 1538 2654 1647 imperator,
2695 1536 3107 1621 Geraldum
3141 1546 3219 1619 et
3246 1536 3557 1619 Petrum
3591 1529 3838 1618 Amici

1018 1667 1349 1750 vasallos
1391 1680 1469 1751 et
1512 1667 1839 1753 barones
1884 1671 2181 1754 eomitis
2238 1669 2633 1777 Tolosam,
2669 1696 2717 1752 a
2753 1668 3113 1753 fidelitate
3167 1667 3599 1752 communis
3628 1667 3836 1751 Ave-

1017 1799 1408 1884 nionensis
1441 1801 1874 1912 absolutos,
1911 1804 1996 1885 in
2046 1804 2423 1886 directum
2464 1803 2811 1912 ejusdem
2857 1802 3158 1886 comitis
3206 1799 3636 1886 dominium
3692 1827 3833 1885 re·-

1012 1934 1250 2017 ducit.

1181 2150 1372 2229 (Edit.
1394 2168 1492 2229 ap.
1515 2150 1607 2212 Da
1629 2151 1746 2213 V1c
1773 2158 1835 2213 et
1862 2150 2180 2224 Vnssm,
2207 2151 2362 2213 Hinc.
2383 2152 2575 2233 ylner.
2608 2147 3058 2231 delamedoe,
3087 2156 3136 2214 t.
3158 2150 3266 2230 VI,
3293 2165 3562 2229 preuves,
3592 2167 3654 2228 p.
3681 2158 3832 2210 453-

1256 2267 1407 2336 454,
1448 2259 1590 2318 edit.
1649 2258 1730 2319 du
1773 2259 1972 2338 Meg03
2018 2276 2180 2319 nunc
2223 2259 2361 2319 coll.
2402 2275 2541 2319 cum
2585 2259 2859 2336 originali
2902 2257 3103 2337 (Tres.
3142 2254 3240 2317 des
3277 2251 3533 2337 charta,
3574 2251 3632 2317 J.
3681 2265 3827 2335 303,

1258 2375 1322 2424 n⁶
1350 2363 1437 2443 6),
1458 2361 1616 2425 unde
1642 2362 1857 2442 pendet
1882 2363 2140 2443 sigillum
2168 2381 2428 2443 cereum,
2458 2363 2577 2425 filis
2609 2363 2807 2426 sericis
2834 2364 3083 2426 caerulei
3111 2365 3169 2424 et
3192 2364 3337 2424 ssavi
3368 2362 3630 2442 eoloris.)

1112 2551 1525 2643 Fridericus,
1573 2553 1702 2625 Dei
1734 2553 1960 2644 gratia
2002 2555 2473 2625 Romanorum
2510 2553 2887 2647 imperator
2917 2574 3195 2648 semper
3220 2563 3588 2645 augustus,
3624 2553 3827 2625 Jeru-

1009 2677 1232 2747 salem
1292 2686 1362 2748 et
1419 2677 1650 2750 Sicilie
1705 2697 1862 2748 rex.
1920 2678 2052 2749 Per
2103 2697 2390 2771 presens
2449 2677 2787 2773 scriptum
2843 2687 3088 2750 notum
3141 2678 3433 2750 facimus
3483 2677 3827 2750 universis

1011 2800 1282 2896 imperii
1317 2798 1643 2874 fidelibus
1681 2810 1825 2874 tam
1866 2800 2309 2897 presentibus
2342 2822 2555 2895 quam
2600 2801 2853 2874 futuris
2887 2801 3083 2897 quod
3112 2801 3564 2897 Raymundus
3594 2816 3827 2875 eomes

1011 2925 1469 3017 TholosanuS‚
1506 2927 1804 2999 dilectus
1830 2924 2058 2998 affinis
2083 2935 2156 2997 et
2187 2923 2412 2998 fidelis
2435 2936 2698 3017 noster,
2738 2927 3101 3022 proposuit
3128 2947 3365 3000 coram
3401 2926 3604 3000 nobis
3635 2926 3828 3025 quod

1009 3071 1170 3121 oum
1219 3050 1559 3123 Geraldus
1610 3049 1835 3122 Amici
1888 3059 1958 3122 et
2017 3050 2262 3121 Petrus
2309 3049 2533 3121 Amici
2588 3061 2878 3146 patruus
2941 3053 3096 3144 ejus
3150 3060 3386 3124 efflent
3434 3051 3713 3125 vassalli
3756 3060 3829 3124 et

1008 3174 1307 3244 barones
1354 3172 1463 3244 sui
1509 3183 1581 3244 et
1624 3181 1945 3245 tenerent
1982 3173 2076 3245 ab
2124 3194 2212 3246 eo
2254 3183 2475 3247 terras
2515 3195 2677 3246 suas
2720 3175 2794 3246 in
2832 3173 3225 3271 pheudum‚
3267 3187 3343 3248 et
3371 3174 3559 3249 idem
3592 3192 3824 3249 comes

1005 3294 1394 3369 dominium
1429 3296 1619 3390 quod
1654 3295 1959 3369 habebat
1986 3298 2058 3369 in
2084 3295 2255 3394 ipsis
2281 3295 2663 3372 baronibus
2688 3299 2866 3372 etin
2894 3299 3195 3395 pheudis
3224 3322 3363 3393 que
3392 3301 3484 3372 ab
3510 3321 3601 3376 eo
3626 3310 3823 3374 tene·

1006 3421 1212 3512 bant,
1255 3421 1625 3495 donaverit
1654 3430 1726 3494 et
1757 3423 2177 3495 concesserit
2209 3422 2284 3494 in
2324 3421 2679 3518 pheudum
2725 3423 3004 3496 comuni
3028 3423 3540 3516 Avenionensi,
3579 3445 3710 3520 pro
3733 3439 3820 3499 eo

1003 3545 1199 3640 quod
1231 3545 1418 3618 idem
1465 3565 1759 3619 oomune
1803 3546 2308 3619 constituerunt
2353 3568 2431 3619 se
2468 3547 2805 3620 vassallos
2841 3548 2975 3644 ipsi
3017 3548 3255 3621 comiti
3295 3559 3368 3622 et
3410 3547 3817 3623 fidelitatem

1003 3693 1131 3768 pro
1159 3671 1362 3744 dictis
1386 3671 1682 3767 pheudis
1698 3674 2113 3764 juraverunt
2139 3671 2366 3744 eidem
2397 3669 2545 3769 (03
2577 3673 2776 3767 lapsu
2803 3672 3135 3768 temporis
3159 3675 3506 3769 prefatum
3524 3688 3818 3747 suntme

1000 3797 1197 3869 obliti
1226 3796 1504 3890 penitus
1530 3803 2017 3891 perceptorum
2044 3793 2543 3868 beneficiorum
2566 3817 2611 3868 a
2635 3797 2889 3869 comite
2911 3804 3327 3888 memmto,
3346 3807 3420 3870 et
3438 3795 3650 3871 fldem
3675 3815 3815 3894 qua

1000 3921 1201 3993 nobis
1233 3930 1308 3993 et
1341 3919 1633 4016 imperio
1663 3938 1798 3991 nec
1826 3937 1970 3991 non
1996 3928 2068 3991 et
2093 3916 2226 4014 ipsi
2254 3920 2490 3992 comiti
2516 3937 2646 4015 pro
2674 3921 2992 4016 predicto
3018 3922 3302 4016 negotio
3329 3922 3595 3995 astricti
3621 3932 3815 3995 tene-

998 4046 1281 4136 bantur,
1318 4045 1389 4116 in
1422 4043 1784 4141 perfidiam
1816 4053 2330 4132 convertentes,
2360 4043 2737 4116 rebellibus
2771 4056 2844 4118 et
2871 4046 3177 4119 bannitis
3209 4047 3483 4144 imperii
3514 4056 3591 4120 et
3618 4047 3810 4142 oapi·

998 4171 1251 4242 talihus
1287 4169 1581 4241 inimicis
1619 4163 1934 4261 ejusdem
1973 4163 2246 4241 comitis
2282 4166 2737 4262 adbesemnt,
2765 4189 2927 4243 cum
2954 4170 3308 4264 aliquibus
3348 4170 3443 4244 de
3480 4170 3815 4266 predictis

858 4548 880 4566 ο
1066 4475 1138 4548 (4)
1177 4477 1254 4533 De
1291 4474 1465 4532 feudis
1491 4474 1634 4531 Petri
1662 4482 1718 4532 et
1740 4472 1959 4533 Geraldi
1982 4472 2153 4532 Amici
2182 4471 2326 4549 apud
2354 4473 2712 4546 Ammonem,
2744 4470 2814 4532 cf.
2849 4471 3262 4533 instrumentum
3300 4471 3522 4532 hominii
3550 4478 3606 4532 et
3628 4470 3798 4533 fideli-

989 4573 1119 4632 tem
1140 4586 1244 4647 per
1271 4583 1557 4629 oum-mne
1588 4572 1962 4631 Aveuiooeme
1987 4572 2170 4631 mm
2203 4556 2465 4630 Teios-no
2488 4572 2727 4646 meanti
2757 4571 2861 4630 aab
2890 4583 3035 4631 mo
3055 4576 3219 4631 «no.
3247 4571 3503 4631 cmm.
3548 4571 3719 4631 m
3745 4572 3800 4628 in

987 4671 1191 4730 archiv.
1220 4670 1414 4740 Paris.,
1442 4669 1520 4726 Π.
1552 4674 1642 4741 ⁴9,
1666 4670 1759 4728 fol.
1787 4672 1913 4727 ⁴⁴4.
