4364 5738
551 562 756 625 Inmcr.
787 561 881 639 5.]
1433 560 1833 622 HISTORIA
1883 558 2484 623 mPLOMA'rmA.
3258 565 3373 627 501

555 690 1001 776 exhibendis
1072 690 1533 796 exaudierit3
1608 692 1706 774 de
1776 690 2142 774 contracti
2228 715 2408 774 vero
2483 689 2811 774 foederis
2896 692 3386 778 innovatione

557 833 920 906 secretam
954 846 1093 930 per
1127 821 1486 904 nuntium
1526 822 2101 930 responsionem
2135 821 2396 904 mittit.

720 1022 964 1103 (Inedlt.
996 1039 1031 1084 e
1063 1024 1261 1100 regist.
1303 1023 1560 1100 Philipp.
1583 1021 1771 1102 Aug„
1792 1026 1956 1100 prius
1980 1026 2043 1083 in
2079 1021 2372 1083 Thesauro
2403 1021 2690 1099 elem-ear„
2713 1033 2781 1084 n⁰
2803 1032 2903 1098 26,
2939 1042 3101 1087 nunc
3125 1030 3190 1088 in
3221 1028 3378 1092 Bibl.

793 1127 992 1190 Cesar.
1032 1128 1249 1206 Paris„
1281 1128 1413 1189 cod.
1450 1136 1631 1203 8408,
1662 1129 1768 1191 fol.
1800 1137 1917 1190 296
1947 1130 2162 1208 meto.)

649 1301 1251 1374 Excellentissimo
1301 1311 1371 1373 et
1416 1302 1778 1374 karissimo
1818 1302 2043 1374 amico
2092 1319 2223 1372 suo
2263 1300 2645 1392 Friderico,
2694 1301 2819 1372 Dei
2862 1305 3084 1395 gratia
3132 1306 3382 1378 illustri

554 1425 1019 1498 Romanorum
1045 1424 1443 1520 imperatori
1474 1446 1751 1521 semper
1780 1433 2104 1518 augusto,
2129 1424 2564 1497 Jherusalem
2588 1433 2659 1495 et
2685 1424 2914 1497 Sicilie
2940 1428 3115 1520 regi,
3148 1428 3380 1501 Ludo-

553 1548 783 1636 vicus‚
821 1547 1068 1619 eadem
1101 1548 1322 1640 gratia
1354 1569 1485 1619 rex
1521 1548 1971 1637 Francorum,
2014 1549 2311 1618 salutem
2348 1554 2420 1618 et
2456 1546 2722 1619 sincere
2756 1546 3144 1622 dilectionis
3171 1552 3379 1625 affec·

558 1679 731 1742 tum.
776 1670 1111 1742 Nuntium
1158 1680 1472 1743 vestrum
1526 1673 1893 1762 Hugonem
1943 1670 2033 1743 de
2077 1670 2452 1742 Albamara
2496 1671 2785 1742 militem
2807 1723 2827 1761 ,
2877 1672 3166 1745 latorem
3216 1696 3380 1768 pre·

557 1794 884 1886 sentium,
924 1815 1064 1865 una
1100 1816 1260 1865 cum
1294 1794 1541 1866 litteris
1569 1815 1743 1888 quas
1774 1816 1901 1889 per
1932 1793 2160 1889 ipsum
2192 1793 2396 1865 nobis
2428 1803 2664 1865 vestra
2690 1794 2973 1866 dilectio
3005 1795 3382 1868 destinavit

555 1918 948 2013 recepimus
978 1917 1292 1990 hilariter
1315 1926 1525 2012 prout
1558 1918 1792 1990 decuit
1833 1926 1906 1989 et
1933 1917 2347 2009 gaudenter,
2382 1925 2452 1988 et
2479 1917 2643 2010 quia
2677 1927 2818 1988 tam
2852 1938 2945 1989 ex
2977 1920 3377 1992 nuntiorum

553 2049 949 2113 nostrorum
997 2040 1332 2112 relatione
1381 2038 1569 2112 fideli
1607 2061 1818 2133 quam
1865 2062 1991 2135 per
2029 2040 2287 2135 scripta
2330 2049 2564 2112 vestra
2621 2041 2929 2134 patentia
2985 2064 3122 2135 que
3174 2044 3378 2116 nobis

556 2162 873 2236 exhibuit
926 2165 1113 2237 idem
1165 2167 1365 2255 Hugo
1417 2163 1775 2260 ipsiusque
1839 2164 2039 2236 nobis
2090 2163 2469 2235 assertione
2534 2164 2836 2236 innotuit
2887 2165 3078 2258 quod
3135 2189 3377 2261 preces

551 2297 822 2359 nostras
860 2310 989 2384 per
1021 2287 1371 2382 predictos
1422 2288 1699 2359 nuntios
1741 2298 1978 2360 vestre
2023 2287 2380 2359 serenitati
2425 2295 2778 2381 porrectas
2801 2340 2820 2376 ,
2855 2290 3217 2382 presertim
3246 2314 3374 2386 pro

552 2411 971 2483 victualibus
1005 2421 1076 2483 et
1106 2411 1259 2483 aliis
1293 2411 1699 2484 necessariis
1732 2410 1820 2482 de
1856 2409 2127 2506 imperii
2168 2420 2240 2481 et
2274 2431 2649 2502 regnorum
2689 2420 3080 2483 vestrorum
3121 2412 3375 2487 finibus

556 2534 1007 2607 extrahendis
1048 2556 1175 2630 pro
1219 2536 1538 2630 passagio
1582 2543 1821 2607 nostro
1868 2535 1938 2604 in
1974 2534 2359 2606 subsidium
2396 2536 2605 2606 Terre
2652 2535 2938 2626 Sancte,
2987 2537 3080 2609 ad
3112 2538 3371 2609 amica-

552 2657 766 2729 bilem
795 2658 1264 2731 exauditionis
1304 2659 1597 2750 gratiam
1647 2657 2049 2746 admisistiS,
2093 2656 2473 2749 gratiarum
2511 2656 2712 2728 vobis
2754 2658 3112 2729 referimus
3157 2661 3373 2732 actio-

554 2803 720 2874 nes;
759 2782 1076 2878 petitioni
1117 2784 1430 2875 ejusdem
1469 2782 1697 2853 nuntii
1740 2781 1954 2853 vestri
1997 2781 2299 2873 benigne
2333 2801 2542 2876 super
2586 2780 2722 2851 hoc
2771 2792 3161 2855 annuentes
3200 2794 3278 2854 ut
3314 2784 3373 2855 si

555 2906 760 2997 forte,
796 2907 990 3000 quod
1007 2908 1213 2998 absit,
1246 2908 1484 3003 aliquo
1512 2929 1678 2979 casu
1711 2906 1994 2979 fortuito
2022 2904 2476 3001 prepediente
2510 2906 2867 2999 contingat
2894 2929 3023 2979 nos
3058 2919 3126 2979 et
3158 2908 3375 2981 karis-

555 3028 806 3101 simum
837 3030 1121 3102 fratrem
1156 3041 1470 3102 nostrum
1504 3031 1587 3102 R.
1626 3030 1954 3102 comitem
1995 3029 2563 3118 Atrebatensem,
2622 3041 2832 3124 prout
2874 3042 3065 3104 certo
3109 3033 3375 3105 incom-

554 3152 1009 3247 mutabilique
1035 3153 1333 3225 Domino
1353 3153 1731 3225 auxiliante
1760 3154 2114 3248 proposito
2138 3174 2357 3248 penes
2380 3174 2510 3225 nos
2539 3162 2645 3224 est
2664 3150 3042 3247 firmatum,
3072 3156 3142 3226 in
3168 3158 3377 3229 Terre

554 3277 803 3348 Sancte
854 3276 1240 3348 subsidium
1284 3296 1426 3347 non
1489 3275 1812 3365 transire,
1861 3277 2123 3347 directe
2170 3275 2372 3348 nobis
2422 3276 2512 3348 de
2569 3277 2880 3370 predicta
2931 3280 3378 3352 concessione

556 3411 786 3473 vestra
827 3402 1054 3473 littere
1098 3402 1363 3471 nullam
1404 3399 1705 3471 habeant
1751 3397 2174 3471 firmitatem.
2224 3401 2541 3471 Ceterum
2588 3421 2798 3495 super
2851 3423 2937 3473 eo
2981 3405 3171 3496 quod
3216 3426 3379 3499 pre·

556 3522 782 3596 dictus
816 3524 1102 3595 nuntius
1132 3537 1367 3594 vester
1396 3523 1651 3615 adjecit
1686 3532 1766 3593 ut
1791 3522 1847 3592 si
1880 3543 2017 3615 que
2053 3528 2251 3592 terre*
2282 3542 2406 3617 per
2445 3522 2959 3614 crucesignatos
2994 3524 3065 3593 in
3098 3524 3379 3596 Terram

555 3648 878 3719 Sanctam
918 3647 991 3717 in
1037 3646 1321 3718 instanti
1357 3646 1675 3742 passagio
1721 3644 2129 3717 transituros
2162 3644 2421 3714 fuerint
2449 3644 2812 3737 acquisite,
2847 3644 2939 3717 ad
2962 3646 3079 3737 jus
3116 3658 3187 3719 et
3213 3668 3377 3741 pro·

552 3771 919 3865 prietatem
956 3769 1153 3862 regni
1192 3769 1771 3841 lherosolimitani
1822 3768 2077 3839 debeat
2117 3768 2364 3839 eadem
2410 3767 2773 3862 acquisitio
2820 3768 3187 3862 devenire,
3236 3772 3377 3841 cel-

553 3893 839 3966 situdini
880 3903 1110 3966 vestre
1155 3901 1394 3964 tenore
1437 3892 1861 3988 presentium
1912 3890 2315 3962 intimamus
2347 3890 2539 3983 quod
2582 3912 2741 3961 cum
2779 3912 2905 3986 pro
2945 3893 3095 3963 solo
3144 3892 3379 3966 divine

553 4016 933 4110 majestatis
963 4015 1229 4088 honore
1262 4026 1333 4087 et
1360 4016 1783 4088 exaltatione
1813 4014 1977 4087 fidei
2012 4014 2387 4087 christiane
2416 4014 2774 4106 negotium
2806 4017 3380 4110 assumpserimus

549 4141 974 4214 antedictum
991 4193 1011 4231 ,
1048 4139 1263 4211 nichil
1284 4139 1354 4210 in
1385 4140 1699 4232 ejusdem
1727 4140 2213 4235 prosecutione
2242 4139 2504 4230 negotii
2531 4139 2759 4209 facere
2777 4139 3071 4211 Domino
3100 4141 3378 4214 favente

551 4264 1004 4360 proponimus
1037 4264 1229 4357 quod
1264 4263 1525 4335 nedum
1568 4263 1766 4336 vobis
1805 4272 1877 4335 et
1908 4263 2162 4335 dilecto
2206 4261 2430 4334 amico
2466 4272 2704 4334 nostro
2738 4262 2809 4334 C.
2850 4262 3098 4334 illustri
3125 4265 3380 4337 Roma-

550 4406 800 4458 norum
832 4387 905 4458 in
938 4408 1171 4479 regem
1201 4388 1449 4477 electo,
1486 4387 1682 4479 regni
1708 4386 2288 4458 lherosolimitani
2312 4385 2581 4477 heredi,
2611 4395 2776 4457 nato
2803 4395 3065 4478 vestro,
3094 4389 3222 4461 sed
3253 4412 3385 4462 nec

553 4509 760 4580 etiam
802 4509 1008 4582 alicui
1053 4510 1316 4583 homini
1355 4510 1726 4582 christiano
1764 4510 1981 4606 possit
2021 4509 2483 4606 prejudicium
2524 4531 2858 4602 generare
2898 4512 3013 4584 vel
3049 4512 3224 4603 juris
3275 4515 3381 4585 sui

554 4653 800 4727 parere
835 4632 1192 4705 lesionem.
1245 4636 1470 4731 Super
1512 4655 1597 4706 eo
1638 4654 1920 4727 quoque
1961 4631 2153 4725 quod
2188 4632 2389 4727 petiit
2423 4633 2708 4705 nuntius
2736 4643 2970 4706 vester
3000 4644 3079 4705 ut
3119 4655 3250 4707 nec
3291 4633 3384 4705 ad
