4364 5738
589 551 789 610 mmm.
824 547 915 623 2.]
1477 500 1873 598 msronm
1923 535 2512 597 DIPLOMATICA.
3294 530 3408 591 125

1874 798 2995 811 ffl-——w———o——ss

689 1069 1058 1151 Tineosus
1133 1067 1356 1150 miles
1420 1066 1905 1148 Viterbiensis
1959 1066 2076 1176 (a)
2137 1065 2575 1173 imperatori
2635 1064 2918 1173 gratias
2984 1062 3143 1171 agit
3198 1063 3406 1172 quod
3481 1063 3794 1122 &mm-¹

582 1202 808 1283 fidem
859 1226 1080 1283 suam
1136 1198 1495 1283 laudibus
1549 1198 1907 1281 extollere
1962 1199 2322 1307 dignatus
2377 1198 2646 1301 fuerit,
2706 1207 2965 1280 narrat
3016 1197 3404 1305 quomodo

583 1334 1006 1442 proditores
1053 1333 1348 1441 imperii
1384 1331 1804 1414 Viterbium
1854 1331 2421 1434 subverterunt,
2464 1329 2737 1412 comite
2775 1329 3083 1411 Simone
3117 1338 3193 1410 et
3238 1327 3408 1410 aliis

584 1466 936 1548 fidelibus
991 1467 1068 1547 in
1120 1479 1372 1549 castro
1425 1465 1740 1546 inclusis
1796 1475 1870 1546 et
1918 1464 2291 1567 obsessis,
2345 1463 2867 1572 supplicatque
2920 1475 3008 1543 ut
3058 1462 3155 1542 ad
3198 1459 3405 1567 ipsos

584 1599 1017 1681 liberandos
1053 1599 1389 1682 celeriter
1422 1599 1700 1681 veniat.

748 1817 942 1895 (Edit.
988 1821 1053 1877 in
1092 1817 1262 1876 Petri
1298 1814 1367 1875 de
1416 1816 1609 1876 Vincis
1638 1817 1833 1894 epist„
1882 1815 1984 1875 lib.
2020 1817 2107 1889 11,
2147 1833 2278 1892 cap.
2311 1814 2437 1887 LV;
2472 1815 2602 1875 coll.
2651 1831 2788 1875 cum
2830 1814 2963 1874 cod.
3010 1811 3153 1872 bibl.
3199 1812 3395 1873 Cesar.

822 1924 1039 1996 Paris„
1053 1920 1237 2002 fonds
1265 1922 1675 1991 Nom-Dama,
1707 1930 1774 1981 11⁰
1802 1920 1964 1999 202.)

683 2109 1069 2204 Imperialis
1114 2109 1439 2200 majestas
1488 2129 1692 2178 servo
1734 2128 1862 2179 suo
1898 2106 2184 2200 dignata
2216 2128 2447 2189 sacras
2484 2108 2719 2179 literas
2756 2106 3101 2178 destinare
3146 2119 3213 2178 et
3254 2107 3401 2178 lau·

583 2232 792 2305 dibus
837 2232 1174 2303 extollere
1202 2232 1456 2302 famam
1497 2232 1686 2322 ejuS,
1729 2232 1817 2303 de
1847 2234 2158 2303 fervente
2194 2231 2680 2303 ferventiorem
2729 2231 2970 2320 efficit,
3014 2230 3403 2303 accendens

584 2357 874 2428 interius
926 2356 1239 2428 exterius
1272 2357 1421 2448 jam
1456 2377 1853 2444 accensum,
1896 2364 1967 2426 et
2012 2353 2297 2426 firmans
2340 2356 2412 2425 in
2450 2355 2803 2449 proposito
2836 2355 2979 2446 jam
3020 2352 3395 2424 firmatum.

584 2481 720 2553 Sed
755 2481 918 2574 quia
951 2482 1103 2551 laus
1133 2480 1206 2551 in
1239 2500 1362 2552 ore
1392 2480 1674 2574 proprio
1718 2501 1861 2550 non
1899 2488 2006 2550 est
2031 2479 2349 2574 pulchra,
2394 2488 2657 2571 quanta
2692 2490 2976 2572 operata
3010 2479 3099 2549 sit
3131 2489 3202 2548 et
3233 2499 3402 2572 ope·

584 2614 775 2674 ratur
799 2605 1060 2696 jugiter
1093 2602 1268 2675 fides
1295 2624 1478 2690 mea,
1521 2613 1592 2673 et
1619 2613 1880 2695 quanta
1912 2624 2156 2698 passus
2188 2603 2316 2673 sim
2354 2612 2424 2673 et
2454 2612 2735 2697 paratus
2771 2624 2923 2671 sum
2957 2623 3084 2696 pro
3124 2601 3404 2673 nomine

583 2737 815 2800 vestro
857 2729 1036 2824 pati,
1081 2727 1367 2800 effectus
1407 2747 1695 2822 operum
1739 2725 2352 2816 demonstrabunt,
2406 2738 2476 2797 et
2524 2725 2715 2821 prius
2762 2728 2942 2797 fama
2987 2747 3197 2820 quam
3243 2747 3402 2822 per·
3494 2719 3503 2728 ‘'

585 2873 753 2924 sona
790 2874 902 2923 me
935 2861 1169 2924 vestro
1206 2850 1489 2923 culmini
1533 2850 2027 2947 praesentabit.
2069 2851 2214 2923 Nec
2255 2850 2536 2943 indigne
2585 2871 2837 2944 corpus
2886 2859 2956 2922 et
2996 2850 3296 2921 animam
3333 2861 3402 2923 et

582 2977 904 3048 universa
945 2997 1084 3069 que
1127 2975 1352 3048 habeo
1394 2998 1522 3070 pro
1576 2975 1839 3048 honore
1888 2975 2300 3048 diadematis
2341 2974 2551 3046 vestri
2596 2974 2889 3070 exposui
2927 2974 3304 3046 liberaliter
3335 2986 3405 3046 et

584 3119 901 3193 expon03
941 3120 1100 3169 cum
1133 3074 1369 3170 omnia
1409 3119 1547 3190 que
1594 3099 1664 3169 in
1706 3098 1904 3170 terris
1946 3100 2304 3194 possideo,
2347 3120 2391 3170 a
2420 3109 2651 3171 vestra
2689 3097 3200 3192 magnificentia
3233 3099 3405 3172 mihi

583 3223 844 3294 donata
881 3219 1235 3317 profitear,
1275 3242 1357 3293 ac
1391 3222 1686 3292 salutem
1714 3231 1785 3294 et
1815 3223 2027 3294 vitam
2060 3233 2220 3317 post
2251 3223 2474 3293 Deum
2500 3244 2628 3294 vos
2660 3223 2988 3318 precipue
3029 3246 3398 3316 recognos-

581 3368 761 3418 cam.
801 3348 943 3417 Hec
980 3345 1219 3437 utique
1262 3344 1600 3416 deberent
1641 3366 2133 3436 recognoscere
2169 3346 2595 3441 proditoreS,
2641 3369 2938 3439 quorum
2975 3350 3213 3420 oculos
3250 3350 3398 3420 dia-

580 3472 783 3543 bolus
816 3469 1220 3541 excaecavit
1252 3469 1322 3537 in
1367 3478 1658 3559 tantum,
1698 3482 1776 3540 ut
1818 3470 2034 3562 magis
2080 3471 2151 3540 in
2190 3471 2493 3542 tenebris
2527 3493 2740 3564 quam
2781 3472 2852 3542 in
2888 3474 3042 3544 luce
3072 3483 3141 3543 et
3173 3474 3401 3568 potius

584 3593 650 3662 in
701 3594 947 3665 timore
996 3592 1232 3663 mortis
1287 3613 1497 3684 quam
1552 3592 1623 3662 in
1670 3593 2036 3664 securitate
2090 3592 2234 3665 vite
2280 3593 2679 3666 desiderent
2728 3606 2796 3666 et
2844 3596 3101 3686 eligant
3152 3597 3396 3666 ambu-

586 3717 753 3788 lare.
792 3718 927 3804 Qui
961 3728 1117 3813 post
1154 3718 1375 3787 Deum
1422 3739 1548 3812 per
1589 3739 1714 3789 vos
1761 3717 1849 3789 de
1891 3719 2283 3790 carceribus
2331 3719 2599 3810 educti,
2653 3720 2741 3791 de
2794 3721 3003 3791 exilio
3056 3720 3395 3810 revocati,

584 3841 721 3911 imo
766 3841 854 3913 de
903 3841 1217 3913 faucibus
1273 3841 1512 3914 mortis
1557 3843 1814 3937 erepti,
1862 3841 2126 3914 civitati
2179 3854 2250 3914 et
2297 3845 2570 3916 familiis
2620 3844 2915 3916 restituti
2966 3845 3277 3933 fuerunt,
3330 3854 3401 3914 et

584 3964 747 4035 dum
782 3965 984 4037 bonis
1012 3964 1333 4038 omnibus
1360 3966 1834 4056 abundarent,
1864 3967 2172 4039 omnium
2208 3967 2701 4039 beneficiorum
2739 3979 3127 4039 vestrorum
3172 3966 3393 4058 obliti,

584 4087 728 4160 sine
758 4090 948 4181 justa
988 4110 1196 4162 causa
1241 4090 1764 4161 recalcitrat-unt
1800 4090 2069 4182 dilecti,
2111 4102 2182 4162 et
2213 4092 2285 4161 in
2323 4113 2452 4164 vos
2497 4103 2765 4185 patrem
2800 4101 2870 4161 et
2910 4090 3268 4162 dominum
3317 4113 3399 4163 ac

582 4210 1094 4308 redemptorem
1153 4234 1393 4286 eorum
1455 4213 1780 4308 nequiter·
1834 4217 2319 4308 conjurantes,
2379 4216 2729 4286 civitatem
2786 4225 3090 4285 vestram
3153 4216 3397 4288 lauda·

581 4332 789 4406 bilem
849 4339 1339 4411 subverterunt
1399 4338 1602 4410 nonis
1661 4339 2073 4434 septembris
2094 4391 2114 4428 ,
2171 4348 2512 4433 potestate
2564 4348 2636 4410 et
2683 4340 2930 4411 ceteris
2992 4339 3400 4413 officialibus

584 4458 831 4531 vestris
870 4483 1030 4533 cum
1064 4461 1273 4534 armis
1316 4462 1567 4533 acriter
1597 4462 1952 4554 infugatis.
1995 4462 2478 4554 Vocantesque
2525 4462 2613 4535 de
2656 4463 3035 4559 longinquo
3080 4464 3399 4536 cardina·

671 4633 755 4715 (a)
803 4638 872 4696 In
901 4637 1100 4698 codice
1127 4637 1453 4711 Guelferb„
1491 4636 1779 4699 Turdam
1805 4654 1983 4697 comes
2028 4635 2431 4715 Viterbiensis;
2460 4642 2657 4701 minus
2684 4647 2860 4701 recte.
