4364 5738
978 541 1102 604 204
1974 546 2401 607 munemel
2450 545 2796 608 ssscuum
3415 545 3577 630 [Amr.
3614 544 3790 607 1244.

979 676 1291 769 gantium
1334 679 1724 774 repleverat
1755 681 1954 777 copia
1987 683 2449 777 prelatorum,
2487 680 2837 752 exercitus
2876 679 3211 752 solvimus
3250 680 3505 774 quibus
3544 679 3792 752 urbem

980 800 1259 872 urbium
1290 812 1500 897 caput
1524 824 1649 898 pre
1685 805 1946 876 foribus
1978 805 2458 895 cinxeramus,
2490 804 2736 876 fratres
2779 824 2904 899 per
2945 803 3219 876 diversa
3256 804 3408 875 loca
3449 804 3794 899 dispersos

979 925 1053 997 in
1076 948 1294 997 unum
1317 926 1555 999 reduci
1581 937 1820 1022 parata
1846 929 2119 1000 viarum
2141 928 2510 1000 securitate
2539 927 2961 1018 curavimus,
2979 936 3059 999 ut
3078 928 3383 1000 Ecclesie
3407 928 3495 999 de
3517 937 3794 1024 pastore

981 1049 1262 1121 liberius
1299 1061 1371 1122 et
1400 1051 1601 1123 nobis
1642 1074 1725 1124 ac
1764 1053 2028 1125 mundo
2072 1053 2161 1126 de
2200 1063 2396 1149 patre
2433 1053 2700 1124 facilius
2740 1052 3214 1148 providerent.
3263 1052 3572 1139 Quorum
3612 1051 3792 1123 votis

979 1174 1050 1246 in
1071 1175 1280 1246 istum
1311 1196 1655 1246 summum
1689 1174 2085 1272 pontificem
2110 1176 2558 1271 inspiratione
2579 1176 2844 1266 divina,
2864 1177 3043 1248 sicut
3063 1185 3299 1248 nostra
3326 1184 3561 1247 tenere
3585 1171 3794 1246 debet

977 1298 1238 1394 opini0,
1271 1299 1732 1389 concordatis,
1765 1300 1983 1391 gavisi
2009 1324 2248 1372 sumus
2279 1300 2536 1394 gaudio
2573 1321 2853 1393 magno,
2883 1302 3090 1373 valde
3124 1293 3576 1394 probabiliter
3609 1296 3786 1369 exti-

977 1433 1248 1494 mantes
1292 1422 1750 1495 orthodoxam
1794 1436 1865 1496 et
1905 1426 2371 1496 universalem
2400 1424 2777 1496 Ecclesiam
2824 1424 3020 1497 radio
3064 1424 3231 1496 novi
3272 1422 3550 1494 luminis
3597 1421 3789 1491 illus·-r

979 1556 1253 1641 tratam,
1282 1568 1643 1619 romanum
1672 1548 2042 1643 imperium
2067 1571 2251 1621 nova
2276 1548 2555 1641 justicie
2582 1548 3030 1643 generatione
3056 1550 3343 1619 letatum
3371 1544 3564 1640 quod
3594 1544 3686 1617 de
3715 1565 3787 1616 se

977 1670 1192 1743 filium
1228 1673 1469 1765 genuit
1494 1693 1703 1766 quam
1736 1682 2008 1768 patrem
2039 1674 2228 1746 orbis
2254 1685 2324 1746 et
2348 1672 2512 1746 fidei
2541 1675 2788 1747 merito
2815 1674 2963 1746 fore
2990 1672 3348 1765 gloriatur.
3383 1670 3602 1763 Igitur
3630 1669 3787 1740 affe-

978 1797 1290 1870 rentibus
1325 1796 1523 1868 nobis
1558 1805 1700 1867 tum
1738 1818 2034 1891 persone
2066 1798 2330 1869 meritis
2362 1807 2507 1869 tum
2541 1797 2933 1869 innocentie
2961 1805 3194 1868 nostre
3218 1794 3483 1887 justitia
3506 1812 3786 1887 prorsus

976 1919 1503 1992 indubitabilem
1550 1942 1746 2016 spem
1796 1921 1884 1992 de
1938 1942 2148 2016 pace,
2203 1921 2458 1993 cursim
2503 1922 2595 1993 ad
2633 1922 2854 2017 ipsam
2894 1920 3380 2016 processimus,
3422 1917 3785 1990 offerentes

976 2045 1292 2118 eamdem
1314 2045 1403 2118 ad
1424 2045 1757 2117 honorem
1775 2046 1897 2117 Dei
1919 2058 1990 2118 et
2004 2046 2306 2118 Ecclesie
2326 2046 2642 2141 primitus
2665 2067 2877 2138 quam
2893 2044 3433 2140 prestolaremus
3451 2041 3780 2114 oblatam.

971 2171 1264 2242 Demum
1296 2170 1594 2263 qualiter
1614 2191 1755 2241 non
1785 2171 2008 2242 solum
2033 2182 2270 2242 nostra
2297 2170 2424 2241 sed
2445 2169 2755 2242 omnium
2783 2169 2872 2241 sit
2897 2168 3315 2263 expectatio,
3347 2165 3520 2262 proh
3550 2159 3776 2237 dolorl

971 2315 1422 2390 personarum
1460 2303 1583 2366 aut
1606 2304 1999 2389 temporum
2032 2293 2395 2387 iniquitate
2423 2293 2773 2383 frustrata,
2796 2314 2888 2364 ne
2911 2291 3327 2364 narrationis
3353 2291 3560 2362 unius
3579 2291 3783 2381 longe

970 2415 1304 2489 contextu
1341 2427 1479 2488 tam
1513 2438 1717 2488 aures
1747 2427 1977 2489 vestre
2024 2439 2234 2511 quam
2278 2417 2462 2488 oculi
2507 2416 2928 2508 fastidirent,
2973 2416 3182 2488 totius
3218 2414 3531 2508 ejusdem
3574 2433 3782 2485 cause

968 2562 1370 2637 processum
1403 2550 1473 2611 et
1509 2540 1761 2611 seriem
1787 2540 1987 2612 alteri
2021 2541 2272 2635 pagine
2305 2540 2634 2613 duximus
2665 2540 3267 2629 committendum,
3298 2549 3378 2611 ut
3405 2540 3597 2611 velut
3628 2559 3781 2608 mu-

971 2675 1114 2737 tato
1137 2664 1426 2755 ferculo,
1449 2664 1755 2758 perfecta
1781 2664 2041 2736 lectura
2058 2666 2513 2760 presentium,
2536 2687 2719 2738 nova
2739 2687 3078 2738 novorum
3102 2664 3455 2760 perceptio
3472 2672 3779 2735 vestrum

969 2787 1269 2861 delectet
1301 2788 1641 2860 auditum.

613 3249 844 3356 ,33ίῶ
1070 3235 1532 3343 Fridericu8‚
1576 3235 2091 3319 Romanorum
2126 3238 2569 3347 imperator,
2610 3238 2981 3322 universis
3017 3228 3367 3324 fidelihus
3403 3249 3478 3323 et
3514 3241 3776 3323 amicis

966 3367 1126 3449 suis
1160 3364 1329 3450 fuse
1362 3377 1622 3450 narrat
1651 3367 1839 3478 quid
1874 3394 2015 3479 pro
2048 3395 2235 3479 pace
2267 3372 2875 3455 consummanda
2906 3373 3103 3456 inter
3147 3399 3230 3456 se
3272 3384 3350 3457 et
3383 3399 3773 3457 summum

961 3499 1389 3611 pontificem
1431 3513 1684 3584 actum
1720 3501 1986 3610 fuerit,
2026 3529 2460 3588 memorans
2494 3505 2701 3615 quod
2736 3530 2914 3588 cum
2948 3505 3509 3590 conditionibus
3546 3532 3594 3588 a
3628 3532 3770 3589 so-

960 3633 1225 3715 cietate
1282 3633 1779 3718 Lombardiae
1832 3634 2110 3719 oblatis
2164 3646 2339 3719 ante
2386 3651 2464 3721 et
2524 3649 2697 3747 post
2752 3638 3144 3722 victoriam
3207 3639 3411 3748 apud
3463 3639 3766 3722 Curtem

958 3765 1249 3851 Novam
1294 3776 1751 3876 reportatam
1771 3830 1794 3876 ‚
1844 3794 2030 3877 pace
2079 3768 2564 3853 Constantiae
2605 3795 2921 3880 prorsus
2974 3781 3320 3881 excepta,
3367 3772 3530 3881 ipse
3572 3782 3771 3854 stare

956 3897 1317 4008 voluerit,
1355 3925 1555 4009 papa
1599 3908 1772 4009 post
1807 3900 2013 3982 varia
2049 3901 2519 4011 diverticula,
2559 3903 2754 3985 rein
2796 3929 3164 4013 suspenso
3191 3904 3449 3988 relicta
3464 3967 3488 4013 ,
3521 3904 3769 3988 subito

959 4030 1058 4111 ad
1109 4029 1432 4113 Januam
1483 4033 1855 4144 confugit.

1122 4216 1379 4293 (Edider.
1412 4222 1861 4299 Wuanrwnn«‚
1892 4223 2037 4285 Nov-
2069 4220 2306 4285 Substat.
2336 4220 2655 4304 diplomat„
2681 4231 2733 4286 t.
2762 4225 2908 4300 xn,
2938 4243 3001 4304 p.
3025 4236 3125 4305 ⁴1,
3155 4233 3213 4287 et
3240 4244 3405 4306 seqq.
3436 4259 3516 4272 —
3543 4227 3766 4305 Pnn,

1195 4324 1450 4385 Menum.
1486 4326 1677 4388 Germ.
1703 4326 1867 4402 hist„
1898 4336 1945 4390 t.
1975 4330 2083 4407 lv,
2113 4349 2174 4410 p.
2216 4341 2329 4392 346
2358 4338 2419 4392 et
2444 4350 2648 4410 seqq.;
2677 4333 2852 4394 ambo
2878 4351 2953 4395 ex
2982 4335 3113 4394 cod.
3150 4334 3459 4407 Vaticano,
3489 4343 3555 4394 n⁹
3581 4342 3763 4411 4957,

1195 4447 1314 4491 sec.
1343 4433 1476 4493 XV.
1512 4437 1632 4495 Nos
1661 4453 1800 4497 vero
1826 4437 1935 4497 sub
1964 4440 2194 4497 rectiori
2230 4445 2292 4499 et
2331 4439 2518 4499 multo
2546 4440 2816 4516 ampliori
2844 4439 3033 4501 forma
3060 4440 3171 4500 hoc
3207 4442 3448 4499 maximi
3486 4442 3765 4499 momenti

1191 4539 1647 4599 instrumentum
1667 4559 1738 4600 ex
1761 4543 1892 4602 cod.
1910 4543 2361 4617 vratislavensi‚
2386 4544 2533 4604 bibl.
2558 4545 2622 4606 S.
2645 4544 2865 4607 Elisah.
2890 4546 3226 4625 Rhediger.‚
3247 4555 3313 4605 n⁰
3331 4554 3427 4616 47,
3448 4561 3569 4606 sec.
3589 4545 3758 4618 xm,

1189 4642 1595 4721 recollegimus
1621 4652 1681 4705 et
1706 4647 1903 4707 denuo
1935 4648 2330 4728 exhibemus.)
