4364 5738
586 517 786 577 lumcr.
819 516 910 594 2.]
1473 516 1868 577 HISTORIA
1917 517 2512 580 DIPLOMATch.
3296 520 3409 580 187

586 652 861 723 animus
891 661 1131 724 noster
1164 650 1484 742 cogitarit
1512 662 1755 723 contra
1787 674 1914 724 vos
1946 663 2018 724 et
2048 654 2295 724 fratres
2322 664 2592 726 vestros
2617 653 2708 724 ad
2741 673 3025 747 presens
3056 651 3162 749 (l)
3191 674 3230 723 a
3254 654 3409 745 qui-

585 777 717 848 bus
745 772 943 873 [non]
981 784 1343 870 separatur
1377 775 1712 848 exaltatio
1745 776 1962 848 nostri
1994 786 2249 868 status,
2281 777 2494 849 corda
2526 778 2995 849 Romanorum
3030 777 3410 849 accendere

587 909 709 970 aut
732 900 932 984 vobis
961 900 1032 970 in
1054 900 1238 971 Urbe
1266 899 1685 971 discordiam
1713 900 2072 972 suscitare.
2106 902 2209 971 Ha
2228 897 2444 971 Deus!
2476 900 2828 994 quomodo
2853 910 3121 970 tantum
3147 899 3411 995 nephas

586 1023 702 1094 ille
744 1023 1074 1115 magister
1125 1022 1430 1113 fallacie,
1486 1024 1751 1095 fraudis
1786 1025 2015 1114 faber,
2065 1024 2137 1095 in
2184 1024 2418 1096 animo
2474 1044 2601 1094 suo
2643 1045 2880 1095 creare
2927 1024 3187 1118 potuit,
3234 1045 3410 1116 quo-

586 1145 797 1217 modo
830 1146 897 1216 in
931 1157 1162 1218 actum
1195 1146 1612 1217 transferre?
1642 1147 1700 1217 Ο
1737 1159 2074 1241 quantum
2099 1146 2302 1220 nobis
2329 1147 2673 1217 exuberat
2699 1168 2793 1218 ex
2820 1146 3216 1237 hujusmodi
3249 1147 3411 1218 dolo

589 1269 790 1341 dolor
843 1271 962 1362 qui
1014 1268 1213 1342 firma
1263 1280 1497 1341 mente
1539 1271 1994 1366 proponimus
2058 1282 2127 1343 et
2171 1281 2413 1343 votum
2462 1292 2800 1343 vovemus
2847 1271 3083 1360 vobis,
3134 1270 3411 1343 domine

589 1404 826 1465 sancte
868 1403 1093 1489 pater,
1138 1394 1400 1467 nedum
1448 1416 1758 1489 pungere
1811 1417 1939 1468 vos
1982 1395 2236 1486 taliter,
2291 1395 2415 1467 sed
2461 1405 2783 1491 potenter
2831 1415 3186 1490 exponere
3230 1395 3415 1464 vires

588 1527 885 1609 nostraS,
909 1539 1074 1612 ymo
1101 1528 1171 1589 et
1189 1539 1346 1589 ossa
1363 1540 1520 1589 cum
1543 1519 1869 1591 medullis
1895 1541 2252 1616 exponere
2281 1541 2408 1615 pro
2426 1519 2723 1590 servitiis
2746 1519 2996 1590 vestris
3018 1526 3089 1589 et
3108 1517 3414 1589 Ecclesie

588 1650 825 1712 sancte
851 1637 1012 1713 Deil
1045 1642 1213 1728 Quis
1246 1643 1431 1713 enim
1466 1642 1595 1713 nisi
1629 1643 1881 1715 mentis
1910 1643 2112 1739 inops
2147 1643 2688 1739 impugnationis
2724 1652 2985 1713 turrem
3023 1642 3095 1712 in
3129 1662 3249 1713 eos
3277 1641 3412 1712 eri-

585 1785 752 1855 gere
797 1779 1190 1855 conaretur,
1238 1767 1493 1859 quibus
1536 1767 1799 1838 servire
1839 1767 2063 1838 sitiret
2102 1767 2333 1861 potius
2372 1788 2581 1859 quam
2619 1766 2891 1837 sevire?
2927 1767 3082 1837 Non
3118 1765 3416 1837 credatis

588 1910 756 1981 ergo
777 1943 797 1981 ,
836 1890 1240 1985 suppliciter
1267 1912 1681 1982 quesumuS,
1714 1913 1856 1963 non
1893 1892 2193 1962 credatis
2222 1913 2347 1986 pro
2377 1894 2560 1982 Deo,
2600 1892 2879 1962 domine
2898 1944 2918 1982 ,
2961 1893 3169 1963 talem
3201 1891 3414 1983 sagit-

591 2025 734 2083 tam
771 2014 861 2085 de
897 2022 1135 2084 nostra
1169 2012 1495 2107 pharetra
1532 2015 1975 2108 processisse.
2020 2015 2097 2086 ln
2132 2012 2434 2109 hospitio
2469 2015 2684 2086 vestri
2724 2014 2910 2086 beati
2951 2015 3249 2108 pectoris
3297 2014 3416 2085 ubi

592 2135 830 2206 divino
865 2136 1111 2230 spiritu
1145 2138 1395 2207 Sancte
1421 2138 1678 2208 mentis
1712 2138 1784 2207 in
1820 2139 2103 2233 speculo
2145 2138 2417 2209 debetis
2450 2158 2826 2228 agnoscere
2868 2159 3099 2208 rerum
3132 2158 3411 2225 causa8,

590 2260 901 2331 veritatis
924 2261 1159 2332 lumen
1191 2260 1506 2331 falsitatis
1529 2260 1786 2333 nebula
1811 2283 1953 2333 non
1973 2262 2363 2353 extinguat.
2394 2261 2825 2353 Abstergatis
2849 2261 3058 2332 modo
3078 2261 3166 2332 de
3186 2271 3416 2333 vestro

589 2384 800 2456 corde
830 2383 1221 2475 rubiginem
1250 2384 1431 2455 etde
1455 2405 1632 2479 puro
1661 2395 1893 2456 vestro
1921 2385 2209 2457 consilio
2236 2394 2467 2456 vestra
2491 2384 2912 2456 conscientia
2938 2405 3075 2456 non
3102 2384 3410 2472 ledatur;

593 2529 755 2580 nam
794 2510 1104 2602 profecto
1135 2509 1361 2601 qualis
1402 2517 1509 2579 est
1551 2508 1900 2603 descripta
1945 2509 2299 2604 superiuS,
2342 2508 2493 2578 talis
2532 2509 2758 2579 fuerat
2801 2508 3187 2580 substantia
3230 2509 3414 2579 veri·

595 2632 752 2703 tatis
779 2640 849 2703 et
877 2631 1319 2702 mendacium
1348 2654 1630 2726 prorsus
1653 2630 1892 2703 fictum
1920 2641 2051 2721 est,
2078 2632 2235 2703 licet
2261 2631 2437 2702 fucis
2460 2630 2796 2702 adulteris
2824 2631 3132 2703 extiterit
3159 2633 3418 2704 colora·

596 2766 767 2827 tum.
809 2755 921 2827 Ad
952 2755 1141 2848 quod
1176 2756 1740 2848 investigandum
1772 2751 1904 2852 [ut]
1938 2755 2230 2827 sollicite
2271 2755 2562 2826 facimus
2604 2764 2674 2826 et
2710 2755 2918 2826 etiam
2947 2756 3410 2850 expiandum,

594 2890 896 2952 vestram
937 2880 1139 2952 decet
1166 2881 1531 2953 intendere
1571 2880 2047 2970 sanctitatem,
2100 2890 2180 2949 ut
2220 2880 2616 2950 innocentia
2658 2890 2892 2951 nostra
2927 2878 3129 2950 vobis
3166 2880 3419 2951 clarius

594 3003 991 3076 denudetur
1020 3014 1092 3075 et
1123 3004 1439 3077 falsitatis
1472 3005 1787 3095 ejusdem
1819 3004 2075 3076 artifex
2103 3014 2409 3096 nequeat
2436 3003 2507 3073 in
2542 3002 2814 3074 malicia
2847 3002 3151 3094 gloriari.

700 3485 1185 3581 Innocentius
1233 3514 1431 3596 papa
1482 3491 2046 3573 concessionem
2095 3491 2517 3574 medietatis
2573 3492 2845 3575 Colisei
2902 3520 3078 3576 cum
3133 3497 3418 3605 palatio

597 3620 943 3703 exteriori
1014 3632 1088 3703 et
1149 3621 1454 3730 juribus
1510 3622 1609 3705 ab
1663 3624 1985 3707 Henrico
2040 3637 2115 3707 et
2165 3626 2442 3708 Jacobo
2497 3625 3066 3735 Fragapanibus
3128 3629 3418 3711 civibus

599 3751 959 3836 Romanis
995 3753 1374 3836 Friderico
1413 3756 1844 3865 imperatori
1894 3784 2136 3868 nuper
2179 3759 2462 3841 factam
2499 3772 2838 3866 revocat,
2881 3773 2954 3842 et
2983 3760 3416 3868 juramenta
3454 3812 3479 3832 ε

596 3884 841 3968 eidem
877 3886 1200 3997 principi
1238 3915 1466 3998 super
1500 3889 1647 3972 hoc
1679 3890 2042 3998 praestita
2078 3893 2392 3974 relaxat.

758 4072 964 4154 (mid.
1006 4076 1353 4150 Rufum„
1393 4074 1614 4137 Annal.
1662 4075 1844 4138 eccles.
1892 4080 1969 4140 ad
2005 4097 2143 4140 ann.
2197 4089 2382 4154 12⁴4,
2420 4077 2468 4160 S
2503 4079 2679 4153 XIX,
2724 4097 2757 4139 e
2800 4082 3032 4158 registr.
3075 4081 3261 4157 Epist.
3303 4082 3418 4142 In-

833 4195 969 4241 noc.
1002 4179 1106 4251 lv,
1145 4181 1248 4240 lib.
1283 4181 1342 4254 Ι,
1372 4193 1439 4242 n⁰
1475 4192 1614 4244 603.
1645 4215 1728 4229 -
1762 4186 2002 4263 Integra
2038 4185 2354 4246 exhibetur
2387 4203 2419 4244 e
2447 4184 2596 4245 libro
2633 4186 2846 4261 coplali
2881 4186 3019 4245 coll.
3057 4186 3310 4264 Laporte
3336 4187 3416 4248 du

833 4285 1035 4364 Theil,
1063 4302 1161 4362 ap.
1194 4286 1465 4350 biblioth.
1495 4288 1692 4350 Cesar.
1723 4288 1941 4366 Paris.)

671 4518 743 4593 (4)
776 4519 858 4576 Ex
877 4518 982 4578 hoc
1012 4520 1130 4579 loco
1161 4521 1299 4581 hanc
1324 4524 1608 4598 epistolam
1634 4524 1800 4599 paulo
1824 4523 2193 4583 obscuriorem
2228 4526 2300 4585 ad
2336 4541 2538 4584 annum
2568 4528 2709 4586 ⁴244
2743 4529 3108 4603 reponendam
3136 4543 3258 4587 esee
3283 4544 3418 4587 cen-

596 4631 823 4675 suimus.

3534 3500 3742 3543 Laterani
3754 3531 3769 3552 ‚

3527 3555 3579 3596 16
3596 3554 3768 3607 aprilis.
