4364 5738
1081 568 1205 631 500
1765 533 1768 536 ’
2081 570 2515 636 rmnnmci
2566 568 2911 632 sacuam
3511 567 3677 652 [Anu.
3713 569 3894 634 ιω.

2433 785 2563 858 111.

1246 928 1434 1009 (Edit.
1469 932 1532 991 in
1575 931 1745 992 Petri
1771 930 1842 993 de
1877 933 2008 996 Vin,
2038 936 2236 1015 epist„
2267 935 2373 997 ub.
2402 935 2495 1009 11,
2536 951 2670 1012 cap.
2701 932 2907 1005 XXII,
2936 938 2997 993 et
3021 949 3122 1010 ap.
3155 932 3459 993 Humi:
3501 938 3563 992 et
3593 932 3894 1013 Duum»,

1329 1036 1508 1097 ναῖεν.
1536 1039 1736 1117 script.
1766 1037 2025 1119 ampliss.
2046 1039 2288 1121 collat„
2324 1049 2372 1102 t.
2413 1041 2513 1114 11,
2553 1058 2609 1118 p.
2644 1048 2823 1118 1208,
2861 1041 3033 1115 epist.
3074 1037 3351 1099 LXXXI.
3385 1038 3560 1098 Nunc
3586 1038 3725 1101 coll.
3756 1056 3894 1100 cnm

1316 1144 1497 1203 variis
1522 1142 1677 1204 Bibl.
1700 1143 1897 1206 Cesar.
1921 1146 2110 1207 Paris.
2140 1148 2394 1208 codiclb.
2426 1152 2489 1208 et
2519 1162 2657 1206 cum
2682 1144 2883 1204 codice
2910 1142 3485 1203 Mediomontanensl
3507 1143 3562 1204 D
3589 1144 3705 1206 Tb.
3736 1144 3894 1205 Phil-

1313 1246 1474 1324 lips„
1510 1256 1578 1307 η’
1604 1256 1793 1325 8390,
1823 1250 1928 1311 ubi
1955 1251 2055 1312 hic
2078 1251 2291 1313 titulus
2313 1252 2667 1330 exprimitur
2695 1267 2714 1310 τ
2750 1244 3080 1309 ffidm’cue
3104 1245 3607 1326 conuictumue.)

1168 1415 1549 1511 hperator
1573 1419 1948 1492 castellano
1974 1420 2211 1492 Pontis
2238 1420 2567 1510 Tremuli,
2595 1429 2730 1492 etc.
2763 1418 3044 1490 Dudum
3071 1440 3165 1491 ex
3190 1420 3339 1491 zelo
3374 1441 3547 1514 pure
3580 1419 3887 1496 devotio-

1067 1539 1179 1611 nis
1210 1550 1283 1612 et
1308 1538 1500 1630 fidei,
1536 1563 1748 1635 quam
1778 1542 1872 1614 ad
1902 1564 2032 1615 nos
2059 1554 2131 1615 et
2161 1544 2528 1639 imperium
2563 1564 2837 1638 semper
2863 1541 3198 1614 hactenus
3228 1541 3552 1614 habuisse
3587 1552 3654 1615 te
3682 1544 3880 1616 novi-

1068 1682 1259 1754 mus,
1300 1662 1388 1734 de
1430 1671 1547 1735 tua
1586 1663 1926 1736 industria
1958 1675 2029 1736 et
2063 1666 2413 1758 legalitate
2446 1664 2727 1755 confisi,
2767 1664 3153 1736 custodiam
3201 1664 3366 1737 ville
3373 1718 3874 1740 .......

1071 1784 1194 1856 tibi
1241 1783 1655 1859 fiducialiter
1699 1788 2068 1860 recolimus
2119 1789 2543 1861 commisisse
2567 1841 2587 1879 ,
2634 1797 2714 1859 ut
2761 1788 2940 1859 sicut
2979 1809 3133 1859 eras
3184 1787 3368 1858 inter
3410 1788 3583 1860 alios
3627 1787 3699 1860 in
3742 1786 3879 1861 fide

1064 1919 1302 1980 nostra
1352 1910 1764 2004 precipuus,
1803 1932 1991 1983 esses
2035 1911 2107 1982 in
2159 1912 2472 2005 ejusdem
2515 1912 2651 1985 loci
2695 1910 3011 1983 custodia
3058 1911 3402 2006 specialiS.
3459 1912 3627 1984 Cum
3673 1912 3882 2005 igitur

1062 2033 1230 2105 villa
1266 2033 1451 2128 ipsa,
1500 2034 1679 2106 sicut
1716 2057 1944 2130 nuper
1980 2036 2412 2131 accepimus,
2454 2057 2497 2107 a
2532 2034 2673 2107 fide
2705 2035 2923 2107 nostri
2958 2035 3281 2106 culminis
3312 2035 3642 2125 deviarit,
3684 2045 3874 2108 tanto

1063 2166 1131 2229 te
1162 2157 1576 2253 propensius
1609 2158 1900 2254 expedit
1920 2159 2105 2231 circa
2142 2160 2356 2255 ipsius
2382 2160 2549 2232 ville
2579 2159 3176 2254 recuperationem
3198 2159 3444 2231 modos
3477 2159 3867 2253 exquirere,

1061 2290 1325 2374 quanto
1360 2280 1824 2354 confidentius
1862 2282 1951 2354 de
1979 2283 2272 2377 provida
2312 2283 2698 2355 retentione
2743 2283 2959 2377 ipsius
2991 2282 3223 2355 studio
3263 2291 3379 2353 tue
3410 2282 3869 2378 circumspec-

1060 2404 1264 2476 tionis
1293 2404 1700 2497 inhesimus,
1733 2415 1804 2477 et
1834 2416 2099 2500 quanto
2130 2428 2260 2503 per
2286 2404 2418 2478 hec
2449 2410 2716 2497 nostra,
2739 2407 2908 2500 quin
2932 2416 3004 2477 et
3034 2417 3150 2478 tua
3179 2406 3409 2500 potius
3436 2405 3697 2477 utilitas
3725 2427 3871 2502 pro-

1056 2538 1361 2600 curatur.
1411 2530 1748 2616 Quocirca
1804 2530 2294 2603 discretionem
2356 2541 2544 2602 tuam
2604 2529 3024 2623 requirimus
3074 2540 3145 2600 et
3189 2550 3552 2621 rogamuS,
3609 2540 3867 2603 attente

1053 2651 1463 2725 mandantes
1494 2662 1839 2746 quatenus
1879 2653 2059 2726 sicut
2097 2675 2408 2747 unquam
2439 2653 2779 2726 honorem
2810 2662 3124 2725 nostrum
3168 2653 3432 2746 diligis,
3478 2660 3549 2723 et
3598 2674 3641 2724 a
3671 2652 3866 2724 nobis

1053 2778 1321 2872 amplas
1352 2778 1777 2873 premiorum
1810 2777 2302 2850 retributiones
2334 2786 2693 2873 expectas,
2733 2776 2979 2848 modos
3009 2787 3080 2848 et
3106 2775 3257 2848 vias
3281 2796 3457 2869 quos
3486 2774 3716 2848 eidem
3744 2798 3866 2848 ne-

1051 2901 1252 2993 gocio
1305 2902 1678 2973 convenire
1739 2902 2186 2994 cognoveriS,
2238 2923 2574 2996 operosus
2629 2901 3018 2993 excogites,
3079 2901 3434 2992 ingenium
3497 2920 3709 2972 acuas
3728 2954 3748 2992 ,
3798 2912 3865 2973 et

1052 3024 1245 3095 omni
1292 3025 1571 3096 solertia
1612 3045 1750 3117 qua
1795 3025 2056 3119 poteris
2107 3026 2461 3116 elaboreS,
2509 3024 2810 3118 qualiter
2856 3025 3051 3096 locus
3091 3023 3241 3119 ipse
3270 3023 3363 3095 ad
3388 3022 3601 3095 fidem
3634 3034 3860 3097 nostre

1050 3146 1442 3220 serenitatis
1470 3147 1868 3218 reducatur.
1904 3147 2048 3219 Nos
2076 3146 2262 3218 enim
2289 3148 2781 3242 promissiones
2813 3167 3083 3240 omnes,
3116 3156 3321 3242 pacta
3353 3157 3425 3218 et
3459 3148 3857 3220 conventio·

1048 3289 1204 3359 nes,
1237 3287 1412 3359 quas
1442 3267 1536 3339 ad
1565 3266 1898 3339 honorem
1926 3277 2239 3339 nostrum
2270 3268 2962 3364 proptereaduxeris
2996 3268 3348 3341 faciendas
3368 3320 3389 3359 ,
3425 3279 3613 3341 ratas
3649 3268 3857 3341 habe-

1047 3390 1305 3482 bimus,
1336 3399 1407 3462 et
1440 3390 1770 3462 faciemus
1795 3390 2286 3463 inviolabiliter
2315 3391 2696 3464 observari.
2720 3392 3076 3487 Temporis
3107 3392 3315 3463 etiam
3347 3392 3857 3487 opportunitate

1050 3524 1326 3611 captata
1344 3569 1364 3608 ,
1407 3536 1535 3587 nos
1566 3516 1637 3586 in
1671 3536 1885 3586 manu
1931 3516 2089 3587 forti
2123 3525 2195 3587 et
2230 3516 2429 3611 copia
2468 3516 2948 3587 thesaurorum
2993 3516 3094 3587 sic
3134 3516 3228 3588 ad
3269 3516 3589 3587 ultimum
3625 3526 3853 3588 exter-

1045 3640 1336 3711 minium
1370 3649 1762 3711 nostrorum
1795 3639 2159 3710 rebellium
2202 3648 2272 3710 et
2318 3647 2572 3710 statum
2605 3635 2968 3735 pacificum
3001 3638 3314 3711 fidelium
3345 3640 3852 3734 procurandum

1045 3772 1281 3859 partes
1309 3763 1502 3835 Italie
1529 3760 1893 3855 magnifice
1926 3771 2345 3856 repetemuS,
2380 3762 2570 3856 quod
2606 3762 2967 3833 rebellium
2994 3762 3305 3857 ipsorum
3334 3763 3711 3855 temeritaS,
3741 3762 3851 3855 qui

977 3911 985 3920 ·
1047 3885 1137 3959 de
1174 3896 1411 3959 nostra
1444 3887 1675 3958 forsan
1702 3884 2010 3957 absentia
2041 3885 2449 3976 gloriantur,
2489 3884 2723 3956 divina
2755 3884 2955 3957 nobis
2987 3886 3350 3957 assistente
3383 3887 3692 3981 potentia
3721 3908 3848 3981 que

1048 4011 1224 4084 tueri
1252 4033 1381 4083 nos
1408 4020 1479 4082 et
1498 4010 1868 4106 imperium
1897 4008 2283 4098 consuevit,
2317 4007 2390 4078 in
2422 4008 2729 4081 adventu
2762 4008 2981 4081 nostri
3013 4009 3333 4081 culminis
3364 4019 3752 4083 evanescet.

658 4524 941 4634 3⁶3⁰&ss
1142 4505 1567 4590 Ludovicus
1581 4568 1605 4614 ,
1646 4506 2115 4591 Francorum
2162 4533 2328 4614 rex,
2367 4505 2777 4610 Friderico,
2814 4505 3333 4588 Romanorum
3378 4504 3844 4613 imperatori,

1034 4640 1320 4752 gratias
1390 4639 1550 4749 agit
1612 4641 1818 4748 quod
1887 4666 2146 4750 preces
2203 4665 2381 4724 suas
2441 4665 2583 4749 pro
2638 4638 3091 4723 victualibus
3157 4637 3237 4719 in
3295 4637 3651 4748 passagio
3708 4660 3845 4720 suo
