4364 5738
497 626 699 684 ιιωιοτ.
734 618 825 693 4.]
1393 604 1793 667 msronm
1843 604 2433 669 nirLoMATmA.
3194 611 3320 674 333

498 764 845 851 quatenus
876 758 947 821 et
980 745 1092 817 hic
1134 745 1434 814 fructum
1472 742 1654 811 bone
1687 739 1975 812 actionis
2006 742 2344 836 percipiat
2383 751 2453 813 et
2487 741 2676 836 apud
2709 741 3110 814 districtum
3126 745 3319 836 judi-'

498 899 650 953 cem
684 872 948 971 premia
989 878 1228 941 eterne
1268 864 1455 958 pacis
1486 863 1819 934 inveniat.
1864 863 1984 933 His
2026 862 2323 935 decretis
2361 874 2643 958 propter
2689 865 2981 955 gratiam
3026 867 3150 937 Dei
3191 889 3320 939 nos

499 998 904 1084 annuimus,
950 991 1078 1063 has
1121 987 1648 1062 constitutiones
1692 986 2224 1080 comprobamus
2271 996 2342 1057 et
2371 985 2883 1058 confirmamus.
2924 990 3213 1083 Insuper
3250 1001 3321 1061 et

498 1131 768 1195 nostras
806 1118 1098 1189 libenter
1128 1108 1593 1200 benignitates
1624 1116 1695 1177 et
1732 1108 2270 1180 misericorditer
2311 1108 2756 1200 adjungimus
2783 1160 2803 1197 ,
2847 1120 2920 1181 et
2953 1113 3319 1183 statuimus

498 1257 579 1318 ut
601 1244 659 1317 si
691 1240 1061 1336 quispiam,
1087 1233 1276 1328 quod
1308 1231 1516 1319 absit,
1539 1253 1757 1301 unum
1786 1252 2129 1320 mansum,
2164 1252 2386 1301 unum
2416 1231 2894 1303 molendinum
2924 1234 3038 1305 vel
3073 1235 3316 1305 saltem

499 1388 717 1438 unum
762 1359 1186 1453 mancipium
1226 1355 1338 1426 vel
1392 1355 1530 1423 tale
1569 1352 1740 1445 quid
1776 1373 1818 1423 a
1863 1352 2260 1446 supradicto
2308 1354 2725 1425 monasterio
2775 1354 3028 1444 injuste
3073 1356 3313 1452 abstu-

499 1487 690 1577 lerit,
736 1486 795 1556 is
836 1492 1073 1555 nostra
1126 1487 1659 1566 nostrorumque
1707 1495 2180 1547 successorum
2237 1477 2428 1569 regia
2468 1485 2810 1572 potestate
2857 1488 3136 1549 coactus
3187 1479 3316 1550 tria

498 1608 651 1680 auri
695 1608 951 1677 talenta
991 1601 1084 1672 ad
1118 1597 1550 1693 imperatoris
1583 1598 1881 1669 erarium
1910 1600 2299 1692 persolvat,
2349 1599 2666 1694 primitus
2708 1600 2995 1671 ecclesie
3043 1600 3319 1673 reddito

498 1730 691 1826 quod
747 1724 1210 1820 usurpaverit.
1276 1722 1346 1793 Si
1399 1743 1568 1792 vero
1632 1731 1898 1792 curtem
1957 1723 2068 1792 vel
2124 1723 2428 1815 aliquam
2476 1722 2710 1792 villam
2760 1723 2924 1795 inde
2978 1725 3323 1796 violenter

500 1849 994 1927 abalienaverit
1025 1848 1169 1918 sive
1199 1847 1476 1916 invasor
1510 1844 1724 1937 ipsius
1760 1845 1935 1915 celle
1974 1845 2283 1916 extiterit
2319 1846 2465 1916 sive
2506 1844 2714 1936 hujus
2756 1848 3147 1919 testamenti
3189 1847 3310 1919 de-

499 1984 689 2048 creta
734 1971 1270 2059 traditionesque
1314 1987 1754 2060 quocumque
1814 1965 2091 2056 ingenio
2144 1989 2269 2038 seu
2323 1979 2732 2060 argumento
2770 1971 2999 2061 legum
3046 1971 3312 2042 secula-

503 2101 680 2170 rium
710 2104 1109 2191 pervertere
1156 2092 1267 2162 vel
1295 2091 1667 2181 infringere
1718 2090 2273 2183 attemptaverit,
2327 2091 2387 2160 is
2439 2091 2717 2182 triginta
2763 2094 2914 2162 auri
2964 2094 3174 2165 libras
3222 2095 3313 2165 ad

492 2219 927 2315 imperatoris
964 2216 1314 2312 persolvat
1348 2234 1734 2302 cameram,
1782 2212 2052 2284 reddito
2085 2212 2277 2307 prius
2319 2213 2605 2284 ecclesie
2649 2216 3029 2285 secundum
3081 2217 3310 2307 legum

492 2344 827 2436 justitiam
856 2340 1047 2433 quod
1079 2337 1497 2422 abstulerat,
1549 2345 1759 2428 atque
1807 2336 2100 2406 intentio
2142 2335 2325 2405 illius
2365 2336 2647 2407 omnino
2699 2336 2889 2406 irrita
2940 2336 3083 2408 fiat.
3139 2339 3313 2410 Huic

497 2464 914 2538 monasterio
957 2464 1318 2533 Formarus
1374 2458 1696 2530 Metensis
1748 2457 1939 2528 urbis
1992 2459 2340 2552 prefectus
2392 2472 2463 2529 et
2516 2457 2698 2529 filius
2747 2460 2895 2550 ejus
2947 2460 3310 2533 Formarus

500 2587 999 2674 subdiderunt,
1031 2584 1532 2675 delegaverunt
1562 2593 1633 2652 et
1672 2582 1740 2651 in
1779 2591 2189 2675 perpetuam
2215 2582 2707 2675 proprietatem
2739 2582 3085 2655 dederunt
3115 2585 3308 2675 quic-

499 2712 667 2807 quid
712 2712 783 2782 in
826 2709 1009 2781 villis
1052 2706 1504 2779 Luchesheim
1547 2715 1617 2776 et
1646 2705 1822 2775 Alba
1856 2703 2252 2775 habuerunt
2294 2704 2364 2774 in
2408 2705 2740 2794 ecclesiis,
2781 2706 2850 2774 in
2885 2706 3195 2795 decimis,
3234 2709 3306 2778 in

500 2834 884 2929 mancipiis,
924 2833 996 2903 in
1034 2831 1333 2919 tributiS,
1364 2830 1436 2900 in
1470 2829 1756 2924 campiS,
1797 2828 1867 2899 in
1900 2828 2117 2917 silvis,
2148 2828 2220 2898 in
2250 2828 2499 2923 pratiS,
2546 2829 2617 2898 in
2647 2829 2959 2922 pascuis,
2996 2831 3067 2900 in
3110 2831 3309 2922 aquis

501 2977 978 3052 aquarumque
1012 2954 1443 3041 decursibus,
1471 2954 1543 3022 in
1580 2951 2020 3041 molendinis,
2047 2951 2118 3021 in
2144 2951 2661 3045 piscationibuS,
2695 2952 2766 3021 in
2788 2952 3301 3043 venationibus,

499 3082 570 3152 in
602 3078 1174 3152 decimationibus
1202 3086 1275 3147 et
1304 3076 1375 3146 in
1403 3075 1724 3146 omnibus
1764 3073 2148 3146 redditibus
2172 3126 2193 3162 ,
2239 3095 2322 3145 ea
2363 3095 2646 3169 prorsus
2676 3075 2941 3166 justitia
2990 3097 3127 3168 qua
3176 3076 3305 3171 ipsi

498 3205 616 3274 illa
644 3199 1060 3272 hereditario
1081 3201 1239 3290 jure
1266 3198 1747 3291 possederunt.
1781 3197 1984 3282 Quod
2013 3207 2094 3267 ut
2116 3198 2351 3269 verius
2379 3197 2703 3269 credatur
2735 3209 2806 3269 et
2841 3199 2912 3269 in
2948 3200 3139 3270 omni
3172 3220 3304 3272 evo

498 3335 727 3397 ratum
770 3332 841 3394 et
881 3321 1361 3392 inconvulsum
1395 3317 1834 3413 permaneat',
1874 3319 2055 3391 hanc
2095 3330 2357 3391 cartam
2390 3320 2552 3391 inde
2597 3322 2938 3393 conscribi
2989 3332 3061 3393 et
3092 3343 3304 3394 manu

497 3447 779 3544 propria
824 3444 1348 3517 corroborantes
1389 3442 1836 3536 impressione
1877 3444 2092 3512 nostri
2129 3442 2333 3533 sigilli
2362 3450 2442 3511 ut
2482 3442 2766 3513 inferius
2803 3454 3094 3537 apparet
3135 3445 3301 3515 insi-

499 3571 677 3664 gniri
704 3568 1061 3660 jussimus.

596 3693 883 3783 Signum
915 3687 1177 3761 domini
1224 3685 1522 3757 Heinrici
1558 3684 1828 3777 quarti,
1866 3685 2330 3756 Romanorum
2372 3685 2801 3779 imperatoris
2845 3686 3292 3757 invictissimi.

591 3817 765 3886 Data
810 3812 990 3884 XVII
1030 3808 1362 3882 kalendas
1410 3806 1722 3896 augusti,
1774 3826 1959 3877 anno
2008 3806 2352 3877 dominice
2402 3807 2888 3878 incarnationis
2941 3806 3300 3881 millesimo

499 3939 735 4027 C.XII,
777 3934 1151 4007 indictione
1190 3931 1277 4019 V,
1317 3951 1502 4000 anno
1546 3929 1698 3998 XIII
1739 3927 2192 4000 ordinationis
2236 3928 2495 4000 domini
2540 3929 2814 3999 Henrici
2860 3929 3081 4021 quinti
3122 3930 3300 4021 regis

498 4062 959 4133 Romanorum
991 4054 1299 4147 augusti,
1343 4051 1539 4142 regni
1570 4060 1801 4122 autem
1834 4052 1982 4142 ejus
2018 4052 2135 4141 VI,
2175 4051 2443 4146 imperii
2473 4053 2616 4123 VII.

593 4181 842 4253 Actum
872 4188 977 4250 est
1012 4176 1395 4268 Mogontie,
1427 4175 1498 4244 in
1531 4174 1810 4245 nomine
1842 4173 2140 4246 Domini.
2173 4175 2423 4245 Amen.

596 4303 1066 4395 Subscriptum
1112 4320 1281 4371 vero
1330 4297 1763 4392 privilegium
1803 4297 2092 4391 predicti
2131 4297 2482 4388 quondam
2525 4296 2958 4390 imperatoris
3000 4297 3299 4371 Heinrici

500 4424 829 4498 memorie
887 4422 1251 4493 recolende
1296 4416 1469 4491 ‘huic
1507 4428 1744 4490 nostro
1789 4418 2167 4512 privilegio,
2196 4417 2285 4489 de
2336 4418 2552 4489 verbo
2613 4418 2705 4490 ad
2757 4420 3048 4492 verbum
3091 4422 3300 4494 inseri

491 4546 854 4641 jussimus,
901 4544 1130 4614 omnia
1162 4564 1300 4635 que
1348 4541 1790 4613 continentur
1833 4539 1906 4609 in
1947 4559 2068 4628 e0,
2105 4548 2402 4633 excepto
2444 4543 2633 4631 qnod
2672 4541 2901 4613 eidem
2940 4544 3175 4615 abbati
3230 4555 3300 4616 et

500 4666 1009 4740 successoribus
1054 4666 1194 4736 suis
1238 4666 1509 4736 nullum
1541 4664 1753 4735 alium
1789 4662 2205 4734 advocatum
2244 4672 2686 4757 preterquam
2720 4687 2847 4738 nos
2892 4675 2962 4737 et
3007 4667 3299 4740 heredes
