4364 5738
1025 522 1150 586 340
2023 526 2457 588 ratumne!
2507 526 2855 588 saeuum
3461 531 3623 610 [Anu.
3659 533 3830 594 1245.

1027 661 1142 731 vel
1162 660 1558 732 vicecomes
1576 670 1706 731 aut
1733 660 2172 756 capitaneus,
2205 661 2396 732 nulla
2430 660 2673 734 civitas
2698 664 2812 734 uel
2843 682 3249 755 commune,
3283 666 3476 737 nulla
3501 677 3830 761 potestas,

1027 785 1221 856 nulla
1253 784 1533 856 omnino
1569 805 1865 879 persona
1896 786 2038 857 alta
2068 785 2184 857 vel
2210 784 2526 876 humiliS‚
2561 786 3023 858 ecclesiastica
3061 789 3173 859 vel
3219 789 3608 880 mundana,
3657 790 3836 862 hanc

1028 907 1478 979 absolutionis
1516 919 1749 980 nostre
1788 909 2112 1002 paginam
2138 908 2402 980 violare
2434 920 2789 1002 presumat
2817 912 2929 981 vel
2964 912 3265 1005 prefatos
3296 911 3536 985 fideles
3566 925 3835 987 nostros

1025 1033 1141 1103 vel
1170 1052 1408 1103 eorum
1444 1032 1747 1124 aliquem
1780 1032 2141 1104 occasione
2170 1032 2481 1127 predicta
2513 1032 2891 1125 offendere,
2923 1034 3285 1129 impedire,
3313 1036 3681 1109 molestare
3712 1061 3831 1111 seu

1018 1156 1549 1250 quomodolibet
1570 1156 1959 1249 inquietare
1986 1167 2370 1251 pmumt.
2403 1156 2609 1244 Quod
2629 1157 2696 1227 ai
2719 1157 2882 1251 quis
2913 1160 3434 1254 presumpserit,
3466 1170 3697 1254 preter
3721 1164 3824 1233 in·

1025 1279 1496 1373 dignationem
1521 1289 1830 1352 nostram
1860 1301 2068 1373 quam
2092 1300 2167 1351 se
2182 1281 2463 1353 noverit
2484 1283 2950 1371 incursurum,
2972 1282 3044 1353 in
3065 1285 3404 1355 ultionem
3432 1288 3830 1358 temeritatis

1025 1426 1148 1475 sue
1189 1414 1468 1475 centum
1518 1404 1729 1475 libras
1772 1404 1920 1475 auri
1968 1404 2314 1498 purissimi
2352 1422 2479 1499 pro
2519 1423 2701 1501 pena
2734 1417 3130 1502 componat,
3167 1426 3460 1501 quarum
3497 1410 3827 1483 medietas

1022 1526 1433 1600 utilitatibus
1461 1536 1693 1599 nostre
1734 1548 2007 1598 camere
2043 1528 2431 1623 applicetur
2469 1539 2541 1599 et
2583 1530 2851 1622 reliqua
2884 1530 3223 1603 medietas
3257 1533 3474 1625 passis
3507 1533 3824 1625 injuriam

1020 1652 1449 1724 exsolvatur.
1477 1650 1590 1722 Ad
1616 1652 1816 1744 cujus
1847 1651 1947 1723 rei
1974 1652 2379 1723 memoriam
2410 1663 2483 1723 et
2511 1653 2722 1725 robur
2749 1664 3087 1748 perpetuo
3110 1656 3518 1747 valiturum,
3545 1678 3822 1753 presens

1012 1775 1457 1872 privilegium
1487 1775 1692 1847 scribi
1720 1784 1790 1846 et
1822 1775 2044 1867 sigillo
2074 1775 2453 1867 majestatis
2481 1786 2716 1848 nostre
2740 1777 3071 1870 jussimus
3097 1780 3532 1851 communiri.

1116 1903 1368 1973 Datum
1418 1899 1731 1987 Taurini,
1767 1921 1954 1972 anno
1986 1899 2328 1972 dominice
2372 1901 2863 1973 incarnationis
2910 1900 3006 1975 M.
3039 1904 3161 1976 CC.
3193 1905 3538 1997 XXXXV,
3585 1927 3819 1979 meuse

1012 2026 1319 2117 augusti,
1356 2024 1563 2096 tercie
1597 2023 2013 2096 indictionis.

1108 2150 1198 2222 Et
1221 2149 1400 2221 infra
1427 2148 1677 2222 eodem
1703 2148 2101 2221 charactere
2129 2149 2455 2221 scribitur
2489 2178 2509 2220 :
2545 2149 2921 2242 Philippus.

640 2757 903 2813 “ww-¹
1114 2748 1580 2857 Fridericus,
1639 2749 2156 2832 Romanorum
2207 2749 2649 2857 imperator,
2706 2747 2964 2831 scribit
3024 2749 3186 2859 regi
3245 2749 3611 2833 Castellae
3675 2774 3809 2832 co-

1002 2893 1239 2993 gnato
1277 2909 1446 2987 suc,
1489 2883 1557 2965 ei
1596 2907 2069 2990 conquerens
2103 2884 2201 2965 de
2235 2882 2393 2964 filio
2427 2881 2594 2991 ejus
2629 2880 3006 2966 Friderico
3042 2882 3177 2992 qui
3213 2883 3804 2986 commoransin

1005 3015 1216 3098 curia
1251 3040 1431 3120 sua,
1473 3014 1745 3098 furtive
1779 3015 1877 3094 ad
1912 3013 2233 3096 rebelles
2267 3013 2562 3122 imperii
2597 3015 2930 3097 secessit.

836 3301 875 3320 ..
1167 3224 1351 3306 (Edit.
1383 3245 1478 3306 ap.
1512 3227 1681 3288 Petri
1705 3223 1774 3287 de
1812 3225 1942 3288 Vin.
1972 3225 2164 3307 epist..
2193 3223 2298 3287 lib.
2327 3223 2456 3306 111,
2491 3245 2619 3306 cap.
2662 3224 2893 3300 XXVI,
2932 3244 3095 3291 nunc
3133 3225 3269 3290 coll.
3312 3246 3450 3291 cnm
3486 3226 3618 3291 eod.
3650 3221 3795 3291 Bibl.

844 3313 891 3350 ζ’
1240 3333 1437 3397 Cesar.
1481 3332 1689 3408 Paris,
1716 3333 1904 3414 fonds
1942 3328 2702 3415 saint-Germatn-Harluy,
2745 3345 2817 3397 n⁰
2851 3339 2967 3397 ⁴⁶5
2980 3379 3001 3411 ,
3041 3347 3276 3398 necnon
3327 3347 3463 3398 cum
3507 3330 3800 3399 codicibus

1233 3437 1677 3503 Guelferbitano
1696 3446 1758 3503 et
1778 3436 2400 3519 Mediomonmnenst.)

1090 3628 1504 3720 Fridericus,
1540 3639 1676 3701 etc.
1712 3629 2061 3701 Vellemus
2091 3628 2322 3723 potius
2357 3637 2587 3701 tacere
2622 3649 2834 3722 quam
2873 3622 3104 3721 loqui,
3138 3650 3296 3700 cum
3332 3630 3424 3701 sit
3459 3628 3792 3721 quodam-

898 3759 905 3766 '
994 3754 1203 3828 modo
1238 3755 1329 3826 de
1359 3755 1516 3849 plns
1548 3773 1759 3847 quam
1792 3752 1977 3825 civili
2002 3752 2190 3824 bello
2215 3753 2531 3843 materia,
2564 3751 2733 3825 dum
2763 3752 2989 3824 aliene
3015 3753 3218 3847 culpe
3247 3753 3656 3826 damnantes
3687 3753 3793 3823 in·

990 3875 1269 3948 famiam
1294 3925 1320 3965 ,
1362 3893 1587 3966 genus
1630 3879 1942 3943 nostrum
1984 3880 2339 3964 utcunque
2391 3871 2696 3944 notabile
2747 3872 3094 3944 cernimus
3119 3924 3141 3962 ,
3185 3880 3255 3943 et
3304 3880 3462 3967 post
3495 3871 3792 3945 verbalis

988 4001 1192 4096 plage
1220 3997 1641 4087 convicium,
1678 3994 1867 4089 quod
1899 3995 2051 4067 aliis
2081 3994 2493 4068 damnantes
2518 3994 2915 4087 infligimus,
2949 4017 3044 4068 ex
3077 3996 3438 4087 cujusdam
3468 3996 3790 4070 identita-

988 4125 1075 4198 tis
1106 4126 1259 4219 lege
1294 4144 1433 4217 qua
1456 4120 1845 4215 jungimur,
1878 4120 1951 4190 in
1991 4120 2195 4192 nobis
2227 4119 2680 4212 relinquimus
2717 4119 3128 4191 cicatricem.
3168 4119 3309 4192 Sed
3347 4120 3561 4215 ipsius
3594 4140 3791 4191 casus

986 4246 1311 4320 instantia
1332 4254 1775 4340 suggerente,
1794 4243 2069 4316 silentia
2098 4243 2510 4339 rumpimus,
2539 4251 2612 4315 et
2637 4242 2842 4314 ardui
2869 4242 3029 4338 styli
3060 4243 3439 4314 ministerio
3469 4238 3790 4315 Friderici

983 4368 1106 4441 filii
1133 4369 1347 4442 vestri
1381 4367 1521 4464 (1),
1554 4368 1873 4462 nepotica
1906 4367 2107 4440 nobis
2140 4373 2326 4440 sorte
2358 4366 2744 4459 conjuncti,
2779 4386 2823 4437 a
2852 4387 3106 4456 genere
3137 4388 3422 4461 prorsus
3450 4385 3787 4461 generoso

1053 4648 1125 4722 (t)
1161 4647 1244 4706 lta
1272 4645 1423 4704 locus
1450 4643 1811 4703 restituendus
1840 4645 2016 4704 estad
2044 4645 2206 4703 fidem
2234 4645 2398 4703 trium
2423 4660 2561 4720 quos
2587 4657 2754 4718 supra
2778 4645 3198 4704 memmim-
3236 4643 3503 4703 eodicum.
3534 4645 3675 4702 Dum
3700 4647 3784 4700 ta-
