<?xml version="1.0" encoding="UTF-8"?>
<!DOCTYPE html PUBLIC "-//W3C//DTD XHTML 1.0 Transitional//EN"
    "http://www.w3.org/TR/xhtml1/DTD/xhtml1-transitional.dtd">
<html xmlns="http://www.w3.org/1999/xhtml" xml:lang="en" lang="en">
 <head>
  <title>
</title>
<meta http-equiv="Content-Type" content="text/html;charset=utf-8" />
  <meta name='ocr-system' content='tesseract 3.04.00' />
  <meta name='ocr-capabilities' content='ocr_page ocr_carea ocr_par ocr_line ocrx_word'/>
</head>
<body>
  <div class='ocr_page' id='page_1' title='image "./historiadiploma00degoog_0444.png"; bbox 0 0 4364 5738; ppageno 0'>
   <div class='ocr_carea' id='block_1_1' title="bbox 1046 563 3853 658">
    <p class='ocr_par' dir='ltr' id='par_1_1' title="bbox 1046 563 3853 658">
     <span class='ocr_line' id='line_1_1' title="bbox 1046 563 3853 658; baseline -0.002 -12"><span class='ocrx_word' id='word_1_1' title='bbox 1046 581 1170 646; x_wconf 72' lang='lat'>426</span> <span class='ocrx_word' id='word_1_2' title='bbox 1922 615 1936 625; x_wconf 92' lang='lat'>-</span> <span class='ocrx_word' id='word_1_3' title='bbox 2047 580 2476 644; x_wconf 69' lang='lat' dir='ltr'>nmmum</span> <span class='ocrx_word' id='word_1_4' title='bbox 2527 563 2881 643; x_wconf 69' lang='lat' dir='ltr'>suenum</span> <span class='ocrx_word' id='word_1_5' title='bbox 3480 578 3648 658; x_wconf 72' lang='lat' dir='ltr'>[An.</span> <span class='ocrx_word' id='word_1_6' title='bbox 3682 567 3853 640; x_wconf 58' lang='grc' dir='ltr'>ιω.</span> 
     </span>
    </p>
   </div>
   <div class='ocr_carea' id='block_1_2' title="bbox 1049 705 3861 955">
    <p class='ocr_par' dir='ltr' id='par_1_2' title="bbox 1049 705 3861 955">
     <span class='ocr_line' id='line_1_2' title="bbox 1051 705 3861 825; baseline -0.001 -27"><span class='ocrx_word' id='word_1_7' title='bbox 1051 740 1100 798; x_wconf 91' lang='lat' dir='ltr'>a</span> <span class='ocrx_word' id='word_1_8' title='bbox 1143 705 1391 825; x_wconf 86' lang='lat' dir='ltr'>seipso</span> <span class='ocrx_word' id='word_1_9' title='bbox 1448 713 1868 797; x_wconf 86' lang='lat' dir='ltr'>audiendos</span> <span class='ocrx_word' id='word_1_10' title='bbox 1927 713 2349 821; x_wconf 79' lang='lat' dir='ltr'>concessit3</span> <span class='ocrx_word' id='word_1_11' title='bbox 2398 713 2929 825; x_wconf 80' lang='lat' dir='ltr'><strong>purgationem</strong></span> <span class='ocrx_word' id='word_1_12' title='bbox 2983 737 3161 795; x_wconf 86' lang='lat' dir='ltr'>vero</span> <span class='ocrx_word' id='word_1_13' title='bbox 3212 720 3299 795; x_wconf 90' lang='lat' dir='ltr'>ut</span> <span class='ocrx_word' id='word_1_14' title='bbox 3345 711 3742 794; x_wconf 83' lang='lat' dir='ltr'>temerarie</span> <span class='ocrx_word' id='word_1_15' title='bbox 3791 723 3861 795; x_wconf 89' lang='lat' dir='ltr'>et</span> 
     </span>
     <span class='ocr_line' id='line_1_3' title="bbox 1049 843 3860 955; baseline -0.001 -26"><span class='ocrx_word' id='word_1_16' title='bbox 1049 846 1391 930; x_wconf 84' lang='lat' dir='ltr'>illusorie</span> <span class='ocrx_word' id='word_1_17' title='bbox 1423 846 1703 930; x_wconf 86' lang='lat' dir='ltr'>factam</span> <span class='ocrx_word' id='word_1_18' title='bbox 1738 846 2045 930; x_wconf 88' lang='lat' dir='ltr'>inanem</span> <span class='ocrx_word' id='word_1_19' title='bbox 2082 847 2452 955; x_wconf 87' lang='lat' dir='ltr'>decrevit,</span> <span class='ocrx_word' id='word_1_20' title='bbox 2494 872 2842 930; x_wconf 90' lang='lat' dir='ltr'>annuens</span> <span class='ocrx_word' id='word_1_21' title='bbox 2889 856 3146 928; x_wconf 89' lang='lat' dir='ltr'>tamen</span> <span class='ocrx_word' id='word_1_22' title='bbox 3192 844 3447 955; x_wconf 91' lang='lat' dir='ltr'>ipsum</span> <span class='ocrx_word' id='word_1_23' title='bbox 3490 843 3754 927; x_wconf 89' lang='lat' dir='ltr'>audire</span> <span class='ocrx_word' id='word_1_24' title='bbox 3800 845 3860 926; x_wconf 92' lang='lat' dir='ltr'>si</span> 
     </span>
    </p>
   </div>
   <div class='ocr_carea' id='block_1_3' title="bbox 1042 977 3861 1197">
    <p class='ocr_par' dir='ltr' id='par_1_3' title="bbox 1042 977 3861 1197">
     <span class='ocr_line' id='line_1_4' title="bbox 1042 977 3861 1090; baseline -0.001 -26"><span class='ocrx_word' id='word_1_25' title='bbox 1042 980 1547 1090; x_wconf 76' lang='lat' dir='ltr'>&#39;personaliter</span> <span class='ocrx_word' id='word_1_26' title='bbox 1582 992 1657 1063; x_wconf 91' lang='lat' dir='ltr'>et</span> <span class='ocrx_word' id='word_1_27' title='bbox 1700 980 1863 1064; x_wconf 90' lang='lat' dir='ltr'>sine</span> <span class='ocrx_word' id='word_1_28' title='bbox 1900 980 2134 1063; x_wconf 88' lang='lat' dir='ltr'>armis</span> <span class='ocrx_word' id='word_1_29' title='bbox 2169 981 2502 1089; x_wconf 84' lang='lat' dir='ltr'>venerit,</span> <span class='ocrx_word' id='word_1_30' title='bbox 2540 990 2617 1064; x_wconf 90' lang='lat' dir='ltr'>et</span> <span class='ocrx_word' id='word_1_31' title='bbox 2655 981 2884 1064; x_wconf 91' lang='lat' dir='ltr'>etiam</span> <span class='ocrx_word' id='word_1_32' title='bbox 2918 978 3344 1063; x_wconf 80' lang='lat' dir='ltr'>cautionem</span> <span class='ocrx_word' id='word_1_33' title='bbox 3380 977 3450 1060; x_wconf 92' lang='lat' dir='ltr'>ei</span> <span class='ocrx_word' id='word_1_34' title='bbox 3485 992 3861 1087; x_wconf 87' lang='lat' dir='ltr'>praestare</span> 
     </span>
     <span class='ocr_line' id='line_1_5' title="bbox 1054 1113 1688 1197; baseline -0.003 -2"><span class='ocrx_word' id='word_1_35' title='bbox 1054 1113 1154 1195; x_wconf 89' lang='lat' dir='ltr'>ad</span> <span class='ocrx_word' id='word_1_36' title='bbox 1201 1114 1655 1197; x_wconf 86' lang='lat' dir='ltr'>veniendum</span> <span class='ocrx_word' id='word_1_37' title='bbox 1669 1174 1688 1194; x_wconf 91' lang='lat'><strong>.</strong></span> 
     </span>
    </p>
   </div>
   <div class='ocr_carea' id='block_1_4' title="bbox 1218 1322 3864 1618">
    <p class='ocr_par' dir='ltr' id='par_1_4' title="bbox 1218 1322 3864 1618">
     <span class='ocr_line' id='line_1_6' title="bbox 1218 1322 3858 1407; baseline -0.002 -18"><span class='ocrx_word' id='word_1_38' title='bbox 1218 1327 1406 1407; x_wconf 78' lang='lat' dir='ltr'>(Edit.</span> <span class='ocrx_word' id='word_1_39' title='bbox 1449 1344 1546 1405; x_wconf 85' lang='lat' dir='ltr'>ap.</span> <span class='ocrx_word' id='word_1_40' title='bbox 1586 1329 1931 1403; x_wconf 55' lang='lat' dir='ltr'>Burnum,</span> <span class='ocrx_word' id='word_1_41' title='bbox 1968 1323 2192 1389; x_wconf 72' lang='lat' dir='ltr'>Amul.</span> <span class='ocrx_word' id='word_1_42' title='bbox 2241 1323 2451 1401; x_wconf 60' lang='lat' dir='ltr'>eccles„</span> <span class='ocrx_word' id='word_1_43' title='bbox 2498 1342 2646 1388; x_wconf 78' lang='lat' dir='ltr'>ann.</span> <span class='ocrx_word' id='word_1_44' title='bbox 2695 1333 2883 1398; x_wconf 72' lang='lat'>12⁴8,</span> <span class='ocrx_word' id='word_1_45' title='bbox 2924 1322 2973 1407; x_wconf 76' lang='lat' dir='ltr'>S</span> <span class='ocrx_word' id='word_1_46' title='bbox 3013 1323 3250 1402; x_wconf 81' lang='lat' dir='ltr'><strong>XVIII,</strong></span> <span class='ocrx_word' id='word_1_47' title='bbox 3290 1323 3380 1401; x_wconf 67' lang='lat' dir='ltr'>exj</span> <span class='ocrx_word' id='word_1_48' title='bbox 3414 1324 3615 1402; x_wconf 74' lang='lat' dir='ltr'>regist.</span> <span class='ocrx_word' id='word_1_49' title='bbox 3658 1324 3858 1384; x_wconf 84' lang='lat' dir='ltr'>Innoc.</span> 
     </span>
     <span class='ocr_line' id='line_1_7' title="bbox 1292 1428 3864 1512; baseline -0.001 -21"><span class='ocrx_word' id='word_1_50' title='bbox 1292 1450 1392 1512; x_wconf 85' lang='lat' dir='ltr'>pp.</span> <span class='ocrx_word' id='word_1_51' title='bbox 1425 1432 1534 1510; x_wconf 80' lang='lat' dir='ltr'>IV,</span> <span class='ocrx_word' id='word_1_52' title='bbox 1562 1435 1626 1493; x_wconf 83' lang='lat' dir='ltr'>ln</span> <span class='ocrx_word' id='word_1_53' title='bbox 1669 1433 1916 1493; x_wconf 80' lang='lat' dir='ltr'>Archiv.</span> <span class='ocrx_word' id='word_1_54' title='bbox 1946 1433 2143 1493; x_wconf 79' lang='lat' dir='ltr'>Vatlr.</span> <span class='ocrx_word' id='word_1_55' title='bbox 2192 1450 2333 1493; x_wconf 81' lang='lat' dir='ltr'>ann.</span> <span class='ocrx_word' id='word_1_56' title='bbox 2370 1432 2486 1510; x_wconf 84' lang='lat'>111,</span> <span class='ocrx_word' id='word_1_57' title='bbox 2515 1434 2680 1510; x_wconf 80' lang='lat' dir='ltr'>eplst.</span> <span class='ocrx_word' id='word_1_58' title='bbox 2716 1441 2818 1507; x_wconf 72' lang='lat'>2⁸,</span> <span class='ocrx_word' id='word_1_59' title='bbox 2848 1431 2951 1492; x_wconf 74' lang='lat' dir='ltr'>Iol.</span> <span class='ocrx_word' id='word_1_60' title='bbox 2996 1439 3145 1507; x_wconf 76' lang='lat'>80⁴3</span> <span class='ocrx_word' id='word_1_61' title='bbox 3183 1430 3324 1492; x_wconf 87' lang='lat' dir='ltr'>coll.</span> <span class='ocrx_word' id='word_1_62' title='bbox 3357 1446 3498 1491; x_wconf 80' lang='lat' dir='ltr'>cum</span> <span class='ocrx_word' id='word_1_63' title='bbox 3538 1428 3765 1491; x_wconf 82' lang='lat' dir='ltr'>collect.</span> <span class='ocrx_word' id='word_1_64' title='bbox 3793 1429 3864 1489; x_wconf 82' lang='lat' dir='ltr'>dc</span> 
     </span>
     <span class='ocr_line' id='line_1_8' title="bbox 1292 1537 2636 1618; baseline -0.003 -16"><span class='ocrx_word' id='word_1_65' title='bbox 1292 1540 1548 1617; x_wconf 72' lang='lat' dir='ltr'>Lupum</span> <span class='ocrx_word' id='word_1_66' title='bbox 1572 1539 1656 1600; x_wconf 87' lang='lat' dir='ltr'>du</span> <span class='ocrx_word' id='word_1_67' title='bbox 1680 1540 1881 1617; x_wconf 72' lang='lat' dir='ltr'>Thou,</span> <span class='ocrx_word' id='word_1_68' title='bbox 1911 1542 1973 1599; x_wconf 85' lang='lat' dir='ltr'>ln</span> <span class='ocrx_word' id='word_1_69' title='bbox 2001 1538 2157 1602; x_wconf 81' lang='lat' dir='ltr'>Bibl.</span> <span class='ocrx_word' id='word_1_70' title='bbox 2187 1538 2387 1600; x_wconf 75' lang='lat' dir='ltr'>Cesar.</span> <span class='ocrx_word' id='word_1_71' title='bbox 2418 1537 2636 1618; x_wconf 75' lang='lat' dir='ltr'>Paris.)</span> 
     </span>
    </p>
   </div>
   <div class='ocr_carea' id='block_1_5' title="bbox 1046 1721 3882 4787">
    <p class='ocr_par' dir='ltr' id='par_1_5' title="bbox 1046 1721 3882 4787">
     <span class='ocr_line' id='line_1_9' title="bbox 1154 1721 3858 1817; baseline -0.002 -21"><span class='ocrx_word' id='word_1_72' title='bbox 1154 1723 1622 1814; x_wconf 91' lang='lat' dir='ltr'>Innocentius,</span> <span class='ocrx_word' id='word_1_73' title='bbox 1650 1732 1812 1815; x_wconf 91' lang='lat' dir='ltr'>etc.,</span> <span class='ocrx_word' id='word_1_74' title='bbox 1834 1724 2173 1796; x_wconf 89' lang='lat' dir='ltr'>universis</span> <span class='ocrx_word' id='word_1_75' title='bbox 2196 1723 2443 1797; x_wconf 82' lang='lat' dir='ltr'>Christi</span> <span class='ocrx_word' id='word_1_76' title='bbox 2466 1721 2789 1796; x_wconf 87' lang='lat' dir='ltr'>fidelibus</span> <span class='ocrx_word' id='word_1_77' title='bbox 2819 1722 2947 1795; x_wconf 91' lang='lat' dir='ltr'>has</span> <span class='ocrx_word' id='word_1_78' title='bbox 2974 1722 3238 1794; x_wconf 85' lang='lat' dir='ltr'>litteras</span> <span class='ocrx_word' id='word_1_79' title='bbox 3269 1721 3708 1817; x_wconf 88' lang='lat' dir='ltr'>inspecturis,</span> <span class='ocrx_word' id='word_1_80' title='bbox 3730 1732 3858 1793; x_wconf 89' lang='lat' dir='ltr'>etc.</span> 
     </span>
     <span class='ocr_line' id='line_1_10' title="bbox 1046 1841 3865 1942; baseline -0.002 -22"><span class='ocrx_word' id='word_1_81' title='bbox 1046 1841 1230 1920; x_wconf 58' lang='lat' dir='ltr'>&#39;Cum</span> <span class='ocrx_word' id='word_1_82' title='bbox 1268 1858 1425 1942; x_wconf 87' lang='lat' dir='ltr'>post</span> <span class='ocrx_word' id='word_1_83' title='bbox 1457 1848 1632 1918; x_wconf 90' lang='lat' dir='ltr'>latas</span> <span class='ocrx_word' id='word_1_84' title='bbox 1665 1847 1931 1920; x_wconf 92' lang='lat' dir='ltr'>dudum</span> <span class='ocrx_word' id='word_1_85' title='bbox 1973 1848 2045 1917; x_wconf 91' lang='lat' dir='ltr'>in</span> <span class='ocrx_word' id='word_1_86' title='bbox 2086 1848 2379 1920; x_wconf 90' lang='lat' dir='ltr'>concilio</span> <span class='ocrx_word' id='word_1_87' title='bbox 2419 1847 2867 1939; x_wconf 81' lang='lat' dir='ltr'>Lugdunensi</span> <span class='ocrx_word' id='word_1_88' title='bbox 2897 1855 3140 1918; x_wconf 89' lang='lat' dir='ltr'>contra</span> <span class='ocrx_word' id='word_1_89' title='bbox 3178 1844 3603 1917; x_wconf 87' lang='lat' dir='ltr'>Fridericum</span> <span class='ocrx_word' id='word_1_90' title='bbox 3648 1866 3865 1939; x_wconf 90' lang='lat' dir='ltr'>quon-</span> 
     </span>
     <span class='ocr_line' id='line_1_11' title="bbox 1059 1968 3868 2065; baseline -0.002 -21"><span class='ocrx_word' id='word_1_91' title='bbox 1059 1971 1224 2044; x_wconf 90' lang='lat' dir='ltr'>dam</span> <span class='ocrx_word' id='word_1_92' title='bbox 1266 1971 1789 2065; x_wconf 84' lang='lat' dir='ltr'>imperatorem,</span> <span class='ocrx_word' id='word_1_93' title='bbox 1827 1993 1919 2042; x_wconf 88' lang='lat' dir='ltr'>ex</span> <span class='ocrx_word' id='word_1_94' title='bbox 1950 1971 2331 2043; x_wconf 82' lang='lat' dir='ltr'>manifestis</span> <span class='ocrx_word' id='word_1_95' title='bbox 2363 1981 2435 2042; x_wconf 93' lang='lat' dir='ltr'>et</span> <span class='ocrx_word' id='word_1_96' title='bbox 2473 1969 2997 2043; x_wconf 86' lang='lat' dir='ltr'>rationabilibus</span> <span class='ocrx_word' id='word_1_97' title='bbox 3033 1969 3299 2058; x_wconf 91' lang='lat' dir='ltr'>causis,</span> <span class='ocrx_word' id='word_1_98' title='bbox 3345 1968 3749 2062; x_wconf 83' lang='lat' dir='ltr'>privationis</span> <span class='ocrx_word' id='word_1_99' title='bbox 3781 1968 3868 2039; x_wconf 88' lang='lat' dir='ltr'>ab</span> 
     </span>
     <span class='ocr_line' id='line_1_12' title="bbox 1047 2090 3868 2190; baseline -0.001 -25"><span class='ocrx_word' id='word_1_100' title='bbox 1047 2094 1351 2190; x_wconf 87' lang='lat' dir='ltr'>&#39;imperio</span> <span class='ocrx_word' id='word_1_101' title='bbox 1381 2103 1453 2164; x_wconf 93' lang='lat' dir='ltr'>et</span> <span class='ocrx_word' id='word_1_102' title='bbox 1499 2094 1732 2185; x_wconf 80' lang='lat' dir='ltr'>regnis</span> <span class='ocrx_word' id='word_1_103' title='bbox 1766 2093 2020 2188; x_wconf 87' lang='lat' dir='ltr'>quibus</span> <span class='ocrx_word' id='word_1_104' title='bbox 2061 2115 2135 2164; x_wconf 91' lang='lat' dir='ltr'>se</span> <span class='ocrx_word' id='word_1_105' title='bbox 2171 2093 2538 2186; x_wconf 82' lang='lat' dir='ltr'>indignum</span> <span class='ocrx_word' id='word_1_106' title='bbox 2571 2091 2972 2165; x_wconf 84' lang='lat' dir='ltr'>reddiderat</span> <span class='ocrx_word' id='word_1_107' title='bbox 3004 2113 3088 2163; x_wconf 91' lang='lat' dir='ltr'>ac</span> <span class='ocrx_word' id='word_1_108' title='bbox 3120 2091 3192 2161; x_wconf 93' lang='lat' dir='ltr'>in</span> <span class='ocrx_word' id='word_1_109' title='bbox 3236 2090 3464 2185; x_wconf 90' lang='lat' dir='ltr'>ipsum</span> <span class='ocrx_word' id='word_1_110' title='bbox 3514 2099 3585 2161; x_wconf 90' lang='lat' dir='ltr'>et</span> <span class='ocrx_word' id='word_1_111' title='bbox 3633 2110 3868 2163; x_wconf 91' lang='lat' dir='ltr'>omnes</span> 
     </span>
     <span class='ocr_line' id='line_1_13' title="bbox 1059 2214 3868 2311; baseline -0.002 -22"><span class='ocrx_word' id='word_1_112' title='bbox 1059 2217 1216 2290; x_wconf 91' lang='lat' dir='ltr'>illos</span> <span class='ocrx_word' id='word_1_113' title='bbox 1243 2217 1365 2310; x_wconf 92' lang='lat' dir='ltr'>qui</span> <span class='ocrx_word' id='word_1_114' title='bbox 1404 2217 1467 2288; x_wconf 92' lang='lat' dir='ltr'>ei</span> <span class='ocrx_word' id='word_1_115' title='bbox 1501 2239 1592 2288; x_wconf 89' lang='lat' dir='ltr'>ex</span> <span class='ocrx_word' id='word_1_116' title='bbox 1622 2239 1810 2288; x_wconf 91' lang='lat' dir='ltr'>nunc</span> <span class='ocrx_word' id='word_1_117' title='bbox 1843 2228 2174 2310; x_wconf 87' lang='lat' dir='ltr'>tanquam</span> <span class='ocrx_word' id='word_1_118' title='bbox 2206 2216 2605 2311; x_wconf 89' lang='lat' dir='ltr'>imperatori</span> <span class='ocrx_word' id='word_1_119' title='bbox 2637 2216 2750 2288; x_wconf 87' lang='lat' dir='ltr'>vel</span> <span class='ocrx_word' id='word_1_120' title='bbox 2785 2215 2932 2308; x_wconf 79' lang='lat' dir='ltr'>regi</span> <span class='ocrx_word' id='word_1_121' title='bbox 2965 2224 3356 2309; x_wconf 89' lang='lat' dir='ltr'>prestarent</span> <span class='ocrx_word' id='word_1_122' title='bbox 3382 2214 3720 2285; x_wconf 87' lang='lat' dir='ltr'>auxilium</span> <span class='ocrx_word' id='word_1_123' title='bbox 3751 2234 3868 2284; x_wconf 90' lang='lat' dir='ltr'>seu</span> 
     </span>
     <span class='ocr_line' id='line_1_14' title="bbox 1060 2336 3868 2435; baseline -0.001 -23"><span class='ocrx_word' id='word_1_124' title='bbox 1060 2341 1398 2431; x_wconf 78' lang='lat' dir='ltr'>favorem,</span> <span class='ocrx_word' id='word_1_125' title='bbox 1447 2341 2181 2413; x_wconf 78' lang='lat' dir='ltr'>excommunicationis</span> <span class='ocrx_word' id='word_1_126' title='bbox 2225 2340 2640 2431; x_wconf 89' lang='lat' dir='ltr'>sententias,</span> <span class='ocrx_word' id='word_1_127' title='bbox 2678 2360 2907 2435; x_wconf 87' lang='lat' dir='ltr'>nuper</span> <span class='ocrx_word' id='word_1_128' title='bbox 2946 2338 3131 2411; x_wconf 92' lang='lat' dir='ltr'>idem</span> <span class='ocrx_word' id='word_1_129' title='bbox 3157 2337 3564 2426; x_wconf 80' lang='lat' dir='ltr'>Fredericus</span> <span class='ocrx_word' id='word_1_130' title='bbox 3610 2336 3868 2410; x_wconf 87' lang='lat' dir='ltr'>archie-</span> 
     </span>
     <span class='ocr_line' id='line_1_15' title="bbox 1061 2461 3870 2561; baseline -0.001 -26"><span class='ocrx_word' id='word_1_131' title='bbox 1061 2465 1425 2561; x_wconf 89' lang='lat' dir='ltr'>piscopum</span> <span class='ocrx_word' id='word_1_132' title='bbox 1436 2465 1998 2537; x_wconf 82' lang='lat' dir='ltr'>Panormitanum</span> <span class='ocrx_word' id='word_1_133' title='bbox 2029 2474 2100 2535; x_wconf 91' lang='lat' dir='ltr'>et</span> <span class='ocrx_word' id='word_1_134' title='bbox 2125 2464 2530 2558; x_wconf 90' lang='lat' dir='ltr'>Papiensem</span> <span class='ocrx_word' id='word_1_135' title='bbox 2549 2463 2951 2560; x_wconf 89' lang='lat' dir='ltr'>episcopum</span> <span class='ocrx_word' id='word_1_136' title='bbox 2980 2483 3063 2533; x_wconf 90' lang='lat' dir='ltr'>ac</span> <span class='ocrx_word' id='word_1_137' title='bbox 3086 2461 3590 2551; x_wconf 89' lang='lat' dir='ltr'>Cassinensem,</span> <span class='ocrx_word' id='word_1_138' title='bbox 3613 2461 3870 2533; x_wconf 91' lang='lat' dir='ltr'>Caven-</span> 
     </span>
     <span class='ocr_line' id='line_1_16' title="bbox 1063 2583 3872 2679; baseline -0.002 -20"><span class='ocrx_word' id='word_1_139' title='bbox 1063 2583 1210 2659; x_wconf 87' lang='lat' dir='ltr'>sem</span> <span class='ocrx_word' id='word_1_140' title='bbox 1244 2599 1314 2660; x_wconf 91' lang='lat' dir='ltr'>et</span> <span class='ocrx_word' id='word_1_141' title='bbox 1346 2589 1695 2660; x_wconf 86' lang='lat' dir='ltr'>Casenove</span> <span class='ocrx_word' id='word_1_142' title='bbox 1727 2589 2042 2679; x_wconf 87' lang='lat' dir='ltr'>abbates,</span> <span class='ocrx_word' id='word_1_143' title='bbox 2079 2609 2211 2659; x_wconf 91' lang='lat' dir='ltr'>nec</span> <span class='ocrx_word' id='word_1_144' title='bbox 2243 2608 2382 2660; x_wconf 90' lang='lat' dir='ltr'>non</span> <span class='ocrx_word' id='word_1_145' title='bbox 2422 2589 2668 2659; x_wconf 84' lang='lat' dir='ltr'>fratres</span> <span class='ocrx_word' id='word_1_146' title='bbox 2692 2585 3106 2658; x_wconf 88' lang='lat' dir='ltr'>Rolandium</span> <span class='ocrx_word' id='word_1_147' title='bbox 3135 2594 3206 2657; x_wconf 93' lang='lat' dir='ltr'>et</span> <span class='ocrx_word' id='word_1_148' title='bbox 3229 2585 3585 2657; x_wconf 82' lang='lat' dir='ltr'>Nicolaum</span> <span class='ocrx_word' id='word_1_149' title='bbox 3615 2583 3872 2656; x_wconf 91' lang='lat' dir='ltr'>ordinis</span> 
     </span>
     <span class='ocr_line' id='line_1_17' title="bbox 1060 2707 3869 2807; baseline -0.001 -25"><span class='ocrx_word' id='word_1_150' title='bbox 1060 2712 1573 2807; x_wconf 88' lang='lat' dir='ltr'>predicatorum</span> <span class='ocrx_word' id='word_1_151' title='bbox 1603 2712 1695 2784; x_wconf 95' lang='lat' dir='ltr'>ad</span> <span class='ocrx_word' id='word_1_152' title='bbox 1727 2711 1979 2784; x_wconf 92' lang='lat' dir='ltr'>Sedem</span> <span class='ocrx_word' id='word_1_153' title='bbox 2011 2711 2479 2806; x_wconf 89' lang='lat' dir='ltr'>Apostolicam</span> <span class='ocrx_word' id='word_1_154' title='bbox 2516 2711 2915 2802; x_wconf 88' lang='lat' dir='ltr'>destinarit,</span> <span class='ocrx_word' id='word_1_155' title='bbox 2949 2711 3108 2782; x_wconf 93' lang='lat' dir='ltr'>licet</span> <span class='ocrx_word' id='word_1_156' title='bbox 3138 2731 3268 2781; x_wconf 91' lang='lat' dir='ltr'>nec</span> <span class='ocrx_word' id='word_1_157' title='bbox 3299 2708 3643 2779; x_wconf 90' lang='lat' dir='ltr'>immerito</span> <span class='ocrx_word' id='word_1_158' title='bbox 3679 2707 3869 2779; x_wconf 87' lang='lat' dir='ltr'>vide·</span> 
     </span>
     <span class='ocr_line' id='line_1_18' title="bbox 1062 2829 3872 2930; baseline -0.002 -22"><span class='ocrx_word' id='word_1_159' title='bbox 1062 2845 1256 2908; x_wconf 89' lang='lat' dir='ltr'>retur</span> <span class='ocrx_word' id='word_1_160' title='bbox 1298 2835 1490 2929; x_wconf 90' lang='lat' dir='ltr'>quod</span> <span class='ocrx_word' id='word_1_161' title='bbox 1532 2835 1742 2908; x_wconf 92' lang='lat' dir='ltr'>iidem</span> <span class='ocrx_word' id='word_1_162' title='bbox 1779 2836 1899 2930; x_wconf 92' lang='lat' dir='ltr'>qui</span> <span class='ocrx_word' id='word_1_163' title='bbox 1938 2858 2029 2908; x_wconf 88' lang='lat' dir='ltr'>ex</span> <span class='ocrx_word' id='word_1_164' title='bbox 2074 2857 2160 2909; x_wconf 91' lang='lat' dir='ltr'>eo</span> <span class='ocrx_word' id='word_1_165' title='bbox 2212 2834 2792 2930; x_wconf 89' lang='lat' dir='ltr'>presumebantur</span> <span class='ocrx_word' id='word_1_166' title='bbox 2824 2835 3106 2908; x_wconf 86' lang='lat' dir='ltr'>vinculo</span> <span class='ocrx_word' id='word_1_167' title='bbox 3148 2829 3872 2907; x_wconf 75' lang='lat' dir='ltr'>excommunicationis</span> 
     </span>
     <span class='ocr_line' id='line_1_19' title="bbox 1064 2956 3869 3055; baseline -0.002 -23"><span class='ocrx_word' id='word_1_168' title='bbox 1064 2960 1363 3050; x_wconf 89' lang='lat' dir='ltr'>astricti,</span> <span class='ocrx_word' id='word_1_169' title='bbox 1407 2961 1598 3055; x_wconf 89' lang='lat' dir='ltr'>quod</span> <span class='ocrx_word' id='word_1_170' title='bbox 1629 2961 2068 3055; x_wconf 91' lang='lat' dir='ltr'>suscipiendo</span> <span class='ocrx_word' id='word_1_171' title='bbox 2107 2960 2606 3055; x_wconf 89' lang='lat' dir='ltr'>protectionem</span> <span class='ocrx_word' id='word_1_172' title='bbox 2649 2981 2774 3031; x_wconf 93' lang='lat' dir='ltr'>seu</span> <span class='ocrx_word' id='word_1_173' title='bbox 2816 2959 3242 3051; x_wconf 55' lang='lat' dir='ltr'>legationem&gt;</span> <span class='ocrx_word' id='word_1_174' title='bbox 3274 2957 3524 3054; x_wconf 89' lang='lat' dir='ltr'>ipsius,</span> <span class='ocrx_word' id='word_1_175' title='bbox 3565 2979 3724 3029; x_wconf 92' lang='lat' dir='ltr'>cum</span> <span class='ocrx_word' id='word_1_176' title='bbox 3768 2956 3869 3026; x_wconf 89' lang='lat' dir='ltr'>in·</span> 
     </span>
     <span class='ocr_line' id='line_1_20' title="bbox 1068 3084 3873 3179; baseline -0.001 -24"><span class='ocrx_word' id='word_1_177' title='bbox 1068 3094 1453 3156; x_wconf 92' lang='lat' dir='ltr'>strumento</span> <span class='ocrx_word' id='word_1_178' title='bbox 1486 3095 1558 3156; x_wconf 91' lang='lat' dir='ltr'>et</span> <span class='ocrx_word' id='word_1_179' title='bbox 1593 3085 1836 3156; x_wconf 91' lang='lat' dir='ltr'>litteris</span> <span class='ocrx_word' id='word_1_180' title='bbox 1878 3086 1950 3155; x_wconf 92' lang='lat' dir='ltr'>in</span> <span class='ocrx_word' id='word_1_181' title='bbox 1982 3085 2237 3178; x_wconf 89' lang='lat' dir='ltr'>quibus</span> <span class='ocrx_word' id='word_1_182' title='bbox 2272 3084 2458 3157; x_wconf 86' lang='lat' dir='ltr'>idem</span> <span class='ocrx_word' id='word_1_183' title='bbox 2496 3084 2884 3156; x_wconf 88' lang='lat' dir='ltr'>Fridericus</span> <span class='ocrx_word' id='word_1_184' title='bbox 2916 3106 2989 3156; x_wconf 92' lang='lat' dir='ltr'>se</span> <span class='ocrx_word' id='word_1_185' title='bbox 3025 3084 3513 3179; x_wconf 89' lang='lat' dir='ltr'>imperatorem</span> <span class='ocrx_word' id='word_1_186' title='bbox 3544 3094 3618 3153; x_wconf 87' lang='lat' dir='ltr'>et</span> <span class='ocrx_word' id='word_1_187' title='bbox 3646 3103 3873 3173; x_wconf 80' lang='lat' dir='ltr'>regem</span> 
     </span>
     <span class='ocr_line' id='line_1_21' title="bbox 1068 3205 3870 3298; baseline -0.002 -18"><span class='ocrx_word' id='word_1_188' title='bbox 1068 3229 1227 3280; x_wconf 90' lang='lat' dir='ltr'>cum</span> <span class='ocrx_word' id='word_1_189' title='bbox 1262 3228 1403 3278; x_wconf 91' lang='lat' dir='ltr'>non</span> <span class='ocrx_word' id='word_1_190' title='bbox 1431 3218 1613 3278; x_wconf 88' lang='lat' dir='ltr'>esset</span> <span class='ocrx_word' id='word_1_191' title='bbox 1652 3206 1962 3298; x_wconf 91' lang='lat' dir='ltr'>dicebat,</span> <span class='ocrx_word' id='word_1_192' title='bbox 2002 3206 2238 3279; x_wconf 84' lang='lat' dir='ltr'>favere</span> <span class='ocrx_word' id='word_1_193' title='bbox 2266 3209 2395 3280; x_wconf 90' lang='lat' dir='ltr'>sibi</span> <span class='ocrx_word' id='word_1_194' title='bbox 2427 3218 2668 3280; x_wconf 89' lang='lat' dir='ltr'>contra</span> <span class='ocrx_word' id='word_1_195' title='bbox 2700 3206 2957 3279; x_wconf 89' lang='lat' dir='ltr'>dictam</span> <span class='ocrx_word' id='word_1_196' title='bbox 2990 3207 3403 3279; x_wconf 89' lang='lat' dir='ltr'>sententiam</span> <span class='ocrx_word' id='word_1_197' title='bbox 3430 3205 3870 3293; x_wconf 86' lang='lat' dir='ltr'>videbantur,</span> 
     </span>
     <span class='ocr_line' id='line_1_22' title="bbox 1066 3326 3876 3427; baseline -0.001 -25"><span class='ocrx_word' id='word_1_198' title='bbox 1066 3330 1396 3402; x_wconf 83' lang='lat' dir='ltr'>audiendi</span> <span class='ocrx_word' id='word_1_199' title='bbox 1430 3351 1570 3402; x_wconf 92' lang='lat' dir='ltr'>non</span> <span class='ocrx_word' id='word_1_200' title='bbox 1598 3340 1822 3419; x_wconf 89' lang='lat' dir='ltr'>erant,</span> <span class='ocrx_word' id='word_1_201' title='bbox 1860 3331 1985 3403; x_wconf 92' lang='lat' dir='ltr'>sed</span> <span class='ocrx_word' id='word_1_202' title='bbox 2012 3333 2243 3427; x_wconf 92' lang='lat' dir='ltr'>potius</span> <span class='ocrx_word' id='word_1_203' title='bbox 2277 3333 2364 3404; x_wconf 92' lang='lat' dir='ltr'>de</span> <span class='ocrx_word' id='word_1_204' title='bbox 2401 3341 2587 3404; x_wconf 89' lang='lat' dir='ltr'>tante</span> <span class='ocrx_word' id='word_1_205' title='bbox 2615 3331 3019 3403; x_wconf 85' lang='lat' dir='ltr'>temeritatis</span> <span class='ocrx_word' id='word_1_206' title='bbox 3047 3352 3373 3422; x_wconf 86' lang='lat' dir='ltr'>excessu,</span> <span class='ocrx_word' id='word_1_207' title='bbox 3406 3351 3567 3401; x_wconf 90' lang='lat' dir='ltr'>cum</span> <span class='ocrx_word' id='word_1_208' title='bbox 3590 3330 3729 3401; x_wconf 89' lang='lat' dir='ltr'>sint</span> <span class='ocrx_word' id='word_1_209' title='bbox 3752 3326 3876 3400; x_wconf 85' lang='lat' dir='ltr'>viri</span> 
     </span>
     <span class='ocr_line' id='line_1_23' title="bbox 1069 3452 3876 3549; baseline -0.001 -24"><span class='ocrx_word' id='word_1_210' title='bbox 1069 3452 1549 3543; x_wconf 88' lang='lat' dir='ltr'>ecclesiastici,</span> <span class='ocrx_word' id='word_1_211' title='bbox 1600 3453 1970 3548; x_wconf 71' lang='lat' dir='ltr'>puniendi,</span> <span class='ocrx_word' id='word_1_212' title='bbox 2009 3455 2170 3548; x_wconf 91' lang='lat' dir='ltr'>quia</span> <span class='ocrx_word' id='word_1_213' title='bbox 2219 3464 2446 3527; x_wconf 90' lang='lat' dir='ltr'>tamen</span> <span class='ocrx_word' id='word_1_214' title='bbox 2489 3477 2563 3527; x_wconf 91' lang='lat' dir='ltr'>se</span> <span class='ocrx_word' id='word_1_215' title='bbox 2604 3454 2821 3549; x_wconf 89' lang='lat' dir='ltr'>ipsius</span> <span class='ocrx_word' id='word_1_216' title='bbox 2859 3453 3187 3525; x_wconf 87' lang='lat' dir='ltr'>Friderici</span> <span class='ocrx_word' id='word_1_217' title='bbox 3215 3475 3356 3525; x_wconf 92' lang='lat' dir='ltr'>non</span> <span class='ocrx_word' id='word_1_218' title='bbox 3393 3462 3722 3546; x_wconf 90' lang='lat' dir='ltr'>tanquam</span> <span class='ocrx_word' id='word_1_219' title='bbox 3738 3452 3876 3522; x_wconf 77' lang='lat' dir='ltr'>im·</span> 
     </span>
     <span class='ocr_line' id='line_1_24' title="bbox 1065 3574 3878 3673; baseline -0.002 -23"><span class='ocrx_word' id='word_1_220' title='bbox 1065 3576 1409 3672; x_wconf 75' lang='lat' dir='ltr'>perator-is</span> <span class='ocrx_word' id='word_1_221' title='bbox 1444 3577 1555 3648; x_wconf 88' lang='lat' dir='ltr'>vel</span> <span class='ocrx_word' id='word_1_222' title='bbox 1591 3578 1805 3670; x_wconf 74' lang='lat' dir='ltr'>regie,</span> <span class='ocrx_word' id='word_1_223' title='bbox 1854 3578 1980 3650; x_wconf 91' lang='lat' dir='ltr'>sed</span> <span class='ocrx_word' id='word_1_224' title='bbox 2014 3579 2209 3649; x_wconf 84' lang='lat' dir='ltr'>velut</span> <span class='ocrx_word' id='word_1_225' title='bbox 2240 3577 2568 3673; x_wconf 89' lang='lat' dir='ltr'>simplicis</span> <span class='ocrx_word' id='word_1_226' title='bbox 2610 3577 2963 3649; x_wconf 90' lang='lat' dir='ltr'>christiani</span> <span class='ocrx_word' id='word_1_227' title='bbox 2995 3578 3276 3649; x_wconf 86' lang='lat' dir='ltr'>nuntios</span> <span class='ocrx_word' id='word_1_228' title='bbox 3312 3577 3746 3665; x_wconf 90' lang='lat' dir='ltr'>asserebant,</span> <span class='ocrx_word' id='word_1_229' title='bbox 3783 3574 3878 3646; x_wconf 89' lang='lat' dir='ltr'>eis</span> 
     </span>
     <span class='ocr_line' id='line_1_25' title="bbox 1065 3683 3882 3795; baseline -0.002 -22"><span class='ocrx_word' id='word_1_230' title='bbox 1065 3683 1498 3773; x_wconf 86' lang='lat' dir='ltr'>venerabiles</span> <span class='ocrx_word' id='word_1_231' title='bbox 1561 3700 1805 3772; x_wconf 81' lang='lat' dir='ltr'>fratres</span> <span class='ocrx_word' id='word_1_232' title='bbox 1868 3710 2141 3773; x_wconf 91' lang='lat' dir='ltr'>nostros</span> <span class='ocrx_word' id='word_1_233' title='bbox 2202 3701 2652 3772; x_wconf 89' lang='lat' dir='ltr'>Portuensem</span> <span class='ocrx_word' id='word_1_234' title='bbox 2716 3711 2788 3773; x_wconf 93' lang='lat' dir='ltr'>et</span> <span class='ocrx_word' id='word_1_235' title='bbox 2850 3700 3318 3774; x_wconf 87' lang='lat' dir='ltr'>Albanensem</span> <span class='ocrx_word' id='word_1_236' title='bbox 3387 3701 3747 3795; x_wconf 90' lang='lat' dir='ltr'>episcopos</span> <span class='ocrx_word' id='word_1_237' title='bbox 3811 3708 3882 3769; x_wconf 92' lang='lat' dir='ltr'>et</span> 
     </span>
     <span class='ocr_line' id='line_1_26' title="bbox 1067 3821 3875 3920; baseline -0.003 -22"><span class='ocrx_word' id='word_1_238' title='bbox 1067 3824 1398 3898; x_wconf 92' lang='lat' dir='ltr'>dilectum</span> <span class='ocrx_word' id='word_1_239' title='bbox 1430 3822 1646 3895; x_wconf 88' lang='lat' dir='ltr'>filium</span> <span class='ocrx_word' id='word_1_240' title='bbox 1674 3833 1988 3895; x_wconf 88' lang='lat' dir='ltr'>nostrum</span> <span class='ocrx_word' id='word_1_241' title='bbox 2027 3823 2112 3893; x_wconf 87' lang='lat' dir='ltr'>H.</span> <span class='ocrx_word' id='word_1_242' title='bbox 2159 3823 2340 3894; x_wconf 88' lang='lat' dir='ltr'>tituli</span> <span class='ocrx_word' id='word_1_243' title='bbox 2379 3826 2630 3895; x_wconf 88' lang='lat' dir='ltr'>Sancte</span> <span class='ocrx_word' id='word_1_244' title='bbox 2659 3823 2911 3896; x_wconf 90' lang='lat' dir='ltr'>Sabine</span> <span class='ocrx_word' id='word_1_245' title='bbox 2944 3824 3425 3920; x_wconf 79' lang='lat' dir='ltr'>presbyterum</span> <span class='ocrx_word' id='word_1_246' title='bbox 3463 3821 3875 3894; x_wconf 88' lang='lat' dir='ltr'>cardinalem</span> 
     </span>
     <span class='ocr_line' id='line_1_27' title="bbox 1068 3944 3879 4038; baseline -0.002 -17"><span class='ocrx_word' id='word_1_247' title='bbox 1068 3948 1533 4022; x_wconf 87' lang='lat' dir='ltr'>concessimus</span> <span class='ocrx_word' id='word_1_248' title='bbox 1588 3946 1943 4018; x_wconf 86' lang='lat' dir='ltr'>auditores</span> <span class='ocrx_word' id='word_1_249' title='bbox 1987 3971 2005 4016; x_wconf 74' lang='grc' dir='ltr'><strong>ε</strong></span> <span class='ocrx_word' id='word_1_250' title='bbox 2067 3945 2320 4038; x_wconf 88' lang='lat' dir='ltr'>quibus</span> <span class='ocrx_word' id='word_1_251' title='bbox 2381 3945 2591 4018; x_wconf 92' lang='lat' dir='ltr'>iidem</span> <span class='ocrx_word' id='word_1_252' title='bbox 2653 3946 2880 4018; x_wconf 89' lang='lat' dir='ltr'>nuntii</span> <span class='ocrx_word' id='word_1_253' title='bbox 2939 3946 3475 4020; x_wconf 90' lang='lat' dir='ltr'>instrumentum</span> <span class='ocrx_word' id='word_1_254' title='bbox 3524 3944 3879 4037; x_wconf 86' lang='lat' dir='ltr'>cujusdam</span> 
     </span>
     <span class='ocr_line' id='line_1_28' title="bbox 1068 4067 3881 4166; baseline -0.002 -21"><span class='ocrx_word' id='word_1_255' title='bbox 1068 4072 1405 4145; x_wconf 90' lang='lat' dir='ltr'>scriniarii</span> <span class='ocrx_word' id='word_1_256' title='bbox 1456 4072 1732 4142; x_wconf 91' lang='lat' dir='ltr'>Lucane</span> <span class='ocrx_word' id='word_1_257' title='bbox 1786 4067 2083 4141; x_wconf 91' lang='lat' dir='ltr'>diocesis</span> <span class='ocrx_word' id='word_1_258' title='bbox 2134 4078 2206 4140; x_wconf 92' lang='lat' dir='ltr'>et</span> <span class='ocrx_word' id='word_1_259' title='bbox 2249 4069 2512 4151; x_wconf 76' lang='lat' dir='ltr'>litteras</span> <span class='ocrx_word' id='word_1_260' title='bbox 2561 4091 2656 4141; x_wconf 92' lang='lat' dir='ltr'>ex</span> <span class='ocrx_word' id='word_1_261' title='bbox 2698 4079 2895 4165; x_wconf 88' lang='lat' dir='ltr'>parte</span> <span class='ocrx_word' id='word_1_262' title='bbox 2950 4070 3165 4166; x_wconf 89' lang='lat' dir='ltr'>ipsius</span> <span class='ocrx_word' id='word_1_263' title='bbox 3210 4068 3541 4142; x_wconf 86' lang='lat' dir='ltr'>Friderici</span> <span class='ocrx_word' id='word_1_264' title='bbox 3588 4067 3881 4139; x_wconf 85' lang='lat' dir='ltr'>munitas</span> 
     </span>
     <span class='ocr_line' id='line_1_29' title="bbox 1067 4187 3880 4287; baseline -0.001 -24"><span class='ocrx_word' id='word_1_265' title='bbox 1067 4193 1259 4266; x_wconf 91' lang='lat' dir='ltr'>bulla</span> <span class='ocrx_word' id='word_1_266' title='bbox 1290 4214 1501 4266; x_wconf 88' lang='lat' dir='ltr'>aurea</span> <span class='ocrx_word' id='word_1_267' title='bbox 1539 4200 2063 4287; x_wconf 87' lang='lat' dir='ltr'>presentarunt,</span> <span class='ocrx_word' id='word_1_268' title='bbox 2100 4191 2174 4262; x_wconf 91' lang='lat' dir='ltr'>in</span> <span class='ocrx_word' id='word_1_269' title='bbox 2216 4192 2471 4285; x_wconf 90' lang='lat' dir='ltr'>quibus</span> <span class='ocrx_word' id='word_1_270' title='bbox 2519 4191 3003 4264; x_wconf 88' lang='lat' dir='ltr'>continebatur</span> <span class='ocrx_word' id='word_1_271' title='bbox 3043 4193 3235 4286; x_wconf 93' lang='lat' dir='ltr'>quod</span> <span class='ocrx_word' id='word_1_272' title='bbox 3265 4214 3424 4264; x_wconf 90' lang='lat' dir='ltr'>cum</span> <span class='ocrx_word' id='word_1_273' title='bbox 3477 4191 3702 4263; x_wconf 88' lang='lat' dir='ltr'>dictus</span> <span class='ocrx_word' id='word_1_274' title='bbox 3738 4187 3880 4273; x_wconf 86' lang='lat' dir='ltr'>Fri-</span> 
     </span>
     <span class='ocr_line' id='line_1_30' title="bbox 1071 4311 3878 4410; baseline -0 -27"><span class='ocrx_word' id='word_1_275' title='bbox 1071 4311 1345 4385; x_wconf 87' lang='lat' dir='ltr'>derieus</span> <span class='ocrx_word' id='word_1_276' title='bbox 1376 4314 1618 4386; x_wconf 76' lang='lat' dir='ltr'>fuisset</span> <span class='ocrx_word' id='word_1_277' title='bbox 1645 4314 1717 4385; x_wconf 93' lang='lat' dir='ltr'>in</span> <span class='ocrx_word' id='word_1_278' title='bbox 1749 4312 1999 4385; x_wconf 88' lang='lat' dir='ltr'>eodem</span> <span class='ocrx_word' id='word_1_279' title='bbox 2030 4313 2324 4386; x_wconf 90' lang='lat' dir='ltr'>concilio</span> <span class='ocrx_word' id='word_1_280' title='bbox 2349 4312 2628 4385; x_wconf 89' lang='lat' dir='ltr'>babitus</span> <span class='ocrx_word' id='word_1_281' title='bbox 2660 4313 2749 4386; x_wconf 93' lang='lat' dir='ltr'>de</span> <span class='ocrx_word' id='word_1_282' title='bbox 2779 4312 3086 4386; x_wconf 89' lang='lat' dir='ltr'>heretica</span> <span class='ocrx_word' id='word_1_283' title='bbox 3124 4315 3464 4410; x_wconf 87' lang='lat' dir='ltr'>pravitate</span> <span class='ocrx_word' id='word_1_284' title='bbox 3495 4321 3878 4408; x_wconf 89' lang='lat' dir='ltr'>suspectus,</span> 
     </span>
     <span class='ocr_line' id='line_1_31' title="bbox 1069 4433 3880 4534; baseline 0.001 -30"><span class='ocrx_word' id='word_1_285' title='bbox 1069 4433 1218 4529; x_wconf 91' lang='lat' dir='ltr'>ipse</span> <span class='ocrx_word' id='word_1_286' title='bbox 1259 4434 1721 4527; x_wconf 80' lang='lat' dir='ltr'>interrogatus</span> <span class='ocrx_word' id='word_1_287' title='bbox 1770 4444 1843 4506; x_wconf 91' lang='lat' dir='ltr'>et</span> <span class='ocrx_word' id='word_1_288' title='bbox 1886 4435 2325 4509; x_wconf 85' lang='lat' dir='ltr'>examinatus</span> <span class='ocrx_word' id='word_1_289' title='bbox 2368 4458 2412 4509; x_wconf 91' lang='lat' dir='ltr'>a</span> <span class='ocrx_word' id='word_1_290' title='bbox 2451 4435 2778 4532; x_wconf 85' lang='lat' dir='ltr'>predictis</span> <span class='ocrx_word' id='word_1_291' title='bbox 2812 4437 3074 4509; x_wconf 90' lang='lat' dir='ltr'>nuntiis</span> <span class='ocrx_word' id='word_1_292' title='bbox 3115 4460 3323 4534; x_wconf 90' lang='lat' dir='ltr'>super</span> <span class='ocrx_word' id='word_1_293' title='bbox 3365 4436 3672 4509; x_wconf 88' lang='lat' dir='ltr'>articulis</span> <span class='ocrx_word' id='word_1_294' title='bbox 3715 4456 3880 4508; x_wconf 90' lang='lat' dir='ltr'>con·</span> 
     </span>
     <span class='ocr_line' id='line_1_32' title="bbox 1073 4556 3881 4655; baseline 0 -27"><span class='ocrx_word' id='word_1_295' title='bbox 1073 4558 1280 4643; x_wconf 89' lang='lat' dir='ltr'>tentis</span> <span class='ocrx_word' id='word_1_296' title='bbox 1309 4558 1380 4628; x_wconf 92' lang='lat' dir='ltr'>in</span> <span class='ocrx_word' id='word_1_297' title='bbox 1415 4558 1744 4655; x_wconf 77' lang='lat' dir='ltr'>Symbolo</span> <span class='ocrx_word' id='word_1_298' title='bbox 1777 4566 1849 4628; x_wconf 93' lang='lat' dir='ltr'>et</span> <span class='ocrx_word' id='word_1_299' title='bbox 1881 4557 2034 4629; x_wconf 91' lang='lat' dir='ltr'>aliis</span> <span class='ocrx_word' id='word_1_300' title='bbox 2071 4558 2165 4631; x_wconf 86' lang='lat' dir='ltr'>ad</span> <span class='ocrx_word' id='word_1_301' title='bbox 2202 4556 2415 4631; x_wconf 90' lang='lat' dir='ltr'>fidem</span> <span class='ocrx_word' id='word_1_302' title='bbox 2452 4559 2896 4651; x_wconf 85' lang='lat' dir='ltr'>catholicam,</span> <span class='ocrx_word' id='word_1_303' title='bbox 2934 4560 3115 4632; x_wconf 81' lang='lat' dir='ltr'>dixit</span> <span class='ocrx_word' id='word_1_304' title='bbox 3149 4582 3225 4632; x_wconf 94' lang='lat' dir='ltr'>se</span> <span class='ocrx_word' id='word_1_305' title='bbox 3265 4558 3555 4631; x_wconf 85' lang='lat' dir='ltr'>firmiter</span> <span class='ocrx_word' id='word_1_306' title='bbox 3602 4557 3881 4630; x_wconf 87' lang='lat' dir='ltr'>eredere</span> 
     </span>
     <span class='ocr_line' id='line_1_33' title="bbox 1068 4680 3878 4787; baseline -0.001 -33"><span class='ocrx_word' id='word_1_307' title='bbox 1068 4703 1153 4755; x_wconf 91' lang='lat' dir='ltr'>ac</span> <span class='ocrx_word' id='word_1_308' title='bbox 1186 4683 1483 4787; x_wconf 84' lang='lat' dir='ltr'>juravit,</span> <span class='ocrx_word' id='word_1_309' title='bbox 1532 4691 1603 4755; x_wconf 93' lang='lat' dir='ltr'>et</span> <span class='ocrx_word' id='word_1_310' title='bbox 1648 4680 2001 4755; x_wconf 87' lang='lat' dir='ltr'>constituit</span> <span class='ocrx_word' id='word_1_311' title='bbox 2046 4684 2558 4757; x_wconf 86' lang='lat' dir='ltr'>examinatores</span> <span class='ocrx_word' id='word_1_312' title='bbox 2601 4683 2884 4756; x_wconf 91' lang='lat' dir='ltr'>eosdem</span> <span class='ocrx_word' id='word_1_313' title='bbox 2921 4695 3401 4778; x_wconf 82' lang='lat' dir='ltr'>procuratores</span> <span class='ocrx_word' id='word_1_314' title='bbox 3440 4704 3605 4757; x_wconf 90' lang='lat' dir='ltr'>suos</span> <span class='ocrx_word' id='word_1_315' title='bbox 3649 4681 3739 4754; x_wconf 91' lang='lat' dir='ltr'>ad</span> <span class='ocrx_word' id='word_1_316' title='bbox 3764 4682 3878 4775; x_wconf 85' lang='lat' dir='ltr'>ju-</span> 
     </span>
    </p>
   </div>
  </div>
 </body>
</html>
