4364 5738
609 556 808 614 Ismcr.
845 555 973 631 15.]
1494 550 1891 610 HISTORIA
1941 550 2529 612 DIPLOMATICA.
3385 560 3425 617 5

609 710 729 761 eos
764 688 1004 759 incitet
1036 686 1128 758 ad
1160 686 1575 778 ingressum.
1607 685 1748 757 Nos
1779 685 1989 777 igitur
2024 686 2144 778 qui
2175 686 2429 757 nostris
2462 684 3274 761 humiliatam‘mandatis
3297 694 3427 763 Ita·

606 812 769 883 liam
791 835 916 906 per
938 811 1296 883 ordinatos
1313 817 1587 881 nostros
1606 809 1969 881 commode
1992 805 2470 904 procuramus,
2492 820 2695 904 etper
2715 822 2781 881 te
2799 821 2868 882 et
2886 812 3233 907 principes
3252 815 3424 891 alios

606 957 780 1031 pure
824 934 1076 1007 mentis
1121 954 1411 1026 reguum
1456 932 1823 1005 Germanic
1864 941 2104 1004 contra
2147 953 2368 1004 novos
2410 932 2646 1005 hostes
2690 933 3100 1007 confidimus
3144 946 3423 1010 strenue

603 1059 984 1148 defensari,
1024 1067 1378 1151 assumpto
1421 1056 1494 1127 in
1529 1057 1728 1128 brevi
1756 1056 1954 1129 Sedis
1995 1056 2389 1152 Apostolice
2424 1067 2620 1152 patre
2652 1058 2772 1150 qui
2799 1059 3000 1130 nobis
3036 1069 3107 1131 et
3134 1062 3422 1156 imperio

604 1195 933 1275 tanquam
964 1181 1249 1254 alterius
1285 1180 1496 1274 gladii
1533 1202 1816 1253 consors
1844 1182 2136 1270 existat,
2169 1180 2262 1253 ad
2297 1182 2497 1274 cujus
2527 1184 3031 1276 promotionem
3063 1188 3424 1258 venerabi·

602 1310 702 1380 les
737 1308 985 1378 fratres
1024 1305 1413 1378 cardinales
1450 1304 1856 1395 intendunt,
1892 1306 2275 1398 potentiam
2313 1315 2619 1378 nostram
2665 1306 2736 1377 in
2774 1308 3206 1380 Germaniam
3251 1310 3419 1382 diri-

598 1451 841 1522 gemus
874 1439 951 1501 ut
989 1429 1087 1501 tui
1122 1439 1192 1500 et
1222 1430 1517 1501 aliorum
1553 1429 1964 1501 dilectorum
2006 1429 2207 1501 nobis
2248 1431 2635 1526 principum
2675 1432 2831 1503 freti
2863 1434 3186 1522 consilio,
3231 1443 3420 1507 tran-

602 1555 893 1648 quillum
922 1562 1178 1625 statum
1208 1553 1483 1647 imperii
1510 1552 1600 1625 de
1633 1552 1818 1652 bono
1850 1552 1923 1623 in
1952 1553 2200 1624 melius
2228 1553 2674 1649 disponamus
2698 1566 2769 1627 et
2796 1565 2863 1627 te
2887 1578 3165 1665 quoque
3199 1560 3419 1631 nostri

599 1678 1003 1773 participem
1034 1677 1403 1768 congaudii
1430 1676 1786 1748 faciamus.

697 1802 983 1891 Datum,
1018 1809 1155 1872 etc.

1286 2093 2565 2103 mw——offir——m—fflmm00
2580 2096 3004 2106 ——·---.-------—-

1004 2096 1166 2104 —-·-·
1179 2096 1283 2105 ——·-·

699 2352 1107 2464 Henricus,
1149 2357 1510 2440 Turrium
1557 2369 1632 2442 et
1671 2358 2029 2443 Gallurae
2078 2388 2211 2445 rex
2266 2363 2452 2445 etin
2488 2364 2704 2448 Italia
2739 2368 3028 2479 imperii
3068 2372 3404 2481 legatuS‚
3514 2391 3772 2488 Rggssgggf·

593 2485 668 2565 in
734 2489 1275 2596 protectionem
1347 2490 1645 2599 imperii
1698 2492 1966 2601 recipit
2018 2498 2569 2580 monasterium
2635 2499 2955 2586 Sanctae
3003 2506 3282 2590 Mariae
3329 2509 3407 2589 in

591 2618 817 2702 Portu
853 2621 1270 2705 Ravennati
1315 2634 1391 2705 et
1426 2623 1686 2706 omnia
1721 2624 1886 2735 ejus
1913 2625 2143 2733 bona,
2193 2628 2272 2709 in
2312 2656 2467 2738 qua
2494 2631 2807 2716 ecclesia
2846 2640 3411 2745 superveniente

592 2749 1061 2858 aegritudine
1110 2750 1534 2860 hospitatus
1572 2752 1845 2837 fuerat.

749 2961 954 3041 (Edid.
985 2966 1311 3045 Fan-rum,
1340 2967 1603 3028 Menum.
1635 2969 1923 3046 Ravana„
1952 2977 2100 3032 tom.
2134 2972 2218 3049 Π,
2247 2983 2315 3033 n⁰
2339 2976 2555 3053 CXIII,
2590 2997 2649 3056 p.
2682 2981 2848 3060 209.)

680 3148 1005 3239 EnricuS,
1037 3150 1165 3221 Dei
1194 3160 1266 3222 et
1291 3151 1637 3245 imperiali
1662 3154 1884 3246 gratia
1912 3178 2042 3227 rex
2074 3160 2393 3230 Turrium
2428 3174 2498 3233 et
2526 3164 2801 3240 Gallure
2830 3178 2900 3240 et
2923 3172 3099 3242 sacri
3137 3173 3404 3269 imperii

588 3269 653 3339 in
689 3272 884 3343 Italia
925 3273 1216 3364 legatus.
1249 3275 1381 3345 Per
1422 3297 1708 3369 presens
1748 3273 2083 3374 scriptum
2125 3293 2370 3354 notum
2402 3307 2553 3357 esse
2580 3290 2903 3363 volumus
2932 3296 3241 3386 vicariiS‚
3277 3321 3401 3395 po-

589 3395 978 3484 testatibus,
1012 3397 1439 3488 castellaniS,
1479 3397 1890 3473 officialibus
1922 3413 1994 3474 et
2033 3406 2374 3479 universis
2411 3410 2682 3506 imperii
2714 3412 3035 3490 fidelibus
3071 3431 3207 3492 tam
3242 3445 3400 3517 pre-

583 3517 892 3589 sentibus
917 3541 1126 3612 quam
1157 3520 1406 3592 futuris
1431 3523 1620 3614 quod
1651 3545 1809 3594 cum
1835 3526 2022 3598 viros
2049 3529 2406 3622 religiosos
2429 3534 2731 3627 priorem
2757 3551 2827 3609 et
2849 3541 3092 3613 fratres
3115 3546 3401 3618 ecclesie

581 3642 976 3713 monasterii
1007 3642 1256 3715 Sancte
1287 3645 1501 3716 Marie
1531 3646 1598 3716 in
1633 3647 1841 3719 Portu
1871 3651 2257 3725 Ravennati
2285 3677 2449 3749 erga
2476 3656 2685 3730 fidem
2724 3672 2794 3734 et
2821 3663 3261 3740 devotionem
3300 3692 3404 3742 se-

583 3763 918 3833 renissimi
945 3765 1207 3837 Cesaris
1242 3768 1457 3861 patris
1491 3771 1707 3841 nostri
1735 3781 1807 3843 et
1832 3773 2098 3869 imperii
2134 3798 2219 3848 ac
2254 3801 2381 3851 nos
2415 3781 2650 3874 etiam,
2688 3807 2895 3877 quem
2929 3811 3136 3861 causa
3166 3814 3403 3886 super·
3527 3842 3550 3864 0

580 3886 921 3958 venientis
966 3890 1372 3980 egritudinis
1424 3893 1614 3987 apud
1663 3895 1849 3968 idem
1896 3903 2390 3974 monasterium
2442 3928 2706 3980 moram
2755 3911 3026 3983 trahere
3071 3936 3197 4008 per
3251 3916 3399 3988 dies

577 4009 844 4102 aliquos
902 4013 1303 4106 oportebat,
1340 4014 1581 4089 fideles
1631 4019 2023 4093 invenimus
2074 4045 2159 4095 ac
2208 4026 2534 4118 devotOS‚
2571 4034 3079 4126 perpendentes
3126 4040 3398 4113 oculata

578 4133 841 4206 ratione
874 4137 1095 4229 ipsam
1128 4139 1487 4210 ecclesiam
1526 4163 1703 4214 onus
1737 4147 2111 4218 multarum
2155 4171 2622 4246 expensarum
2654 4155 3056 4232 charitative
3089 4163 3395 4257 largitio·

577 4255 680 4326 nis
710 4278 834 4350 per
859 4258 1261 4330 continuam
1289 4259 1826 4357 hospitalitatem
1847 4270 2189 4363 euntium,
2210 4276 2649 4348 redeuntium
2672 4290 2743 4351 et
2768 4287 3236 4374 quorumlibet
3258 4292 3400 4364 via·

579 4386 802 4450 torum
838 4380 930 4452 ad
969 4381 1154 4454 idem
1198 4388 1691 4460 monasterium
1733 4390 2230 4467 declinantium
2271 4397 2539 4492 subire,
2572 4404 2962 4479 nominatos
2993 4409 3294 4504 priorem
3326 4425 3398 4485 et

578 4498 817 4575 fratres
839 4513 913 4575 et
934 4505 1167 4580 omnia
1191 4507 1375 4580 bona
1408 4510 1722 4613 ejusdem
1743 4516 2031 4588 ecclesie
2059 4527 2198 4588 tam
2216 4521 2486 4594 stabilia
2512 4545 2719 4617 quam
2740 4529 3021 4602 mobilia
3048 4555 3185 4625 que
3211 4558 3398 4607 nunc

568 4622 750 4711 juste
788 4637 978 4699 tenet
995 4638 1063 4700 et
1095 4631 1404 4724 possidet
1428 4636 1538 4707 vel
1566 4636 1636 4706 in
1668 4648 1872 4709 antea
1897 4641 2089 4730 justo
2125 4642 2322 4714 titulo
2357 4648 2612 4739 poterit
2640 4651 2954 4746 adipisci,
2989 4658 3394 4729 auctoritate

506 4957 609 5028 N
