4364 5738
1021 595 1145 660 512
2021 598 2451 664 tammum
2498 599 2846 665 suenum
3072 673 3079 680 ,
3453 606 3618 685 [An.
3661 603 3836 668 ιω.

1024 730 1194 804 riter
1223 731 1344 805 fiat
1375 732 1688 828 diligenti
1715 735 1946 809 studio
1977 747 2415 834 procuretur.
2442 735 2934 811 confortamini
2962 757 3128 830 ergo
3155 739 3224 810 in
3252 738 3549 813 Domino
3576 751 3648 813 et
3678 762 3841 814 con·

1018 851 1213 929 fidite
1236 856 1308 928 in
1333 858 1643 952 potentia
1667 860 1941 932 virtutis
1968 861 2147 954 ejus,
2172 860 2336 956 quia
2364 861 2524 932 licet
2545 859 2922 954 aliquando
2948 866 3114 933 su‘os
3138 863 3388 936 haculo
3405 860 3840 936 adversitatis

1020 980 1389 1075 percutiat,
1421 982 1926 1076 subsequenter
1959 984 2144 1080 ipsos
2181 981 2656 1080 prosperitatis
2688 982 2936 1056 dextra
2972 983 3391 1060 consolatur.

1123 1539 1578 1647 Fridericus,
1610 1540 2126 1624 Romanorum
2161 1540 2605 1650 imperator,
2640 1540 2977 1651 Ugonem
3003 1541 3435 1625 Ranaldum
3468 1542 3831 1627 Guidonis

1016 1671 1416 1754 Tarduocii
1456 1674 1554 1755 de
1592 1673 1925 1756 Cortona
1961 1673 2358 1783 publicum
2402 1673 2700 1782 imp'erii
2735 1673 3221 1757 tabellionem
3254 1676 3669 1759 constituit.

1177 1886 1459 1965 (mernor.
1502 1889 1566 1945 in
1601 1889 1774 1963 epist.
1804 1886 2017 1948 Frnnc.
2043 1887 2349 1961 Bonalnll,
2385 1905 2485 1964 ap.
2528 1885 2765 1949 Archiv.
2805 1894 2947 1949 seor.
2990 1886 3264 1963 atatim,
3292 1890 3570 1968 append„
3614 1899 3681 1950 n⁰
3718 1898 3825 1963 12,

1247 2009 1311 2069 p.
1345 2000 1486 2069 464,
1515 2009 1589 2052 ex
1612 1996 1815 2072 regist.
1839 2000 1961 2054 vet.
1989 2002 2179 2055 coast.
2203 1995 2417 2054 notarii
2442 1991 2786 2073 Crescendi,
2813 1994 2878 2054 in
2901 1992 3066 2055 arch.
3088 2012 3304 2055 comm.
3322 1993 3595 2071 norton„
3617 1991 3723 2056 fol.
3752 2000 3823 2056 9⁵

1250 2099 1460 2177 recto.)

1105 2285 1516 2374 Fridericus,
1546 2284 1672 2356 Dei
1701 2285 1922 2375 gratia
1948 2285 2414 2357 Romanorum
2447 2284 2824 2379 imperator
2848 2306 3129 2381 semper
3154 2293 3517 2375 augustus,
3549 2283 3842 2369 Jemsa-,

1009 2412 1147 2483 lem
1194 2421 1266 2481 et
1303 2409 1532 2481 Sicilie
1565 2430 1719 2480 rex.
1758 2409 1889 2479 Per
1917 2429 2205 2503 presens
2234 2409 2567 2503 scriptum
2600 2420 2843 2481 notum
2871 2408 3164 2480 facimus
3189 2407 3529 2479 universis
3554 2407 3824 2502 imperii

1005 2532 1330 2606 fidelibus
1359 2543 1498 2604 tam
1528 2532 1966 2627 presentibus
1990 2553 2199 2625 quam
2230 2533 2477 2604 futuris
2500 2533 2692 2626 quod
2724 2553 2855 2604 nos
2882 2530 3315 2605 confidentes
3342 2531 3431 2603 de
3454 2532 3822 2626 pmdentin

1006 2668 1078 2730 et
1113 2658 1459 2750 legalitate
1495 2656 1753 2749 Ugonis
1781 2656 2074 2729 Ranaldi
2103 2656 2438 2729 Guidonis
2474 2656 2832 2728 Tarduccii
2864 2657 2955 2729 de
2993 2657 3291 2729 Cortona
3319 2654 3546 2728 fidelis
3572 2656 3812 2745 nostri,

1003 2791 1285 2877 recepto
1314 2782 1406 2852 ab
1439 2802 1526 2853 eo
1546 2782 1752 2874 juxta
1782 2779 2359 2852 consuetudinem
2396 2779 2745 2851 fidelitatis
2779 2790 2853 2851 et
2875 2779 3083 2852 officii
3103 2782 3531 2872 juramento,
3558 2779 3813 2851 consti·

1005 2910 1261 2980 tuimus
1282 2928 1444 2976 eum
1462 2906 1816 3000 publicum
1845 2904 2288 2975 tabellionem
2318 2904 2616 2998 imperii,
2654 2914 2734 2975 ut
2761 2904 3018 2976 'amodo
3045 2904 3305 2998 publici
3338 2905 3816 2976 tabellionatus

1002 3030 1304 3103 officium
1335 3028 1597 3119 ubique
1636 3047 1764 3122 per
1802 3025 2167 3119 imperium
2201 3026 2291 3097 ad
2323 3026 2661 3099 honorem
2696 3037 2767 3098 et
2794 3025 3200 3098 fidelitatem
3236 3037 3542 3098 nostram
3571 3012 3816 3100 debeat

1000 3152 1299 3225 fideliter
1346 3169 1700 3222 exercere.
1753 3148 2092 3234 Quocirca
2144 3147 2576 3220 universitati
2632 3159 2861 3221 vestre
2911 3150 3358 3245 precipiendo
3406 3150 3813 3223 mandamus

999 3284 1344 3371 quatenus
1377 3272 1688 3368 predicto
1723 3271 1946 3364 Ugoni
1979 3271 2050 3341 in
2083 3271 2217 3343 hiis
2242 3294 2380 3365 que
2408 3273 2499 3345 ad
2524 3273 2841 3366 ejusdem
2869 3274 3129 3368 publici
3158 3274 3642 3347 tabellionatus
3671 3275 3813 3347 offi—

998 3400 1183 3472 cium
1209 3408 1526 3493 spectare
1551 3406 1958 3486 noscuntur,
1995 3395 2372 3468 intendatis
2401 3396 2492 3469 de
2524 3407 2759 3469 cetero
2787 3406 3119 3489 tanquam
3151 3398 3430 3493 publico
3459 3397 3811 3470 tabellioni

998 3543 1041 3593 a
1074 3522 1435 3613 majestate
1463 3529 1700 3591 nostra
1726 3527 1984 3590 statuto
2015 3518 2107 3590 ad
2140 3519 2478 3591 honorem
2521 3527 2592 3590 et
2624 3517 3032 3592 fidelitatem
3078 3531 3421 3610 nostram,
3469 3529 3541 3592 et
3580 3521 3811 3592 nullus

994 3646 1083 3716 sit
1108 3645 1226 3737 qni
1259 3665 1422 3715 eum
1449 3664 1660 3736 super
1688 3642 1938 3714 eodem
1969 3641 2198 3714 officio
2230 3642 2490 3737 publici
2525 3642 3010 3714 tabellionatus
3043 3654 3300 3715 temere
3328 3643 3666 3738 impedire
3696 3644 3807 3716 vel

993 3769 1404 3864 perturbare
1443 3775 1820 3861 presumat.
1859 3765 2067 3849 Quod
2097 3765 2218 3857 qui
2275 3766 2771 3861 presumpserit
2807 3766 3355 3858 indignationem
3392 3776 3700 3838 nostram
3727 3788 3804 3838 se

991 3890 1268 3963 noverit
1294 3890 1763 3961 incursurum.
1813 3887 1926 3960 Ad
1963 3888 2172 3980 hujus
2208 3900 2444 3961 autem
2488 3889 2593 3960 rei
2628 3888 3035 3961 memoriam
3063 3900 3139 3960 et
3169 3889 3483 3962 stabilem
3516 3888 3805 3961 firmita-

992 4025 1134 4086 tem
1160 4034 1450 4108 presens
1471 4011 1808 4106 scriptum
1837 4011 1989 4082 fieri
2015 4021 2086 4082 et
2110 4011 2488 4104 majestatis
2512 4021 2746 4084 nostre
2770 4012 2998 4104 sigillo
3008 4013 3343 4103 jussimus
3366 4013 3799 4085 communiri.

1084 4139 1341 4208 Datum
1409 4136 1599 4229 apud
1664 4135 1992 4206 Sanctum
2055 4135 2414 4221 Quiricum
2448 4132 2591 4231 (l),
2657 4156 2843 4206 anno
2906 4135 3253 4208 dominice
3315 4136 3804 4208 incarnationis

987 4260 1082 4332 M.
1117 4258 1240 4330 CC.
1265 4258 1665 4347 xxxxvn,
1703 4278 1941 4329 mense
1974 4256 2231 4347 martii,
2270 4258 2329 4329 V
2359 4257 2780 4330 indictionis.

1049 4561 1130 4635 (⁴)
1166 4557 1341 4618 Lama
1366 4556 1424 4616 in
1449 4557 1642 4617 Tuscia
1668 4574 1834 4632 super
1856 4557 2005 4616 viam
2031 4573 2140 4631 qua
2164 4556 2491 4616 Micohno
2514 4557 2690 4616 Son-s
2712 4557 2845 4614 itur.
