4364 5738
538 593 748 690 rumor.
776 621 868 708 5.]
1431 616 1827 684 rus-roam
1875 612 2468 680 mrtomartca.
3250 607 3372 676 465

650 1135 1105 1242 Fridericus,
1148 1135 1668 1218 Romanorum
1705 1133 2146 1243 imperator,
2180 1131 2643 1243 justitiariis,
2683 1133 3071 1240 magistris
3115 1158 3368 1217 came-

548 1268 769 1352 rariis
803 1278 878 1352 et
911 1267 1283 1351 universis
1319 1266 1771 1350 officialibus
1802 1291 1939 1375 per
1972 1289 2298 1375 regnum
2338 1264 2634 1349 Siciliae
2660 1265 3087 1349 constitutis
3123 1291 3363 1347 man-

546 1402 686 1483 dat
715 1411 804 1484 ut
835 1425 1117 1510 equoS,
1145 1421 1400 1506 arma,
1433 1398 1793 1483 victualia
1823 1409 1900 1480 et
1934 1396 2365 1480 necessaria
2395 1397 2777 1506 quaelibet
2810 1423 2953 1507 pro
2985 1397 3367 1482 Ludovioo

549 1530 1020 1640 Francorum
1074 1556 1258 1641 rege
1306 1529 1800 1613 transfretare
1843 1530 2300 1639 disponente
2335 1555 2472 1638 per
2523 1555 2855 1640 regnum
2898 1556 3127 1612 suum
3168 1530 3363 1635 emi,

548 1664 843 1747 extrahi
875 1674 956 1746 et
995 1665 1094 1745 ad
1132 1673 1390 1771 partes
1419 1661 1964 1745 ultramarinas
1993 1662 2273 1745 deferri
2307 1661 2542 1745 libere
2575 1662 3049 1771 permittamu

714 1863 916 1945 (Edid.
941 1860 1032 1925 Du
1064 1862 1299 1935 Quen,
1327 1866 1390 1923 in
1419 1881 1528 1923 sua
1554 1855 1978 1923 maumam
2002 1855 2277 1923 histon‘ae
2305 1859 2474 1936 edit„
2494 1880 2558 1940 p.
2592 1867 2702 1937 5⁷3
2736 1877 2894 1923 nunc
2920 1862 3055 1924 coll.
3084 1878 3218 1923 cum
3248 1865 3367 1924 orl·

786 1971 972 2050 ginali
996 1974 1058 2032 ln
1087 1967 1334 2032 arclstvo
1356 1967 1549 2031 Cant.
1574 1966 1793 2042 Parta„
1830 1966 2040 2030 Trem-
2059 1965 2157 2030 des
2174 1967 2417 2044 marm,
2437 1970 2495 2030 J.
2529 1975 2670 2046 419,
2699 1980 2775 2030 n⁰
2797 1982 2854 2030 4.
2885 1969 2981 2031 De
2999 1967 3163 2030 bulla
3189 1983 3368 2032 aaron

788 2094 942 2155 quae
968 2078 1108 2138 huic
1135 2078 1374 2137 chartae
1398 2077 1689 2153 appendet
1717 2076 1838 2136 filis
1869 2078 2068 2136 sericis
2097 2076 2494 2136 amaranthlnl
2524 2077 2771 2146 colom.
2795 2084 2856 2136 ct
2890 2081 2954 2136 tn
2989 2077 3167 2137 timo
3189 2077 3370 2155 huju

789 2185 1109 2243 voluminis
1139 2200 1271 2242 aere
1298 2185 1479 2242 incisa
1504 2189 1696 2259 patet,
1725 2184 1871 2242 satis
1896 2181 2330 2259 disseruimus.)

647 2354 1087 2444 FredericuS‚
1119 2354 1247 2426 Dei
1289 2354 1508 2446 gratia
1551 2355 2011 2426 Romanorum
2046 2354 2422 2449 imperator
2457 2374 2734 2448 semper
2759 2365 3129 2446 augustuS,
3167 2356 3365 2429 Jeru-

550 2480 766 2550 salem
795 2488 866 2550 et
891 2478 1117 2551 Sicilie
1149 2499 1305 2568 rex,
1329 2477 1741 2568 justitiariis,
1775 2475 2121 2569 magistris
2150 2476 2570 2567 camerariiS,
2597 2478 2938 2570 magistris
2965 2489 3368 2573 procurato·

551 2602 742 2673 ribus
764 2656 782 2692 ,
823 2599 1166 2694 magistris
1215 2599 1617 2671 fundicariis
1666 2605 1738 2671 et
1784 2597 2125 2671 universis
2173 2621 2301 2695 per
2352 2621 2645 2692 regnum
2702 2597 2931 2673 Sicilie
2982 2603 3372 2675 constitutis

550 2722 872 2797 fidelibus
912 2723 1054 2796 suis
1093 2725 1385 2816 gratiam
1427 2745 1625 2794 suam
1676 2732 1748 2795 et
1785 2721 2041 2795 bonam
2081 2725 2541 2795 voluntatem.
2581 2723 2750 2796 Cum
2790 2723 2868 2796 L.
2916 2725 3202 2798 illustris
3241 2743 3370 2799 rex

551 2848 967 2922 Francorum
986 2903 1005 2940 ,
1039 2848 1333 2921 dilectus
1360 2847 1627 2920 amicus
1654 2855 1917 2936 noster,
1951 2868 2161 2940 quem
2190 2846 2438 2919 sinceri
2472 2848 2725 2921 amoris
2755 2848 3150 2942 integritate
3179 2871 3369 2923 com·

555 2974 946 3066 plectimur,
978 2972 1068 3044 ad
1106 2970 1290 3043 illius
1329 2969 1665 3044 honorem
1705 2970 1824 3063 qui
1873 2971 2152 3064 regibus
2197 2970 2319 3042 dat
2361 2973 2692 3061 salutem,
2729 2994 2857 3066 pro
2907 2984 3088 3045 terre
3137 2985 3371 3047 sancte

551 3096 863 3168 subsidio
890 3097 1089 3187 signo
1114 3094 1401 3168 mirifice
1430 3097 1653 3166 crucis
1679 3104 2034 3191 assumpto
2062 3094 2387 3190 disponat
2413 3092 2504 3167 ad
2534 3105 2766 3191 partes
2788 3097 3275 3170 ultramarinas
3300 3099 3373 3170 in

554 3221 731 3293 festo
753 3220 944 3290 Beati
962 3219 1292 3291 Iohannis
1315 3218 1540 3312 primo
1564 3218 1794 3288 future
1822 3227 2023 3289 sexte
2051 3219 2195 3290 indi
2206 3220 2406 3289 tionis
2431 3218 2870 3291 laudabiliter
2893 3222 3368 3313 transfretare3

554 3344 869 3415 volentes
900 3342 1209 3433 ejusdem
1240 3342 1510 3413 felicem
1543 3341 1809 3412 utinam
1844 3342 2206 3412 transitum
2237 3352 2307 3413 et
2334 3364 2617 3413 suorum
2655 3344 2850 3435 regni
2882 3345 3098 3416 nostri
3130 3345 3373 3418 fertili-

553 3474 696 3538 tate
732 3464 995 3554 fulciri,
1039 3462 1353 3536 fidelitati
1386 3474 1615 3535 vestre
1660 3464 2105 3560 precipiendo
2150 3464 2563 3536 mandamns
2596 3467 2957 3558 quatinus,
2994 3489 3153 3539 cum
3185 3469 3258 3539 in
3289 3484 3374 3542 eo

556 3611 702 3661 rem
745 3599 1054 3661 nostram
1098 3600 1168 3661 et
1201 3588 1495 3661 Conradi
1519 3590 1985 3659 Romanorum
2022 3588 2093 3658 in
2133 3609 2368 3679 regem
2405 3588 2607 3660 electi
2635 3599 2706 3659 et
2732 3591 2927 3683 regni
2955 3592 3373 3664 Jerosolimi-

557 3712 702 3783 tani
759 3712 1036 3785 heredis
1083 3711 1420 3782 karissimi
1466 3708 1588 3781 filii
1640 3711 1857 3782 nostri
1906 3710 2103 3803 quasi
2150 3731 2360 3804 agere
2401 3710 2789 3802 videamur,
2841 3736 3090 3806 equos,
3143 3734 3370 3806 arma,

553 3836 878 3907 victualia
906 3847 978 3908 et
1010 3836 1398 3908 necessaria
1436 3834 1748 3926 quelibet
1780 3844 1920 3904 tam
1956 3856 2084 3929 pro
2125 3855 2292 3925 rege
2333 3834 2642 3928 predicto
2678 3854 2887 3929 quam
2926 3858 3051 3931 pro
3086 3836 3219 3909 hiis
3255 3840 3372 3933 qui

558 3958 645 4031 de
686 3980 813 4032 suo
851 3971 1015 4032 sunt
1056 3958 1357 4055 hospitio
1392 3959 1505 4031 vel
1541 3957 1835 4048 familia,
1874 3979 1998 4052 per
2029 3978 2320 4050 regnum
2366 3967 2676 4029 nostrum
2714 3958 2850 4028 emi
2884 3958 3030 4031 sine
3064 3962 3376 4034 molestia

556 4084 647 4154 ad
676 4104 1045 4155 commune
1088 4083 1388 4178 pretium
1420 4103 1561 4175 quo
1598 4081 1811 4176 ipsius
1843 4080 2212 4177 emptionis
2245 4088 2555 4174 tempore
2587 4081 3005 4171 generaliter
3032 4077 3372 4157 distrahe-

560 4205 768 4276 turin
796 4228 1012 4298 regno
1041 4216 1112 4277 et
1143 4228 1184 4278 a
1211 4204 1526 4277 kalendis
1558 4205 1879 4300 proximo
1911 4202 2123 4276 futuri
2156 4200 2413 4274 mensis
2442 4202 2671 4274 martii
2703 4202 3012 4299 predicte
3044 4218 3241 4280 sexte
3268 4208 3375 4281 in·

557 4326 876 4399 dictionis
908 4329 981 4399 in
1013 4339 1217 4401 antea
1251 4351 1474 4422 usque
1512 4351 1638 4423 per
1667 4339 1885 4400 totum
1920 4336 2193 4422 tempus
2221 4346 2362 4420 quo
2393 4325 2742 4421 predictus
2773 4348 2902 4399 rex
2943 4328 3010 4400 in
3046 4328 3375 4405 ultrama-

558 4448 726 4520 rinis
761 4452 1071 4544 partibus
1099 4474 1225 4548 pro
1257 4452 1501 4525 Christi
1533 4452 1812 4523 servitio
1849 4471 2111 4522 moram
2151 4450 2412 4539 trahet,
2452 4448 2585 4519 emi
2619 4460 2688 4521 et
2726 4452 3001 4524 extrahi
3035 4454 3124 4526 de
3162 4476 3377 4548 regno

558 4572 773 4644 libere
812 4595 896 4645 ac
935 4575 1100 4646 illuc
1142 4576 1394 4647 deferri
1439 4586 1580 4647 tam
1622 4596 1749 4669 per
1790 4585 2045 4645 terram
2087 4594 2297 4666 quam
2343 4592 2593 4664 aquam
2635 4596 2762 4668 pro
2809 4572 3056 4649 eodem
3100 4579 3378 4671 negotio

558 4694 706 4768 sine
735 4692 1001 4770 derictu
1024 4694 1178 4795 (sic)
1210 4710 1280 4771 et
1306 4696 1801 4796 impedimento
1835 4696 2148 4791 quolibet
2178 4693 2616 4793 permittatis.

717 4820 824 4882 VI.
2380 4816 2397 4825 “
2986 4830 3060 4883 59

3481 1130 3696 1175 Luceriae
3706 1157 3723 1183 ,

3482 1185 3725 1230 novembri.
