4364 5738
601 592 806 653 unm.
838 589 932 667 3.]
1491 585 1888 648 ms'roma
1935 584 2528 648 ommium-mn.
3308 582 3429 643 273

599 725 832 799 dubiis
876 721 1331 797 sufficientem
1384 721 1764 816 prostiterit
1801 722 2196 795 cautionem
2212 775 2234 812 ‚
2282 720 2416 793 sibi
2466 719 2798 791 faciemus
2844 739 3100 791 munus
3140 689 3426 818 absolu-

603 849 808 922 tionis
853 846 1182 943 impendi.

705 974 955 1045 Datum
994 968 1350 1063 Lugduni,
1385 967 1445 1039 11
1488 987 1711 1039 nonas
1741 967 1938 1058 maii,
1981 965 2425 1063 pontificatus
2458 967 2677 1040 nostri
2710 956 2894 1038 a'nno
2933 964 3269 1039 secundo.

704 1321 1130 1405 Fridericus
1147 1383 1173 1427 ‚
1250 1321 1769 1404 Romanorum
1841 1320 2287 1428 imperator,
2367 1320 2861 1403 Thomasium
2927 1322 3025 1402 de
3090 1316 3421 1404 Cortona
3499 1354 3806 1411 nnn-10.

598 1453 845 1538 filium
907 1455 1299 1563 quondam
1349 1454 1811 1538 Boiemontis
1856 1452 2253 1562 publicum
2306 1453 2601 1562 imperii
2665 1453 3153 1537 tabellionem
3214 1479 3417 1537 con-

600 1588 869 1671 stituit.

762 1773 1098 1854 (Memorat.
1129 1777 1196 1835 in
1220 1776 1390 1852 epist.
1421 1775 1635 1837 Franc.
1658 1776 1953 1848 Bonainii,
1981 1772 2160 1836 Areia.
2187 1781 2329 1835 scor.
2360 1770 2632 1850 italiam,
2665 1773 2920 1852 append.
2950 1784 3017 1835 n⁰
3049 1783 3149 1850 12,
3178 1793 3238 1854 p.
3273 1784 3414 1852 465,

835 1897 911 1941 ex
937 1883 1138 1958 regist.
1175 1886 1296 1941 vet.
1327 1887 1598 1941 coaetan.
1630 1886 1755 1940 not.
1789 1881 2081 1978 crescent.
2102 1883 2165 1940 in
2195 1879 2364 1941 arch.
2401 1896 2619 1940 comm.
2652 1877 2921 1958 Cotton„
2950 1880 3056 1942 fol.
3097 1888 3172 1941 95
3196 1882 3413 1962 verso.)

686 2020 1213 2111 FridericusDei
1233 2040 1455 2131 gratia
1472 2042 1938 2112 Romanorum
1956 2040 2339 2132 imperator
2362 2060 2636 2133 semper
2656 2052 3018 2131 augustus,
3038 2041 3415 2115 Jerusalem

595 2174 668 2236 et
692 2163 921 2236 Sicilie
949 2185 1102 2234 rex.
1128 2163 1257 2235 Per
1279 2185 1567 2257 presens
1589 2163 1923 2256 scriptum
1942 2172 2189 2233 notum
2219 2161 2508 2234 facimus
2533 2161 2878 2234 universis
2904 2162 3175 2259 imperii
3196 2163 3415 2237 fideli·

591 2275 898 2358 bustam
929 2287 1366 2382 presentibus
1397 2308 1607 2379 quam
1641 2286 1892 2357 suturis
1927 2285 2117 2378 quod
2166 2305 2296 2356 nos
2337 2283 2767 2356 confidentes
2802 2285 2892 2357 de
2932 2286 3300 2380 prudentia
3345 2301 3416 2361 et

591 2410 941 2502 legalitate
960 2409 1304 2481 Thomasii
1332 2408 1422 2480 de
1448 2408 1742 2481 Cortona
1766 2406 1888 2478 filii
1915 2408 2271 2500 quondam
2294 2408 2737 2498 BoiemontiS,
2768 2406 2994 2480 fidelis
3018 2411 3266 2501 nostri,
3298 2433 3411 2483 re-

590 2545 795 2627 cepto
812 2533 902 2603 ab
922 2555 1007 2605 eo
1015 2534 1221 2624 juxta
1234 2534 1810 2605 consuetudinem
1826 2532 2177 2605 fidelitatis
2193 2541 2264 2603 et
2276 2530 2481 2604 officii
2490 2533 2914 2624 juramento,
2934 2536 3413 2610 constituimus

590 2677 751 2728 eum
778 2657 1133 2752 publicum
1163 2656 1609 2729 tabellionem
1631 2656 1905 2752 imperii
1933 2665 2013 2727 ut
2039 2656 2293 2728 amodo
2313 2654 2569 2751 publici
2599 2656 3083 2729 tabellionatus
3109 2657 3410 2731 officium

589 2780 849 2874 ubique
888 2802 1016 2876 per
1046 2780 1413 2876 imperium
1444 2780 1538 2851 ad
1568 2780 1906 2853 honorem
1940 2790 2011 2851 et
2039 2778 2445 2851 fidelitatem
2479 2790 2786 2851 nostram
2820 2780 3076 2854 debeat
3113 2781 3412 2856 fideliter

590 2923 944 2975 exercere.
991 2904 1328 2990 Quocirca
1373 2904 1804 2976 universitati
1843 2914 2074 2976 vestre
2110 2903 2558 2999 precipiendo
2605 2905 3015 2977 mandamus
3065 2917 3409 3000 quatenus

589 3025 902 3120 predicto
942 3026 1307 3098 Thomasio
1342 3027 1415 3097 in
1454 3026 1584 3098 hiis
1617 3049 1755 3119 que
1793 3027 1886 3098 ad
1918 3027 2233 3118 ejusdem
2274 3027 2532 3122 publici
2583 3028 3066 3101 tabellionatus
3105 3031 3406 3104 officium

588 3158 903 3244 spectare
953 3159 1362 3239 noscuntur,
1391 3150 1763 3222 intendatis
1815 3150 1906 3222 de
1956 3160 2187 3223 cetero
2244 3160 2576 3245 tanquam
2628 3153 2908 3246 publico
2950 3154 3301 3228 tabellioni
3363 3179 3406 3230 a

589 3272 951 3363 majestate
987 3282 1224 3344 nostra
1261 3282 1519 3345 statuto
1549 3274 1642 3345 ad
1671 3274 2007 3347 honorem
2040 3284 2112 3347 et
2141 3273 2547 3347 fidelitatem
2580 3286 2913 3367 nostram,
2954 3288 3025 3349 et
3050 3281 3283 3352 nullus
3319 3282 3407 3353 sit

589 3394 711 3487 qui
753 3414 914 3465 eum
956 3416 1167 3489 super
1207 3396 1453 3467 eo'dem
1494 3396 1722 3469 officio
1768 3397 2028 3492 publici
2070 3398 2558 3470 tabellionatus
2608 3408 2869 3472 temere
2911 3401 3247 3496 impedire
3287 3407 3403 3477 vel

590 3517 996 3612 perturbare
1027 3527 1408 3610 presumat.
1450 3518 1656 3606 Quod
1701 3520 1820 3611 qui
1861 3522 2360 3616 presumpserit
2399 3520 2945 3613 indignationem
2981 3535 3288 3597 nostram
3326 3548 3401 3599 se

587 3640 861 3712 noverit
904 3640 1370 3713 incursurum.
1410 3642 1523 3714 Ad
1576 3640 1785 3734 hujus
1838 3652 2073 3714 autem
2119 3644 2220 3716 rei
2264 3644 2668 3715 memoriam
2710 3653 2781 3716 et
2823 3646 3139 3718 stabilem
3184 3645 3400 3719 firmi·

586 3772 822 3854 tatem,
846 3785 1130 3859 presens
1179 3764 1512 3860 scriptum
1552 3764 1704 3836 fieri
1749 3774 1819 3837 et
1868 3765 2244 3858 majestatis
2288 3778 2519 3839 nostre
2561 3767 2785 3859 sigillo
2827 3768 3157 3860 jussimus
3205 3790 3397 3840 com-

588 3887 867 3958 muniri.

679 4011 934 4082 Datum
959 4010 1128 4082 Pisis
1147 4062 1168 4102 ,
1199 4032 1383 4084 anno
1415 4012 1760 4085 dominice
1790 4012 2284 4087 incarnationis
2315 4013 2833 4103 MCCXXXXV,
2876 4034 3114 4086 mense
3141 4014 3387 4108 madii,

588 4133 794 4205 tercie
823 4134 1239 4207 indictionis.

1671 4356 1877 4366 -—-—--

691 4508 1142 4620 Fridericus,
1183 4513 1700 4596 Romanorum
1736 4513 2174 4621 immi-ator,
2214 4513 2390 4594 duci
2428 4513 2778 4596 Austriae
2814 4527 3067 4625 grates
3102 4521 3261 4630 agit
3294 4521 3391 4605 de
3533 4534 3718 4589 mm

582 4641 968 4750 proposito
1027 4643 1282 4727 curiae
1344 4647 1547 4753 apud
1609 4643 1985 4727 Villacum
2047 4644 2425 4727 ineundae
2496 4644 2639 4727 sibi
2699 4650 3187 4759 transmisso3
3256 4657 3389 4739 sed

743 4777 845 4839 v1.
2996 4796 3070 4848 85
