4364 5738
1058 578 1174 638 160
2049 578 2476 638 nmmum
2526 576 2875 638 ssscuxm
3491 577 3655 658 [An.
3695 577 3864 639 1244.

1054 724 1361 784 nostram
1407 714 1623 785 factas
1667 735 1843 806 quas
1895 714 1965 784 in
2010 725 2366 808 posterum
2417 712 2923 785 denuntiatoris
2996 712 3276 783 nomine
3336 733 3475 785 non
3543 713 3870 808 expresso

1053 836 1265 930 recipi
1311 836 1757 930 prohibemus
1779 894 1798 927 ‚
1850 857 1977 932 per
2017 837 2291 928 judices
2328 837 2673 909 antefatos
2717 834 2967 906 discuti
3010 836 3336 906 volumus
3376 845 3447 908 et
3487 836 3869 908 secundum

1053 959 1345 1030 sormam
1379 960 1446 1030 in
1477 959 2115 1032 denuntiationibus
2162 960 2328 1055 ipsis
2360 959 2665 1031 inferiori
2700 959 2918 1030 nostri
2962 959 3261 1031 nominis
3308 960 3460 1052 lege
3489 958 3864 1050 firmatam,

1053 1082 1571 1154 commissiones
1611 1083 1700 1154 de
1743 1084 1842 1155 eis
1892 1082 2080 1172 fieri,
2127 1103 2379 1153 causas
2426 1083 2734 1176 ipsorum
2770 1081 3014 1152 instrui
3057 1091 3127 1153 et
3172 1082 3266 1154 ad
3309 1079 3520 1154 finem
3560 1081 3871 1154 debitum

1054 1203 1304 1276 deduci
1335 1204 1690 1314 jubemus,

2143 1422 2336 1491 Nova
2377 1420 2779 1491 constitutio.

1151 1610 1575 1703 Precipimus
1605 1609 1833 1680 offerri
1867 1610 2196 1701 magistro
2223 1610 2597 1701 justitiario
2627 1631 2867 1682 omnes
2896 1610 3258 1703 petitiones
3296 1621 3433 1680 tam
3467 1610 3557 1681 de
3585 1610 3877 1704 imperio

1056 1757 1264 1829 quam
1299 1734 1388 1805 de
1432 1755 1680 1824 regn0‚
1723 1743 1861 1804 tam
1896 1734 1983 1804 de
2008 1734 2275 1826 justitia
2309 1755 2519 1826 quam
2558 1734 2646 1806 de
2695 1734 2940 1824 gratia.
2995 1734 3147 1828 lpse
3193 1745 3423 1805 autem
3462 1733 3716 1805 eodem
3762 1733 3869 1805 die

1056 1858 1340 1930 consilio
1403 1856 1639 1928 habito
1689 1879 1847 1929 cum
1898 1879 2039 1929 uno
2088 1858 2403 1950 judicum
2451 1858 2960 1951 predictorum,
3017 1857 3327 1930 secundo
3381 1857 3494 1930 die
3550 1870 3867 1928 naturam

1055 1982 1466 2077 petitionum
1511 1981 1821 2052 omnium
1858 1981 2286 2052 examinabit
2328 1990 2398 2052 et
2440 2003 2557 2052 eas
2605 2003 2742 2074 que
2787 1981 2879 2052 ad
2919 2003 3121 2053 suum
3172 1981 3473 2053 officium
3525 1981 3870 2077 pertinent

1053 2127 1182 2200 per
1209 2127 1283 2176 se
1326 2105 1686 2201 expediet,
1736 2127 1872 2198 que
1915 2115 2076 2177 sunt
2117 2105 2480 2196 sigillande
2519 2104 2743 2196 sigillo
2780 2106 3048 2198 justitie
3081 2103 3351 2201 imperii
3384 2116 3455 2176 et
3485 2105 3716 2197 sigillo
3757 2125 3864 2176 ca-

1053 2250 1277 2319 mere,
1326 2251 1444 2300 eas
1488 2229 1814 2301 videlicet
1856 2250 1993 2323 que
2034 2240 2199 2300 sunt
2234 2227 2323 2298 de
2372 2229 2633 2318 forma3
2688 2229 2860 2300 alias
2908 2241 3144 2300 autem
3194 2251 3331 2322 que
3376 2229 3866 2302 conscientiam

1049 2365 1356 2425 nostram
1401 2353 1797 2445 requirunt,
1846 2354 2150 2424 remittet
2201 2352 2292 2423 ad
2338 2350 2766 2424 libellensem
2811 2362 3124 2424 nostrum
3156 2353 3287 2424 sub
3319 2353 3543 2444 sigillo
3574 2374 3704 2424 suo
3749 2372 3869 2446 per

1050 2478 1379 2549 nuncium
1413 2500 1614 2547 suum
1643 2478 1757 2547 vel
1790 2498 1915 2571 per
1945 2477 2248 2569 aliquem
2280 2499 2373 2549 ex
2406 2477 2979 2571 supplicantibus,

2061 2789 2240 2859 Lm.
2274 2763 2281 2768 '
2313 2791 2376 2880 1,
2444 2788 2619 2859 TIT.
2692 2788 2839 2859 xL.

1197 2982 1277 3052 Ut
1309 2990 1459 3071 post
1502 2980 2065 3049 renunciationem
2103 2981 2295 3071 infra
2335 2979 2721 3049 decendium
2756 2980 3238 3071 pronuncietur
3276 2979 3351 3047 in
3390 2978 3713 3049 omnibus.

1145 3170 1289 3239 Hac
1318 3169 1471 3259 lege
1504 3169 1573 3238 in
1604 3177 2018 3263 perpetuum
2064 3169 2361 3241 valitura
2393 3191 2758 3243 censemus
2799 3179 2879 3241 ut
2911 3180 3050 3245 tam
3097 3169 3424 3263 magister
3454 3167 3865 3269 justitiarius

1049 3311 1260 3383 quam
1292 3291 1409 3362 alii
1440 3291 1800 3363 inferiores
1835 3291 2107 3382 judices
2138 3293 2317 3364 infra
2362 3293 2777 3365 decendium
2822 3302 3188 3387 postquam
3238 3292 3722 3364 renunciatum
3763 3288 3865 3394 est

1049 3413 1511 3509 pronuncient
1547 3435 1589 3483 a
1631 3415 2166 3486 renunciationis
2211 3429 2519 3511 tempore
2566 3417 3100 3488 numerandum.
3160 3418 3246 3489 Et
3294 3416 3352 3487 si
3399 3415 3553 3486 talis
3596 3414 3864 3509 questio

1051 3538 1406 3610 emerserit
1436 3537 1507 3608 in
1543 3558 1682 3631 qua
1722 3548 1960 3610 nostra
1991 3540 2409 3611 conscientia
2449 3541 2539 3613 sit
2582 3542 2973 3613 necessario
3015 3539 3471 3613 consultanda
3503 3539 3617 3610 vel
3658 3559 3864 3633 supe·

1047 3661 1309 3733 riorum
1343 3660 1656 3752 judicum
1697 3662 2062 3733 consilium
2107 3665 2655 3757 expectandum,
2693 3664 3019 3756 magister
3052 3663 3465 3756 justitiarius
3511 3661 3862 3757 predictus

1049 3809 1176 3883 per
1214 3809 1289 3859 se
1334 3787 1448 3857 vel
1490 3808 1618 3881 per
1660 3808 1877 3857 unum
1938 3809 2031 3859 ex
2081 3788 2434 3880 judicibus
2484 3789 3118 3884 circumspectionis
3166 3799 3398 3861 nostre
3455 3808 3863 3881 responsum

1049 3910 1395 4003 exquirat.
1434 3911 1511 3982 In
1550 3910 1682 3980 illis
1724 3919 1953 3981 tamen
1993 3913 2266 3983 casibus
2296 3914 2368 3983 in
2399 3913 2652 4004 quibus
2697 3913 2898 3984 nobis
2943 3912 3348 3984 inconsultis
3388 3912 3672 4007 procedi
3723 3930 3865 3980 non

1048 4045 1302 4131 potest,
1345 4036 1522 4106 utin
1557 4034 1667 4105 his
1703 4056 1840 4127 que
1874 4036 2065 4107 curia
2099 4046 2290 4108 tenet
2324 4039 2435 4108 vel
2466 4038 2523 4108 si
2556 4058 2781 4111 novus
2808 4059 3010 4109 casus
3043 4038 3425 4128 emerserit,
3462 4034 3654 4108 fideli
3685 4036 3864 4133 rela-

1052 4159 1236 4230 tione
1271 4161 1452 4230 facta
1489 4159 1922 4252 superiorum
1963 4180 2249 4231 suorum
2289 4181 2696 4255 responsum
2739 4162 3090 4255 exquirat.
3132 4162 3325 4233 Idem
3365 4160 3436 4230 in
3477 4159 3860 4255 inquisitio-

1049 4280 1254 4351 nibus
1304 4290 1375 4352 et
1420 4282 2000 4375 appellationibus
2043 4283 2472 4375 dignoscitur
2524 4283 3072 4374 observandum,
3130 4284 3454 4359 videlicet
3500 4293 3580 4353 ut
3631 4290 3863 4383 currat

1049 4402 1464 4475 decendium
1500 4404 1572 4474 in
1605 4404 2161 4497 inquisitionibus
2194 4418 2351 4503 post
2382 4409 2864 4504 responsiones
2894 4410 3146 4499 factas3
3180 4409 3252 4478 in
3282 4406 3864 4503 appellationibus

1048 4536 1206 4620 post
1233 4546 1469 4596 earum
1496 4528 1960 4621 receptionem
1988 4531 2047 4602 si
2077 4533 2282 4602 ambe
2305 4542 2537 4625 partes
2564 4554 2711 4629 non
2737 4534 2875 4605 sint
2904 4542 3284 4627 presentes,
3319 4531 3445 4603 sed
3470 4531 3861 4625 appellator

1051 4658 1353 4739 tantum;
1389 4649 1513 4721 ubi
1543 4660 1704 4720 sunt
1732 4666 2122 4745 presentes,
2152 4666 2311 4750 post
2337 4657 2930 4729 renunciationem
2956 4657 3208 4729 factam
3236 4665 3577 4751 utsupra.
