4364 5738
577 577 780 636 numm.
812 572 905 648 5.]
1475 564 1866 626 msronm
1917 565 2512 632 υιΡιοΜΑτιοΑ.
3281 571 3405 635 459

579 708 703 780 ubi
740 705 1065 780 dominus
1102 722 1231 773 rex
1268 699 1452 773 filius
1492 701 1645 793 ejus
1679 699 1751 770 in
1801 701 1976 773 festo
2007 701 2241 774 Sancti
2283 704 2520 776 lacobi
2559 701 2667 800 (4)
2711 705 3030 800 proximo
3071 707 3402 801 preterito

582 854 742 904 cum
770 827 1065 900 inimicis
1101 826 1378 897 incaute
1424 844 1835 916 congressus
1882 833 2020 915 est,
2070 846 2199 919 per
2236 826 2699 920 proditionem
2741 829 3040 902 duorum
3072 830 3403 901 comitum

585 958 968 1029 Suevorum
999 949 1129 1048 (a),
1161 949 1252 1022 de
1279 949 1702 1041 Vitenbergo
1729 947 2053 1021 videlicet
2078 961 2150 1021 et
2175 950 2267 1023 de
2299 950 2699 1044 Gruningen
2732 950 2864 1048 (b),
2896 953 3017 1046 qui
3045 954 3339 1048 receptis
3362 975 3406 1026 a

586 1097 858 1150 summo
890 1071 1216 1170 pontifice
1245 1072 1332 1143 vl
1363 1071 1669 1155 millibus
1703 1068 1792 1167 (c)
1822 1092 2210 1143 marcarum
2251 1074 2556 1167 argenti,
2597 1076 3057 1148 conventione
3090 1088 3409 1171 preterea

589 1204 770 1274 facta
807 1209 878 1272 et
916 1221 1043 1294 per
1079 1198 1342 1268 litteras
1387 1195 1799 1290 apostolicas
1843 1194 2249 1269 confirmata
2292 1198 2576 1270 cuilibet
2611 1220 2853 1274 eorum
2900 1200 2989 1271 de
3036 1200 3407 1272 medietate

591 1325 886 1398 ducatus
924 1319 1215 1409 Suavie,
1252 1318 1310 1391 si
1348 1340 1510 1410 rege
1551 1318 1624 1388 in
1660 1339 1906 1413 campo
1953 1318 2257 1392 deducto
2304 1331 2375 1392 et
2409 1321 2583 1395 hora
2621 1323 2787 1394 belli
2827 1323 3086 1397 ibidem
3127 1325 3409 1399 dimisso

593 1447 682 1520 de
715 1444 1029 1519 exercitu
1063 1443 1470 1515 recederent
1509 1440 1653 1512 sine
1690 1440 1875 1513 bello
1908 1443 2175 1535 repenti
2210 1444 2637 1538 proditione;
2680 1455 2752 1518 et
2791 1425 2970 1519 sicut
3004 1448 3412 1542 pepigerant

597 1570 667 1640 in
701 1570 927 1665 primo
957 1567 1123 1640 belli
1151 1573 1524 1660 congressu
1555 1564 1899 1660 depressis
1930 1566 2207 1638 vexillis
2243 1579 2314 1639 et
2332 1569 2589 1641 vadato
2615 1567 2929 1660 flumine,
2952 1592 3111 1642 cum
3139 1572 3413 1644 duobus

598 1692 905 1764 millibus
934 1691 1228 1762 militum
1262 1699 1335 1761 et
1366 1689 1878 1761 balistariorum
1912 1690 2272 1782 fugiende,
2308 1691 2397 1765 de
2429 1692 2739 1765 exercitu
2773 1704 3230 1766 recesserunt.
3260 1696 3414 1768 Rex

600 1817 748 1912 ipse
777 1814 847 1886 in
875 1836 1129 1906 magno
1165 1812 1560 1885 discrimine
1593 1812 1664 1883 in
1696 1814 1928 1886 medio
1956 1813 2393 1885 inimicorum
2423 1837 2704 1888 suorum
2735 1839 2895 1889 cum
2926 1819 3114 1890 mille
3148 1829 3414 1891 tantum

601 1939 951 2033 equitibus
998 1958 1403 2026 remanenS‚
1450 1947 2089 2031 quantumcumque
2132 1947 2272 2009 tam
2318 1937 2468 2032 ipse
2509 1961 2718 2033 quam
2758 1941 2865 2010 sui
2899 1941 3019 2033 qui
3065 1961 3416 2013 remanse-

603 2073 761 2134 rant
811 2085 972 2134 cum
1015 2083 1099 2133 eo
1145 2070 1539 2157 pugnarent
1582 2060 1900 2149 viriliter,
1941 2061 2247 2154 perdidit
2291 2071 2518 2133 tamen
2570 2061 2664 2134 ad
2707 2063 3027 2134 ultimum
3081 2063 3421 2137 ducentos

604 2187 693 2258 de
720 2185 861 2258 suis
893 2195 965 2256 et
1001 2184 1307 2280 seipsum
1350 2182 1644 2256 salvavit
1689 2184 1760 2254 in
1800 2183 2078 2290 civitate
2115 2182 2206 2255 de
2232 2184 2635 2259 Fra‘ncford.
2683 2186 2845 2257 Post
2884 2207 3143 2282 paucos
3185 2197 3421 2260 autem

608 2310 758 2382 dies
792 2309 1121 2404 predictis
1159 2308 1483 2380 omnibus
1529 2308 1649 2402 qui
1696 2307 1878 2402 capti
1924 2307 2200 2379 fuerant
2229 2308 2539 2380 liberatis
2578 2331 2705 2405 per
2744 2308 3263 2402 fidejussionem
3307 2313 3421 2386 vel

608 2432 885 2505 obsides
940 2444 1063 2505 aut
1113 2431 1525 2527 redemptiS,
1588 2430 1958 2525 resumptis
2011 2429 2378 2522 magnifice
2422 2432 2723 2522 viribus,
2774 2431 3207 2505 adversarios
3261 2454 3425 2506 suos

611 2556 870 2649 ubique
906 2565 1228 2651 potenter
1275 2554 1715 2651 persequitur
1752 2565 1825 2625 et
1869 2565 2257 2649 expugnat.
2297 2554 2501 2626 Enim
2541 2577 2711 2627 vero
2758 2554 2862 2652 (d)
2913 2554 3074 2626 ituri
3124 2566 3287 2627 sunt
3333 2554 3427 2627 ad

614 2701 771 2751 eum
817 2680 907 2753 de
943 2701 1157 2772 regno
1197 2678 1482 2750 Francie
1524 2689 1597 2749 et
1639 2677 2033 2769 Burgundie
2080 2675 2230 2776 [ex]
2274 2679 2588 2773 partibus
2627 2678 2797 2750 citra
2842 2679 3099 2751 Sonam
3144 2689 3290 2750 tum
3336 2677 3427 2750 de

615 2804 1146 2898 consanguineis
1182 2802 1361 2894 suis,
1399 2813 1544 2875 tum
1584 2801 1673 2873 de
1708 2802 1949 2874 amicis
1985 2803 2249 2875 domini
2286 2803 2538 2893 nostri,
2581 2802 2940 2897 quingenti
2976 2803 3230 2874 milites
3270 2822 3429 2874 cum

614 2929 868 3023 quibus
894 2929 1161 3000 vadunt
1191 2927 1342 2999 dux
1382 2927 1813 3020 Burgundie,
1858 2928 2009 3001 dux
2041 2927 2513 3020 Lotharingie,
2555 2949 2789 3000 comes
2824 2927 3318 3000 Cabillonensis
3360 2936 3433 2998 et

619 3073 853 3124 comes
882 3051 1240 3123 Barrensis
1266 3048 1392 3147 (e).
2516 3088 2520 3092 Δ

706 3253 790 3333 (a)
832 3254 902 3313 In
928 3256 1214 3328 impresso
1241 3251 1644 3328 Suessionum
1669 3253 1828 3330 quod
1856 3256 1938 3313 ltn
1965 3253 2199 3314 videtur
2220 3254 2655 3314 emendandum
2678 3270 2753 3313 ex
2780 3253 3182 3331 sequentibus.

708 3356 790 3437 (b)
836 3357 906 3417 In
934 3359 1221 3434 impresso
1257 3359 1470 3435 legitur
1494 3355 1564 3417 de
1594 3355 1890 3439 citabat-90
1921 3355 2178 3420 videlicet
2207 3366 2261 3420 ct
2289 3357 2358 3418 dc
2389 3355 2711 3438 Croheliqo,
2750 3374 2904 3435 quae
2928 3360 3170 3436 quidem
3197 3358 3440 3417 nomina

623 3469 689 3525 ln
707 3464 840 3524 cod.
862 3462 1165 3540 Hal-grave
1193 3461 1402 3521 mutila
1424 3479 1658 3540 quoqne
1679 3471 1840 3524 sunt.
1873 3465 2250 3525 correximus
2275 3479 2417 3524 vero
2438 3467 2613 3541 Juxta
2637 3466 2886 3542 sunm,
2917 3462 3105 3526 60:⁶11.
3138 3480 3249 3524 von
3284 3462 3446 3522 Ψέν-

628 3567 897 3651 temberq,
928 3575 976 3628 t.
1010 3569 1092 3642 11,
1122 3585 1183 3644 p.
1220 3576 1498 3629 195496.

715 3674 790 3755 (c)
844 3676 956 3736 VII
974 3671 1247 3749 millib-u,
1271 3676 1333 3734 ln
1362 3673 1505 3735 edit.
1533 3682 1710 3735 1684.

714 3783 801 3864 (d)
841 3786 913 3845 In
941 3786 1247 3860 impresso,
1270 3782 1374 3843 sed
1399 3782 1575 3858 male,
1606 3788 1663 3842 ct
1685 3798 1945 3845 numm·

714 3889 789 3969 (c)
831 3891 904 3950 In
930 3893 1236 3967 impresso,
1267 3888 1371 3949 sed
1399 3887 1575 3961 male,
1606 3905 1787 3949 comes
1810 3885 2198 3951 Gabalos-omia
2223 3897 2280 3952 et
2303 3907 2483 3952 comcs
2504 3889 2841 3966 Barrcmic;
2868 3891 2932 3949 in
2949 3887 3096 3949 Mss.
3120 3886 3443 3965 Hargrav„

631 3997 891 4057 Bur-mn.

647 4170 797 4182 ,ο--α-

710 4286 782 4358 (t)
817 4285 1037 4343 Rectius
1061 4299 1191 4343 vero
1216 4285 1406 4359 quinto
1423 4282 1511 4340 die
1529 4285 1771 4342 intrante
1792 4286 2041 4358 anqusti,
2061 4284 2107 4342 si
2125 4283 2260 4342 fldes
2282 4283 2470 4341 litteris
2493 4283 2707 4340 Henrici
2724 4282 2988 4357 Rasponis
3006 4282 3256 4359 superius
3282 4282 3455 4343 allatis

641 4381 988 4453 adhibeatur,
1015 4387 1073 4439 et
1099 4380 1261 4438 etiam
1286 4380 1552 4438 chronicis
1577 4381 1810 4439 coaevis.
1838 4380 1922 4438 Cf.
1950 4395 2113 4453 supra
2132 4422 2148 4450 ,
2178 4394 2238 4453 p.
2270 4381 2373 4438 ⁴52
2400 4385 2456 4437 et
2478 4385 2587 4437 not.
2619 4382 2672 4436 3.
