4364 5738
1009 497 1133 561 494
2005 502 2432 566 mezmct
2483 505 2832 567 SECUNDI
3443 505 3609 587 [An.
3643 507 3820 570 1247.

1009 633 1283 706 noverit
1312 633 1749 705 incursurum
1781 657 1798 702 z
1833 635 1923 707 de
1954 658 2093 729 qua
2119 619 2563 712 medietatem
2588 660 2862 711 camere
2902 639 3238 735 imperiali
3269 651 3343 714 et
3373 641 3578 714 aliam
3607 643 3827 738 passis

1009 758 1331 851 injuriam
1380 757 1818 830 decernimus
1863 762 2391 834 exsolvendam.
2434 764 2520 836 Et
2564 763 3017 836 convenimus
3059 775 3132 837 et
3181 765 3619 860 promisimus
3660 766 3827 863 ipsis

1010 881 1201 974 quod
1236 880 1549 976 predicta
1579 881 1813 953 omnia
1847 905 1973 978 per
2002 885 2516 958 serenissimum
2548 887 2865 959 Cesarem
2900 889 3297 960 conservari
3329 899 3401 962 et
3431 889 3825 962 confirmari

1010 1005 1500 1084 inviolabiliter
1549 1004 1903 1098 faciemuS,
1942 1018 2014 1080 et
2057 1010 2316 1083 exinde
2363 1034 2584 1083 unum
2622 1013 2738 1084 vel
2790 1013 2989 1107 plura
3032 1013 3393 1109 privilegia
3443 1013 3821 1109 imperialia

1008 1129 1160 1203 fieri
1188 1131 1564 1223 majestatis
1587 1130 1874 1203 Cesaree
1901 1131 2106 1225 sigilli
2133 1135 2516 1207 munimine
2544 1135 3022 1208 roborata.Ad
3049 1138 3249 1229 quus
3275 1137 3376 1208 rei
3399 1137 3822 1210 evidentiam

1008 1263 1080 1326 et
1130 1255 1342 1326 robur
1388 1254 1460 1324 in
1507 1263 1861 1357 posterum
1903 1258 2229 1328 volumus
2276 1280 2560 1353 presens
2603 1259 2938 1355 scriptum
2983 1259 3240 1333 exinde
3285 1259 3436 1332 fieri
3476 1271 3549 1333 et
3586 1272 3821 1336 nostro

1007 1379 1232 1472 sigillo
1251 1378 1586 1471 jussimus
1618 1380 2056 1451 communiri.

1105 1505 1358 1573 Datum
1380 1501 1688 1592 Taurini,
1705 1524 1891 1576 anno
1914 1504 2259 1577 dominice
2282 1506 2773 1579 incarnationis
2798 1505 3271 1580 ducentesimo
3291 1508 3817 1602 quadragesimo

1008 1637 1209 1700 sexto
1234 1624 1296 1722 (l
1315 1626 1366 1718 )‚
1398 1625 1586 1698 XIIII
1624 1625 1977 1717 februarii,
2010 1628 2071 1700 V
2102 1629 2506 1702 indictione.

626 2171 917 2281 gffl‚
1113 2168 1372 2251 Frater
1409 2168 1875 2277 Stephanae,
1927 2168 2347 2251 massarius
2382 2169 2637 2268 ‚curiae
2673 2169 3086 2279 imperialis
3121 2170 3202 2251 in
3242 2179 3440 2252 terra
3470 2165 3812 2270 Barensi,

619 2305 733 2402 a?
760 2338 918 2404 mg„
1002 2302 1261 2412 vigore
1320 2302 1650 2385 duorum
1711 2301 2224 2411 imperialium
2276 2303 2814 2384 mandatorum
2873 2327 3202 2411 quorum
3267 2311 3484 2383 tenor
3539 2297 3819 2381 inscri-

1003 2435 1210 2519 bitur
1263 2462 1556 2518 necnon
1625 2436 2038 2518 sententIae
2088 2433 2434 2517 Riccardi
2493 2436 2589 2517 de
2644 2435 3118 2543 Montenigro
3173 2432 3521 2543 magistri
3570 2430 3815 2541 justi-

1003 2568 1209 2652 ciarii
1251 2594 1578 2678 magnae
1621 2567 1875 2649 curiae
1912 2567 2363 2676 imperialis,
2408 2566 2729 2649 restituit
2769 2566 2987 2648 fratri
3038 2567 3307 2650 Mauro
3347 2564 3817 2675 procuratori

1001 2702 1438 2786 monasterii
1506 2702 1779 2785 Montis
1844 2701 2179 2812 Virginis
2243 2700 2610 2810 palatium
2665 2701 3057 2810 quoddam
3117 2727 3297 2782 cum
3352 2696 3689 2781 casalino
3747 2696 3813 2780 ei

1000 2834 1407 2944 conjuncto
1479 2836 1556 2917 in
1615 2835 1913 2919 civitate
1965 2835 2317 2943 Berensi,
2369 2861 2523 2919 non
2581 2834 2928 2918 obstante
2986 2836 3197 2944 quod
3248 2831 3658 2917 Riccardus
3720 2831 3814 2913 de

999 2968 1549 3052 Montefusculo
1626 2971 2016 3079 quondam
2096 2970 2441 3077 proditor
2528 2967 2632 3051 ibi
2714 2968 3073 3077 parietem
3153 2967 3674 3050 aedificaverat
3741 2975 3814 3047 et

1002 3110 1504 3207 coaptaverat.

1165 3313 1408 3391 (Inedit.
1439 3330 1535 3391 ap.
1563 3311 1793 3374 Archiv.
1826 3320 2070 3376 monast.
2096 3315 2317 3376 Montis
2349 3314 2633 3398 Virqt'nis,
2666 3322 2713 3376 t.
2748 3315 2974 3389 XXIII,
3004 3324 3070 3375 n⁰
3104 3323 3242 3390 12¹,
3270 3332 3348 3375 ex
3377 3314 3560 3375 chart.
3598 3316 3805 3392 origin.

1239 3436 1474 3481 corrosa
1499 3423 1562 3480 ln
1589 3419 1767 3480 latere
1794 3420 2002 3481 dextro
2028 3430 2088 3483 et
2117 3422 2309 3483 lacera
2336 3425 2396 3483 ln
2423 3420 2712 3501 sinistro.)

1099 3610 1300 3681 Anno
1341 3608 1834 3681 incarnationis
1873 3607 2115 3681 Christi
2159 3610 2522 3683 millesimo
2563 3609 3037 3681 ducentesimo
3076 3607 3607 3703 quadragesimo
3651 3629 3808 3704 sep·

1003 3733 1202 3823 tim0‚
1240 3734 1510 3830 imperii
1559 3732 1819 3805 domini
1866 3733 2084 3805 nostri
2134 3732 2480 3805 Frederici
2529 3733 2958 3835 invictissimi
3003 3733 3467 3805 Romanorum
3511 3732 3804 3828 impera·

1001 3859 1167 3930 toris
1216 3880 1493 3954 semper
1535 3857 1848 3950 augusti,
1892 3878 2077 3929 anno
2127 3857 2454 3929 vicesimo
2501 3856 2796 3951 septimo
2843 3867 2913 3928 et
2966 3856 3161 3947 regni
3211 3855 3583 3928 Ierusalem
3626 3876 3805 3927 anno

999 3982 1327 4054 vicesimo
1354 3980 1698 4072 secundo,
1734 3980 1928 4073 regni
1965 4002 2133 4052 vero
2163 3980 2391 4051 Sicilie
2422 4001 2609 4052 anno
2640 3979 3212 4072 quinquagesimo
3218 4030 3797 4051 ........

1004 4155 1748 4176 ..........
1804 4103 1917 4176 die
1952 4103 2251 4194 decima,
2294 4102 2668 4175 indictione
2703 4103 2970 4196 quinta.
3004 4104 3151 4194 Ego
3179 4104 3392 4174 frater
3419 4102 3803 4198 Stephanus

998 4227 1382 4299 monachus
1430 4226 1826 4299 monasterii
1871 4228 2225 4317 Sculcule,
2282 4227 2650 4299 massarius
2698 4227 2885 4297 curie
2931 4226 3303 4322 imperialis
3348 4226 3417 4296 in
3459 4234 3639 4297 terra
3676 4225 3802 4295 Ba·

998 4349 1220 4439 rensi,
1258 4350 1330 4419 in
1368 4350 1714 4443 presentia
1750 4349 2013 4422 domini
2057 4350 2241 4421 Petri
2289 4349 2687 4446 Appollonii
2729 4350 3103 4445 imperialis
3148 4349 3467 4422 Barensis
3509 4347 3796 4440 judiciS,

1072 4607 1141 4684 (⁴)
1177 4606 1334 4665 Anno
1362 4603 1431 4662 ab
1458 4605 1821 4663 incarnatione
1850 4606 2021 4663 utitur
2045 4605 2289 4664 notarius
2318 4606 2604 4681 inpriente
2631 4605 2786 4663 XXV
2810 4605 2897 4663 die
2926 4604 3115 4663 martii.
