4364 5738
1077 548 1199 613 w
2064 552 2494 615 famame!
2536 553 2890 617 suenum
3504 552 3669 630 [Anu.
3705 554 3870 617 1245.

1078 695 1240 756 sunt
1266 684 1398 755 illis
1426 683 1870 756 humanitatis
1901 686 2143 757 solatia
2168 687 2636 781 impendenda
2655 709 2795 782 quo
2818 685 3179 778 urgentius
3208 686 3763 759 miserationibus
3787 689 3876 758 in·

1079 808 1319 899 digent
1342 808 1609 897 alienis,
1638 818 1718 879 ut
1747 808 2308 881 misericordibus
2329 811 2609 882 uberior
2635 810 2798 881 inde
2831 817 3097 880 crescat
3112 811 3430 880 cumulus
3452 810 3870 901 meritorum,

1078 940 1149 1002 et
1181 933 1484 1003 maxime
1517 933 1678 1024 quia
1709 932 2064 1027 predictus
2096 933 2483 1006 Fridericus
2517 934 2606 1006 ad
2640 933 2710 1005 id
2744 933 2922 1004 sicut
2951 931 3303 1003 christiani
3340 933 3550 1005 ceteri
3580 933 3874 1007 dictante

1077 1055 1210 1127 hoc
1242 1067 1489 1127 natura
1521 1057 1840 1146 cuilibet,
1879 1057 2272 1147 tenebatur,
2307 1068 2592 1153 propter
2631 1057 2823 1152 qnod
2855 1079 2995 1129 non
3028 1066 3177 1128 erat
3213 1057 3304 1127 ad
3338 1056 3509 1129 illud
3538 1057 3872 1155 stipendio

1074 1178 1607 1269 conducendus;
1643 1189 1710 1250 te
1738 1178 2142 1271 hujusmodi
2170 1181 2570 1273 juramento
2601 1188 2669 1252 et
2689 1177 3017 1271 homagio
3049 1179 3138 1253 de
3169 1180 3461 1250 fratrum
3490 1189 3871 1255 nostrorum

1074 1304 1361 1374 consilio
1407 1302 1899 1375 denuntiamus
1942 1304 2350 1374 auctoritate
2396 1303 2820 1397 presentium
2861 1324 3010 1374 non
3071 1302 3327 1394 teneri,
3366 1302 3460 1374 ita
3510 1302 3700 1395 quod
3747 1301 3871 1375 hac

1071 1425 1430 1497 occasione
1458 1424 1627 1494 nihil
1654 1425 1727 1495 in
1760 1435 1829 1497 te
1852 1427 1965 1496 vel
1993 1435 2149 1497 tuos
2178 1447 2609 1498 successores
2638 1436 2760 1498 aut
2786 1448 3077 1519 regnum
3101 1427 3319 1521 possit
3349 1427 3439 1497 ab
3470 1427 3706 1520 aliquo
3734 1428 3869 1498 ullo

1071 1569 1381 1641 unquam
1413 1557 1721 1641 tempore
1751 1547 2130 1619 vendicari.

1167 1672 1415 1742 Datum
1444 1669 1787 1762 Lugduni,
1819 1671 1942 1743 XII
1968 1670 2301 1744 kalendas
2334 1671 2771 1766 septembriS,
2801 1692 2988 1745 anno
3014 1672 3133 1745 111.

1556 1968 2541 1980 ffl-——m-
2553 1971 2590 1979 --
2599 1970 2868 1980 -ae-—au——om-
2877 1970 3380 1980 —--—-——-—-——-----

662 2240 1010 2347 ,ἕξζξζιςςξῆι
1172 2225 1563 2334 Philippus
1607 2225 2104 2308 Feri-ariensis
2136 2225 2460 2331 electus,
2502 2225 2976 2334 Apostolicae
3005 2224 3227 2308 Sedis
3260 2226 3590 2337 legatus,
3629 2228 3866 2315 Uli-ino

1066 2359 1353 2442 decano
1388 2359 1468 2441 in
1516 2357 1859 2441 Chambe
1904 2357 2169 2441 scribit
2202 2357 2666 2443 Fridericum
2711 2358 3247 2465 imperatorem
3293 2357 3392 2441 ab
3439 2359 3866 2445 Innocentio

1064 2517 1263 2599 papa
1313 2491 1394 2570 in
1443 2490 1761 2572 concilio
1811 2490 2243 2597 depositum
2279 2500 2364 2572 et
2413 2516 2599 2572 cum
2659 2490 2818 2574 auis
2873 2489 3297 2573 fautor-ihm
3341 2492 3864 2576 excommuni-

1065 2634 1319 2705 catum
1356 2621 1619 2729 fuisse,
1660 2621 2173 2729 praecipitque
2208 2634 2300 2702 ut
2327 2621 2607 2703 ducem
2641 2621 3004 2704 Bavariac
3029 2630 3111 2703 ct
3141 2619 3310 2728 ejus
3345 2646 3662 2704 uxorem
3691 2621 3863 2705 fan-

1061 2765 1264 2839 tores
1324 2754 1800 2865 imperatoris
1849 2752 2150 2862 publice
2198 2752 2797 2834 excommunicet
2818 2812 2842 2858 ,
2893 2761 2973 2833 et
3026 2751 3422 2859 prohibeat
3462 2753 3659 2861 quin
3712 2754 3862 2861 ipae

1062 2889 1220 2970 dux
1255 2888 1493 2969 filiam
1532 2912 1750 2970 suam
1788 2912 1967 2970 cum
2002 2886 2162 2968 lilio
2199 2885 2383 2967 dicti
2418 2884 2895 2993 imperatoris
2928 2883 3369 2994 conjungat.

1219 3100 1560 3176 ‚manunt
1588 3116 1692 3180 ap.
1720 3100 2060 3176 Parnm,
2097 3099 2456 3162 mum.
2483 3097 2776 3174 Reum,
2797 3104 2851 3159 t.
2880 3096 2958 3172 V,
2979 3114 3047 3178 ρ.
3073 3096 3239 3176 168.)

1152 3286 1413 3357 Datum
1434 3283 1821 3380 Herbipoli‚
1857 3284 2078 3378 primo
2115 3283 2555 3379 septembriS,
2589 3302 2774 3353 anno
2797 3281 3078 3353 Domini
3099 3282 3203 3355 M.
3231 3280 3358 3354 CC.
3380 3281 3593 3354 XLIII
3613 3279 3857 3377 (leyen-

1062 3411 1221 3483 dum
1240 3407 1342 3480 M.
1374 3407 1496 3480 CC.
1524 3404 1763 3502 XLV.)

696 3965 961 4062 xsgpgma
1164 3962 1647 4046 Innocentius
1681 3985 1879 4068 papa
1916 3957 2173 4040 scribit
2209 3955 2610 4039 abbatibus
2651 3954 3160 4038 Cisterciensis
3195 3952 3483 4037 ordinis
3518 3953 3599 4033 in
3634 3952 3846 4060 capi-

1056 4094 1220 4178 tulo
1282 4092 1618 4205 generali
1690 4089 2166 4201 congregatis
2234 4089 2442 4200 quod
2510 4112 2687 4170 cum
2742 4113 2971 4170 causa
3037 4083 3394 4168 Friderici
3465 4083 3847 4196 quondam

1057 4226 1533 4333 imperatoris
1601 4223 1829 4306 fuerit
1882 4221 2225 4331 diligenti
2286 4220 2839 4303 examinatione
2895 4219 3242 4301 discussa
3295 4226 3383 4303 et
3431 4215 3850 4301 secundum

1050 4356 1247 4465 juris
1282 4356 1628 4438 ordinem
1658 4361 2107 4458 contestata,
2144 4351 2309 4459 ipse
2346 4349 2563 4431 aliter
2586 4347 2998 4462 procedere
3022 4371 3266 4455 qnam
3307 4344 3670 4456 processit
3702 4367 3848 4426 non

1048 4488 1339 4599 potuit,
1398 4512 1609 4568 nunc
1659 4510 1834 4568 cum
1891 4482 2048 4566 suis
2102 4482 2465 4568 fratribus
2514 4505 2658 4592 pro
2712 4505 2944 4567 causa
3003 4477 3390 4566 Ecclesiae
3453 4501 3700 4587 usque
3757 4473 3848 4555 ad

1055 4631 1380 4704 mortem
1416 4616 1774 4699 dimicare
1806 4624 2144 4724 paratus,
