4364 5738
1006 583 1132 645 m
2005 582 2436 644 sumnum
2483 581 2833 644 suenum
2954 589 2967 604 ‘
3448 581 3617 660 [Ant.
3649 581 3827 644 lm

1007 718 1312 814 praediis
1343 719 1499 810 ejus
1525 739 1802 791 necnon
1834 728 1907 790 et
1936 718 2158 813 ipsam
2193 717 2545 792 civitatem
2570 715 3085 809 Aquisgmnum
3119 737 3259 809 que
3285 725 3498 811 caput
3525 725 3601 788 et
3627 716 3835 789 sedes

1009 841 1209 935 regni
1231 841 1635 913 Theutonici
1669 851 1801 933 est,
1833 862 1975 914 una
2010 863 2170 914 cum
2203 840 2527 912 omnibus
2555 839 2829 911 civibus
2847 839 3000 931 ejus
3032 849 3172 911 tam
3204 838 3591 911 minoribns
3616 860 3833 933 quam

1008 966 1416 1057 majoribus,
1453 966 1585 1039 sub
1615 975 1851 1038 nostra
1879 965 2220 1060 imperiali
2258 963 2552 1036 tuitione
2580 961 2997 1057 moipimus
3026 973 3101 1035 et
3127 983 3408 1035 omnem
3439 963 3835 1038 libertatem

1010 1100 1084 1161 et
1115 1089 1454 1181 justitiam
1495 1111 1671 1182 quas
1702 1090 2179 1161 sanctissimus
2214 1088 2499 1160 Carolus
2538 1086 2833 1179 ejusque
2870 1108 3305 1160 successores
3343 1087 3446 1159 eis
3485 1086 3837 1160 dederunt

1008 1213 1176 1308 ipsis
1209 1211 1738 1303 confirmamus3
1786 1221 2173 1285 statuentes
2215 1220 2288 1283 et
2327 1212 2480 1302 lege
2526 1220 2873 1305 perpetuo
2902 1211 3202 1284 valitura
3235 1209 3729 1284 confirmantes
3753 1221 3841 1286 ut

1008 1358 1252 1410 omnes
1277 1337 1468 1408 cives
1500 1338 1716 1408 nostri
1747 1337 2109 1431 Aquenses
2141 1358 2272 1430 per
2295 1356 2504 1412 omne
2523 1335 2913 1408 Romanum
2936 1335 3305 1430 imperium
3329 1335 3842 1428 negotiationes

1008 1482 1172 1532 suas
1200 1460 1292 1530 ab
1321 1460 1511 1532 omni
1540 1461 1804 1550 telonii,
1834 1459 2140 1554 pedagii,
2175 1458 2529 1550 carradie‚
2562 1459 2922 1552 vectigalis
2943 1459 3311 1532 exactione
3335 1459 3536 1532 liberi
3564 1459 3837 1552 absque

1010 1583 1200 1658 omui
1233 1583 1730 1677 impedimento
1766 1583 1983 1655 libere
2020 1593 2425 1656 exerceant.
2460 1583 2550 1655 Et
2583 1582 2763 1654 siout
2791 1583 3267 1655 sanctissimus
3293 1584 3579 1656 Carolus
3606 1582 3833 1676 impe-

1009 1716 1200 1778 rator
1232 1707 1559 1798 instituit,
1601 1706 1965 1800 indigenas
2013 1707 2223 1799 hujus
2268 1706 2566 1778 civitatis
2616 1727 2817 1779 saone
2854 1717 2924 1778 et
2971 1707 3186 1782 libere
3227 1726 3434 1780 nemo
3469 1706 3563 1779 de
3596 1706 3832 1780 servili

1008 1829 1405 1902 conditione
1437 1831 1752 1927 impetat,
1793 1853 2003 1903 nemo
2036 1831 2357 1906 libertate
2398 1829 2674 1925 privare
2716 1839 3097 1925 presumat.
3141 1831 3431 1925 Insuper
3463 1851 3707 1903 omnes
3737 1830 3833 1903 ad

1007 1954 1194 2028 hanc
1247 1953 1488 2025 sedem
1550 1956 1980 2049 pertinentes
2044 1957 2281 2032 nullus
2336 1976 2580 2049 regum
2656 1955 2773 2027 vel
2843 1954 3341 2051 imperatorum
3408 1953 3838 2047 ubicumque

1007 2088 1371 2150 morentur
1397 2078 1605 2151 alicui
1642 2101 1941 2175 persone
1971 2080 2044 2151 in
2075 2079 2363 2156 feudum
2398 2078 2827 2152 concedendi
2869 2088 3283 2173 potestatem
3313 2077 3593 2152 habeat.
3631 2078 3831 2151 Cete-

1007 2225 1164 2274 rum
1206 2213 1287 2275 ut
1329 2224 1573 2275 omnes
1618 2205 2073 2278 sacratissime
2106 2204 2635 2284 constitutiones
2673 2203 3054 2275 beatissimi
3084 2197 3305 2280 Caroli
3339 2203 3548 2276 totius
3579 2224 3830 2298 peren-

1006 2327 1246 2399 nitatis
1272 2329 1490 2399 robur
1518 2328 1909 2419 obtineant,
1939 2339 2335 2422 presentem
2366 2328 2532 2400 inde
2563 2327 2893 2422 paginam
2922 2327 3265 2404 conscribi
3300 2337 3372 2399 et
3400 2348 3611 2399 aurea
3642 2327 3836 2404 huna

1007 2451 1327 2543 signique
1360 2451 1581 2523 nostri
1608 2451 2012 2528 charactere
2040 2452 2298 2545 signari
2321 2452 2681 2542 jussimus.

1103 2575 1361 2644 Datum
1405 2572 1860 2668 Aquisgrani‚
1902 2596 2089 2646 anno
2131 2575 2477 2648 dominice
2528 2575 3025 2647 incarnationis
3072 2576 3170 2649 M.
3201 2575 3275 2646 C.
3310 2575 3553 2665 LXVI,
3605 2574 3829 2649 indic-

1009 2696 1197 2776 tione
1241 2697 1420 2785 XIV,
1472 2707 1675 2770 sexto
1722 2698 1881 2770 idus
1913 2699 2250 2791 januarii,
2287 2709 2624 2791 regnante
2654 2697 2944 2771 domino
2979 2699 3327 2774 Priderico
3364 2699 3831 2771 Romanorum

1007 2821 1429 2918 imperatore
1458 2823 1980 2915 gloriosissimo,
2017 2844 2205 2901 anno
2239 2824 2435 2916 regni
2476 2824 2631 2916 ejus
2666 2823 2857 2912 XIV,
2900 2822 3171 2919 imperii
3216 2843 3385 2894 vero
3430 2821 3826 2895 undecimo.

1107 2945 1394 3039 Signum
1428 2947 1690 3019 domini
1718 2948 2050 3027 Friderici
2078 2950 2551 3021 Romanorum
2579 2947 3013 3043 imperatoris
3039 2946 3538 3039 gloriosissimi.

1106 3070 1258 3161 Ego
1302 3071 1649 3147 Benricus
1686 3072 1865 3143 sacri
1913 3072 2153 3167 palatii
2203 3071 2806 3169 prothonotarius,
2859 3071 3016 3147 viee
3060 3071 3425 3142 Christiani
3470 3069 3835 3151 archican-

1011 3192 1272 3262 cellarii
1301 3201 1373 3263 et
1401 3194 1807 3285 Moguntine
1835 3196 2023 3277 sedis
2055 3196 2295 3287 electi,
2333 3195 2734 3287 recognovi.

1107 3315 1249 3387 Nos
1278 3317 1490 3429 igitur
1516 3317 1634 3409 qui
1663 3316 1876 3390 fidem
1909 3333 1981 3391 et
2015 3321 2351 3414 obsequia
2388 3331 2783 3394 nostrorum
2816 3317 3128 3401 fidelium
3157 3339 3303 3391 non
3331 3318 3638 3414 patimur
3662 3319 3838 3391 irre-

1010 3449 1375 3517 munerata
1431 3441 1757 3532 namra,
1814 3443 2263 3517 attendentes
2311 3442 2522 3519 fldem
2573 3465 2823 3539 puram
2869 3452 2943 3515 et
2988 3443 3433 3521 devotionem
3490 3442 3832 3514 sinceram

1008 3582 1220 3656 quam
1251 3563 1562 3658 predicta
1592 3564 2014 3636 universitas
2037 3565 2282 3639 fideles
2312 3568 2532 3645 nostri
2556 3566 2652 3639 ad
2683 3567 3066 3659 majestatis
3094 3577 3331 3639 nostre
3361 3587 3731 3661 personam
3762 3576 3834 3638 et

1011 3705 1284 3757 snorum
1312 3687 1678 3781 imperium
1696 3686 1981 3778 habent,
2015 3711 2146 3784 pro
2167 3692 2382 3782 gratis
2403 3712 2693 3785 quoque
2714 3690 3016 3762 servitiis
3042 3714 3181 3785 que
3206 3691 3410 3763 nobis
3443 3700 3516 3763 et
3539 3690 3837 3785 imperio

1009 3808 1483 3891 exhibuerunt
1529 3811 1869 3891 haetenus
1910 3811 2211 3887 fideliter
2257 3823 2329 3885 et
2380 3814 2637 3887 devote
2679 3823 2752 3887 et
2794 3836 2935 3908 que
2984 3814 3325 3887 exhibere
3374 3823 3707 3909 potemnt
3759 3814 3831 3893 in

1008 3942 1215 4005 antea
1258 3934 1559 4027 gratiora
1575 3989 1595 4024 ‚
1653 3936 1962 4031 ipsorum
2012 3937 2638 4032 supplicationibus
2678 3938 3152 4018 favorabiliter
3188 3938 3532 4027 inclinati,
3582 3958 3832 4033 supra-

1007 4057 1340 4152 scriptum
1366 4060 1807 4154 privilegium
1835 4060 1980 4132 divi
2005 4061 2284 4152 augusti
2307 4062 2426 4137 avi
2452 4062 2673 4134 nostri
2690 4062 2985 4157 predicti
3006 4062 3175 4142 buin
3202 4073 3447 4136 nostro
3468 4062 3835 4158 privilegio

1011 4179 1110 4250 de
1137 4182 1355 4252 verbo
1389 4183 1484 4254 ad
1522 4183 1818 4255 verbum
1860 4184 2072 4255 inseri
2106 4184 2476 4276 jussimus,
2521 4186 2759 4257 omnia
2805 4207 2945 4278 que
2993 4188 3443 4259 eontinentur
3482 4186 3555 4256 in
3608 4206 3698 4259 eo
3741 4185 3835 4259 de

1010 4301 1392 4395 imperialis
1410 4307 1913 4399 preminentia
1936 4308 2162 4400 gratia
2190 4306 2705 4391 contii-uiantes.
2735 4310 3117 4382 statuimus
3135 4311 3375 4403 itaque
3393 4320 3465 4381 et
3489 4309 3831 4404 inperiali

1012 4425 1365 4509 sancimus
1398 4428 1632 4501 edicto
1672 4441 2022 4523 quatenus
2062 4434 2301 4505 nullus
2336 4433 2527 4525 (lux,
2577 4434 2817 4505 nunu
2865 4433 3209 4526 marchio,
3266 4435 3506 4511 nullus
3546 4454 3825 4523 eomes,

1011 4546 1206 4618 nulla
1228 4546 1536 4642 deniqne
1557 4573 1854 4645 persona
1881 4555 2023 4625 alta
2043 4555 2160 4635 vel
2190 4554 2497 4647 humili»,
2516 4556 2981 4629 ecclesiastiea
3000 4557 3117 4633 ve}
3139 4557 3522 4649 mundana,
3541 4557 3827 4633 univer·

1010 4669 1286 4744 nitatem
1302 4673 1688 4768 predictam
1704 4685 1943 4747 contra
1961 4678 2309 4771 presentis
2325 4679 2667 4775 privilegii
2683 4680 2903 4753 nostri
2928 4690 3245 4754 tenorem
3261 4702 3441 4759 ausu
3459 4679 3831 4754 temen-aiio
