4364 5738
538 553 740 613 huc-r.
770 550 865 627 4.]
1425 543 1821 609 HISTORIA
1867 542 2468 607 nlpnouwrlca,
3245 548 3365 611 437

540 687 613 758 in
651 684 900 758 eodem
938 683 1164 754 casale
1201 692 1273 754 et
1303 682 1374 752 in
1411 681 1567 753 loco
1595 681 1907 777 predicto
1933 682 2176 775 juncte
2210 674 2312 775 (a)
2346 688 2529 750 terre
2558 676 2892 751 Gnalterii
2929 678 3019 753 de
3053 681 3365 756 Duranto

541 808 873 905 predicti;
921 806 1087 878 item
1120 806 1292 878 alias
1336 815 1554 876 terras
1585 804 2038 876 laboratorias
2079 823 2238 874 cum
2267 801 2664 895 quercubus
2697 801 2771 873 in
2815 803 2968 875 loco
3005 805 3125 876 ubi
3161 825 3366 894 mons

540 931 821 1004 Guarna
852 929 1132 1019 dicitur,
1175 938 1245 999 et
1280 928 1486 1018 longe
1524 928 1688 999 item
1728 925 1825 1024 (b)
1866 937 2048 999 terre
2077 923 2481 998 monasterii
2520 925 2754 997 Sancti
2791 925 2974 997 Petri
3017 928 3106 999 de
3139 931 3365 1004 Ebulo

541 1066 616 1127 et
651 1064 832 1125 terre
872 1051 1338 1123 Bartholomei
1377 1050 1466 1122 de
1503 1051 1815 1146 Paysana
1854 1061 1925 1122 et
1954 1050 2087 1122 viis
2127 1048 2455 1145 puplicis,
2502 1029 2677 1142 quas
2719 1050 2998 1121 tenebat
3032 1052 3366 1126 Ricardus

544 1177 633 1250 de
663 1177 1020 1248 Fasanella
1061 1196 1103 1246 3
1154 1173 1340 1245 dicto
1377 1174 1795 1246 monasterio
1828 1173 2153 1263 Cavensi;
2199 1171 2366 1243 item
2409 1183 2638 1244 ortum
2683 1193 2904 1245 unum
2940 1173 3013 1244 in
3052 1175 3204 1249 loco
3243 1177 3366 1249 ubi

542 1299 819 1372 Landus
861 1298 1138 1387 dicitur,
1178 1298 1498 1389 junctum
1530 1307 1685 1371 orto
1717 1297 1977 1388 judicis
2019 1295 2355 1369 Iohannis
2392 1295 2484 1367 de
2527 1296 2780 1368 Sancto
2824 1298 3056 1369 Marco
3100 1309 3174 1371 et
3210 1312 3365 1373 orto

544 1422 835 1496 ecclesie
871 1424 1121 1493 Sancte
1159 1419 1374 1494 Marie
1416 1420 1610 1492 Nove
1640 1430 1712 1492 et
1745 1420 1876 1492 viis
1903 1420 2235 1515 puplicis,
2271 1438 2481 1512 quem
2510 1419 2793 1490 tenebat
2821 1419 3049 1492 dictus
3076 1422 3362 1496 Guiliel-

416 1553 421 1556 “
543 1570 700 1619 111113
741 1546 830 1618 (10
866 1545 1090 1616 Ε111110
1130 1571 1147 1614 :
1194 1525 1282 1614 he
1323 1565 1492 1616 vero
1527 1545 1998 1639 possessiones
2042 1554 2206 1616 sunt
2245 1544 2317 1615 in
2361 1553 2542 1614 terra
2582 1543 2786 1614 Ebuli
2826 1553 2899 1615 et
2932 1546 3366 1639 pertinentiis

546 1672 731 1762 ejus3
777 1669 945 1739 item
985 1689 1194 1738 unam
1239 1677 1495 1739 terram
1539 1668 1764 1763 Dyani
1805 1720 2390 1740 ........
2437 1677 2508 1737 01
2538 1677 2769 1739 01111111
2806 1668 3119 1760 ejusdem
3157 1670 3365 1741 situm

545 1792 617 1863 in
655 1789 811 1863 'vico
849 1790 1079 1862 Sancti
1120 1790 1415 1861 Eustasii
1452 1790 1523 1860 in
1561 1789 1837 1884 Dyano‚
1888 1789 1958 1861 in
2003 1789 2141 1862 fine
2184 1790 2434 1863 domus
2471 1792 2543 1861 S.
2586 1789 2676 1861 de
2718 1791 2957 1862 Lando
2999 1802 3071 1863 et
3109 1792 3180 1863 in
3226 1791 3365 1866 fine

544 1916 758 1987 curtis
794 1924 865 1986 et
896 1915 966 1984 in
996 1911 1134 1984 fine
1165 1913 1417 1986 domus
1445 1914 1776 1987 Iohannis
1808 1915 1896 1986 de
1929 1915 2260 1987 Landone
2304 1935 2514 2009 quam
2552 1914 2832 1986 tenebat
2867 1916 3031 1986 olim
3070 1918 3366 1990 Jacobus

543 2036 992 2128 Gentetorus3
1031 2049 1101 2109 et
1136 2035 1272 2110 alia
1304 2039 1556 2111 domus
1589 2037 1684 2136 (c)
1721 2039 1791 2108 in
1826 2037 2074 2111 eodem
2116 2038 2271 2109 vico
2312 2059 2523 2131 quam
2560 2037 2780 2108 tenuit
2814 2038 3150 2111 Ricardus
3180 2039 3363 2113 Gen·

546 2159 682 2232 tilis
709 2184 847 2257 que
877 2172 983 2233 est
1015 2160 1087 2233 in
1113 2159 1254 2234 fine
1284 2163 1533 2234 domus
1560 2160 1798 2233 Palme
1839 2159 1929 2234 de
1958 2157 2359 2233 Frondiczia
2388 2170 2460 2232 et
2486 2161 2558 2232 in
2588 2158 2726 2231 fine
2757 2158 3007 2233 domus
3035 2159 3366 2236 Iohannis

543 2285 828 2374 Nuncii,
872 2296 941 2356 et
973 2286 1214 2357 vineas
1250 2307 1388 2380 que
1423 2294 1585 2357 sunt
1618 2285 1691 2356 in
1735 2282 1888 2356 loco
1931 2281 2336 2356 Labandaro
2371 2282 2442 2354 in
2482 2279 2620 2355 fine
2658 2283 3017 2356 vinearum
3057 2285 3363 2379 magistri

544 2408 877 2482 Ansaloni
928 2419 1003 2480 et
1054 2409 1128 2480 in
1175 2407 1315 2481 fine
1360 2408 1796 2504 pertinentiis
1835 2407 1943 2505 (Ρ)
1985 2429 2341 2480 carrarum
2394 2407 2862 2502 publicarum,
2919 2431 3094 2501 quas
3145 2411 3365 2482 tenuit

540 2532 914 2604 Riccardus
950 2533 1276 2623 Gentilis3
1328 2543 1545 2604 terras
1580 2532 2031 2604 laboratorias
2063 2532 2135 2602 in
2168 2533 2323 2603 loco
2360 2531 2525 2603 Silie
2566 2530 2639 2601 in
2669 2529 2809 2604 fine
2854 2541 3033 2604 terre
3061 2531 3360 2606 filiorum

545 2652 899 2750 quondam
932 2655 1189 2728 notarii
1220 2653 1569 2745 Gnaiteri,
1612 2656 1939 2727 videlicet
1967 2654 2314 2727 Guilielmi
2349 2665 2423 2725 et
2454 2653 2893 2746 Lamaczoni,
2929 2675 3102 2748 quas
3144 2659 3363 2729 tenuit

545 2779 898 2877 predictus
927 2778 1224 2853 Iacobus
1258 2778 1673 2852 Gentetorus
1707 2776 1835 2876 (d),
1869 2788 1939 2850 et
1975 2799 2102 2874 pro
2138 2777 2478 2873 imperiali
2511 2775 2698 2849 curia
2735 2788 2937 2874 capta
2968 2789 3132 2850 sunt
3168 2791 3238 2851 et
3279 2803 3359 2853 ea

543 2902 916 2998 imperialis
948 2898 1139 2975 curia
1168 2901 1459 2992 detinet,
1486 2902 1557 2973 in
1586 2902 1932 2997 presentia
1964 2899 2432 2997 predictorum
2455 2899 2807 2995 judicum,
2844 2902 3092 2973 notarii
3126 2915 3195 2975 et
3220 2913 3358 2975 tes·

546 3025 714 3095 tium
741 3026 1312 3119 subscriptorum,
1358 3027 1509 3097 loco
1542 3035 1612 3096 et
1646 3026 1800 3096 vice
1844 3024 2009 3097 dicti
2046 3024 2315 3096 abbatis
2347 3037 2416 3094 et
2453 3035 2836 3097 conventus
2869 3026 3181 3117 ejusdem
3210 3049 3359 3099 mo-

544 3149 826 3220 nasterii
861 3148 1223 3238 cavensis,
1271 3148 1696 3219 restituimus
1727 3160 1799 3220 et
1834 3147 2339 3239 assignavimus
2381 3148 2688 3243 predicto
2717 3149 3024 3243 dompno
3066 3150 3357 3223 Iohanni

545 3270 886 3343 monacho
923 3280 995 3342 et
1034 3272 1383 3365 preposito
1410 3271 1680 3343 sindico
1720 3293 1816 3343 ex
1854 3281 2048 3366 parte
2085 3272 2375 3366 predicti
2416 3272 2742 3344 Cavensis
2783 3275 3205 3347 monasterii.
3248 3274 3359 3347 Ad

544 3395 744 3486 cujus
783 3393 883 3465 rei
914 3393 1317 3466 memoriam
1350 3405 1423 3466 et
1457 3394 1747 3488 predicti
1778 3395 2177 3466 monasterii
2214 3396 2656 3468 securitatem
2688 3396 2823 3467 hoc
2852 3417 3137 3490 presens
3167 3450 3187 3469 .
3249 3451 3268 3470 .
3331 3452 3348 3471 .

552 3567 1138 3588 ........
1194 3516 1434 3610 scripti
1472 3516 1980 3610 subscriptione
2025 3528 2262 3588 nostra
2295 3528 2364 3588 et
2410 3518 2876 3612 predictorum
2913 3520 3231 3611 judicum
3287 3533 3357 3593 et

546 3638 825 3710 testium
860 3638 1109 3710 robore
1144 3638 1403 3710 exinde
1442 3638 1648 3709 scribi
1678 3638 1968 3710 fecimus
2004 3660 2128 3733 per
2154 3661 2405 3711 manus
2429 3640 2681 3713 notarii
2713 3641 2834 3733 qui
2861 3642 3218 3713 nobiscum
3253 3644 3364 3715 in-‘

548 3762 805 3832 ter-fuit.
847 3761 1021 3847 Quia
1056 3771 1292 3832 autem
1340 3810 2254 3836 ............
2301 3763 2756 3835 disturbatum
2810 3774 2916 3834 est
2953 3774 3025 3836 et
3062 3766 3353 3862 rescrip-

544 3894 692 3956 tum
725 3905 879 3955 esse
913 3884 1268 3956 videretur
1296 3884 1553 3975 legitur
1578 3905 1710 3956 nos
1737 3886 1916 3957 duas
1952 3885 2226 3957 insimul
2270 3936 2931 3960 ..........

632 4006 839 4092 Quod
882 4008 1217 4102 scriptum
1258 4007 1507 4102 scripsi
1546 4028 1681 4099 ego
1737 4008 2088 4103 predictus
2132 4011 2381 4082 Petrus
2428 4008 2746 4104 puplicus
2791 4009 2994 4081 Ebuli
3039 4011 3354 4084 notarius

539 4130 704 4223 qnia
738 4129 1019 4201 interfui
1051 4142 1123 4202 et
1158 4130 1359 4223 signo
1382 4152 1547 4204 meo
1577 4131 1872 4223 signavi.

618 4274 709 4356 (ό)
746 4275 851 4339 ⁵⁸⁰
876 4281 1289 4358 pojum-n.

618 4380 709 4462 (b)
751 4385 1023 4446 menta
1048 4384 1366 4465 {gendum
1391 4383 1593 4448 adm.

623 4487 705 4569 (c)
755 4490 853 4551 Sic
879 4508 986 4567 pro
1004 4489 1191 4552 alian
1216 4490 1468 4553 domun.

626 4593 714 4673 (d)
758 4596 850 4655 Ibi
879 4613 1020 4656 vero
1055 4597 1270 4676 legitur
1305 4601 1500 4675 potius
1528 4596 1911 4673 Gentem-m
1937 4594 2039 4656 md
2063 4595 2391 4655 notandum
2420 4595 2578 4674 quod
2603 4598 2667 4656 111
2693 4599 2993 4675 scripturis
3019 4598 3196 4677 hujus
3217 4605 3350 4662 aevi

546 4701 604 4763 T
623 4708 683 4761 et
711 4701 759 4762 C
784 4705 1015 4780 saepius
1047 4702 1513 4765 contunduntur.
