<?xml version="1.0" encoding="UTF-8"?>
<!DOCTYPE html PUBLIC "-//W3C//DTD XHTML 1.0 Transitional//EN"
    "http://www.w3.org/TR/xhtml1/DTD/xhtml1-transitional.dtd">
<html xmlns="http://www.w3.org/1999/xhtml" xml:lang="en" lang="en">
 <head>
  <title>
</title>
<meta http-equiv="Content-Type" content="text/html;charset=utf-8" />
  <meta name='ocr-system' content='tesseract 3.04.00' />
  <meta name='ocr-capabilities' content='ocr_page ocr_carea ocr_par ocr_line ocrx_word'/>
</head>
<body>
  <div class='ocr_page' id='page_1' title='image "./historiadiploma00degoog_0137.png"; bbox 0 0 4364 5738; ppageno 0'>
   <div class='ocr_carea' id='block_1_1' title="bbox 610 643 3433 728">
    <p class='ocr_par' dir='ltr' id='par_1_1' title="bbox 610 643 3433 728">
     <span class='ocr_line' id='line_1_1' title="bbox 610 643 3433 728; baseline 0 -25"><span class='ocrx_word' id='word_1_1' title='bbox 610 643 812 707; x_wconf 70' lang='lat' dir='ltr'><strong>lxmcr.</strong></span> <span class='ocrx_word' id='word_1_2' title='bbox 847 644 930 728; x_wconf 73' lang='lat'><strong>21.</strong></span> <span class='ocrx_word' id='word_1_3' title='bbox 1496 644 1888 706; x_wconf 83' lang='lat' dir='ltr'>HISTORIA</span> <span class='ocrx_word' id='word_1_4' title='bbox 1938 644 2529 706; x_wconf 79' lang='lat' dir='ltr'><strong>DIPLOMATICA.</strong></span> <span class='ocrx_word' id='word_1_5' title='bbox 3317 643 3433 703; x_wconf 74' lang='lat'><strong>123</strong></span> 
     </span>
    </p>
   </div>
   <div class='ocr_carea' id='block_1_2' title="bbox 550 778 3445 2088">
    <p class='ocr_par' dir='ltr' id='par_1_2' title="bbox 550 778 3440 1862">
     <span class='ocr_line' id='line_1_2' title="bbox 612 778 3434 874; baseline -0.001 -24"><span class='ocrx_word' id='word_1_6' title='bbox 612 779 1013 872; x_wconf 87' lang='lat' dir='ltr'><strong>diligentius</strong></span> <span class='ocrx_word' id='word_1_7' title='bbox 1064 779 1472 869; x_wconf 87' lang='lat' dir='ltr'><strong>confovere;</strong></span> <span class='ocrx_word' id='word_1_8' title='bbox 1528 779 1650 850; x_wconf 92' lang='lat' dir='ltr'><strong>ubi</strong></span> <span class='ocrx_word' id='word_1_9' title='bbox 1690 780 1898 850; x_wconf 91' lang='lat' dir='ltr'><strong>etiam</strong></span> <span class='ocrx_word' id='word_1_10' title='bbox 1945 801 2228 852; x_wconf 90' lang='lat' dir='ltr'><strong>mansus</strong></span> <span class='ocrx_word' id='word_1_11' title='bbox 2278 790 2385 851; x_wconf 91' lang='lat' dir='ltr'><strong>est</strong></span> <span class='ocrx_word' id='word_1_12' title='bbox 2440 779 2611 851; x_wconf 90' lang='lat' dir='ltr'><strong>situs</strong></span> <span class='ocrx_word' id='word_1_13' title='bbox 2663 780 3016 874; x_wconf 75' lang='lat' dir='ltr'><strong>pertinens</strong></span> <span class='ocrx_word' id='word_1_14' title='bbox 3059 779 3132 848; x_wconf 92' lang='lat' dir='ltr'><strong>in</strong></span> <span class='ocrx_word' id='word_1_15' title='bbox 3183 778 3434 850; x_wconf 89' lang='lat' dir='ltr'><strong>curtim</strong></span> 
     </span>
     <span class='ocr_line' id='line_1_3' title="bbox 613 901 3433 998; baseline -0.001 -24"><span class='ocrx_word' id='word_1_16' title='bbox 613 903 886 998; x_wconf 88' lang='lat' dir='ltr'><strong>imperii</strong></span> <span class='ocrx_word' id='word_1_17' title='bbox 926 902 1015 974; x_wconf 92' lang='lat' dir='ltr'><strong>de</strong></span> <span class='ocrx_word' id='word_1_18' title='bbox 1046 903 1408 994; x_wconf 80' lang='lat' dir='ltr'><strong>Dusburg3</strong></span> <span class='ocrx_word' id='word_1_19' title='bbox 1443 903 1566 996; x_wconf 91' lang='lat' dir='ltr'><strong>qui</strong></span> <span class='ocrx_word' id='word_1_20' title='bbox 1596 903 1763 973; x_wconf 92' lang='lat' dir='ltr'><strong>olim</strong></span> <span class='ocrx_word' id='word_1_21' title='bbox 1793 924 1954 974; x_wconf 88' lang='lat' dir='ltr'><strong>cum</strong></span> <span class='ocrx_word' id='word_1_22' title='bbox 1988 904 2232 975; x_wconf 85' lang='lat' dir='ltr'><strong>fertilis</strong></span> <span class='ocrx_word' id='word_1_23' title='bbox 2273 913 2425 974; x_wconf 91' lang='lat' dir='ltr'><strong>erat</strong></span> <span class='ocrx_word' id='word_1_24' title='bbox 2455 912 2527 974; x_wconf 89' lang='lat' dir='ltr'><strong>et</strong></span> <span class='ocrx_word' id='word_1_25' title='bbox 2556 903 2779 991; x_wconf 89' lang='lat' dir='ltr'><strong>utilis,</strong></span> <span class='ocrx_word' id='word_1_26' title='bbox 2825 902 3032 974; x_wconf 89' lang='lat' dir='ltr'><strong>solvit</strong></span> <span class='ocrx_word' id='word_1_27' title='bbox 3072 902 3144 972; x_wconf 91' lang='lat' dir='ltr'><strong>in</strong></span> <span class='ocrx_word' id='word_1_28' title='bbox 3178 901 3433 973; x_wconf 89' lang='lat' dir='ltr'><strong>dictam</strong></span> 
     </span>
     <span class='ocr_line' id='line_1_4' title="bbox 612 1025 3435 1120; baseline 0.001 -25"><span class='ocrx_word' id='word_1_29' title='bbox 612 1025 884 1120; x_wconf 86' lang='lat' dir='ltr'><strong>imperii</strong></span> <span class='ocrx_word' id='word_1_30' title='bbox 918 1026 1169 1098; x_wconf 91' lang='lat' dir='ltr'><strong>curtim</strong></span> <span class='ocrx_word' id='word_1_31' title='bbox 1218 1025 1535 1118; x_wconf 90' lang='lat' dir='ltr'><strong>quolibet</strong></span> <span class='ocrx_word' id='word_1_32' title='bbox 1572 1045 1774 1098; x_wconf 89' lang='lat' dir='ltr'><strong>anno·</strong></span> <span class='ocrx_word' id='word_1_33' title='bbox 1791 1027 2051 1098; x_wconf 89' lang='lat' dir='ltr'><strong>solidos</strong></span> <span class='ocrx_word' id='word_1_34' title='bbox 2087 1025 2299 1117; x_wconf 86' lang='lat' dir='ltr'><strong>duos,</strong></span> <span class='ocrx_word' id='word_1_35' title='bbox 2336 1048 2525 1097; x_wconf 90' lang='lat' dir='ltr'><strong>nunc</strong></span> <span class='ocrx_word' id='word_1_36' title='bbox 2560 1035 2794 1097; x_wconf 89' lang='lat' dir='ltr'><strong>autem</strong></span> <span class='ocrx_word' id='word_1_37' title='bbox 2834 1025 3053 1120; x_wconf 85' lang='lat' dir='ltr'>spinis</span> <span class='ocrx_word' id='word_1_38' title='bbox 3091 1035 3163 1096; x_wconf 89' lang='lat' dir='ltr'><strong>et</strong></span> <span class='ocrx_word' id='word_1_39' title='bbox 3196 1026 3435 1097; x_wconf 90' lang='lat' dir='ltr'><strong>mirica</strong></span> 
     </span>
     <span class='ocr_line' id='line_1_5' title="bbox 613 1148 3437 1243; baseline 0 -23"><span class='ocrx_word' id='word_1_40' title='bbox 613 1150 1082 1221; x_wconf 78' lang='lat' dir='ltr'>crescentibus</span> <span class='ocrx_word' id='word_1_41' title='bbox 1122 1149 1193 1219; x_wconf 91' lang='lat' dir='ltr'><strong>in</strong></span> <span class='ocrx_word' id='word_1_42' title='bbox 1237 1168 1322 1221; x_wconf 91' lang='lat' dir='ltr'><strong>eo</strong></span> <span class='ocrx_word' id='word_1_43' title='bbox 1353 1170 1634 1241; x_wconf 92' lang='lat' dir='ltr'><strong>manso,</strong></span> <span class='ocrx_word' id='word_1_44' title='bbox 1672 1151 1983 1222; x_wconf 75' lang='lat' dir='ltr'><strong>concessi</strong></span> <span class='ocrx_word' id='word_1_45' title='bbox 2022 1150 2433 1223; x_wconf 89' lang='lat' dir='ltr'><strong>auctoritate</strong></span> <span class='ocrx_word' id='word_1_46' title='bbox 2477 1150 2816 1243; x_wconf 89' lang='lat' dir='ltr'><strong>imperiali</strong></span> <span class='ocrx_word' id='word_1_47' title='bbox 2860 1148 3062 1221; x_wconf 90' lang='lat' dir='ltr'><strong>dictis</strong></span> <span class='ocrx_word' id='word_1_48' title='bbox 3100 1149 3437 1242; x_wconf 82' lang='lat' dir='ltr'><strong>religiosis</strong></span> 
     </span>
     <span class='ocr_line' id='line_1_6' title="bbox 613 1271 3436 1368; baseline -0.001 -23"><span class='ocrx_word' id='word_1_49' title='bbox 613 1273 927 1367; x_wconf 87' lang='lat' dir='ltr'><strong>personis</strong></span> <span class='ocrx_word' id='word_1_50' title='bbox 963 1273 1262 1368; x_wconf 91' lang='lat' dir='ltr'><strong>propriis</strong></span> <span class='ocrx_word' id='word_1_51' title='bbox 1293 1273 1618 1344; x_wconf 88' lang='lat' dir='ltr'><strong>manibus</strong></span> <span class='ocrx_word' id='word_1_52' title='bbox 1642 1274 2110 1347; x_wconf 81' lang='lat' dir='ltr'><strong>excolendum</strong></span> <span class='ocrx_word' id='word_1_53' title='bbox 2151 1275 2224 1343; x_wconf 92' lang='lat' dir='ltr'><strong>in</strong></span> <span class='ocrx_word' id='word_1_54' title='bbox 2259 1282 2672 1368; x_wconf 86' lang='lat' dir='ltr'><strong>perpetuum</strong></span> <span class='ocrx_word' id='word_1_55' title='bbox 2704 1282 2785 1343; x_wconf 90' lang='lat' dir='ltr'><strong>ut</strong></span> <span class='ocrx_word' id='word_1_56' title='bbox 2816 1271 3140 1345; x_wconf 80' lang='lat' dir='ltr'><strong>victualia</strong></span> <span class='ocrx_word' id='word_1_57' title='bbox 3177 1272 3436 1345; x_wconf 88' lang='lat' dir='ltr'><strong>ibidem</strong></span> 
     </span>
     <span class='ocr_line' id='line_1_7' title="bbox 550 1395 3439 1490; baseline -0 -23"><span class='ocrx_word' id='word_1_58' title='bbox 550 1399 558 1411; x_wconf 86' lang='lat'>&#39;</span> <span class='ocrx_word' id='word_1_59' title='bbox 614 1396 872 1469; x_wconf 89' lang='lat' dir='ltr'><strong>habere</strong></span> <span class='ocrx_word' id='word_1_60' title='bbox 904 1399 1212 1488; x_wconf 89' lang='lat' dir='ltr'><strong>valeant,</strong></span> <span class='ocrx_word' id='word_1_61' title='bbox 1247 1407 1320 1469; x_wconf 89' lang='lat' dir='ltr'><strong>et</strong></span> <span class='ocrx_word' id='word_1_62' title='bbox 1341 1398 1655 1490; x_wconf 88' lang='lat' dir='ltr'><strong>quolibet</strong></span> <span class='ocrx_word' id='word_1_63' title='bbox 1686 1419 1871 1470; x_wconf 93' lang='lat' dir='ltr'><strong>anno</strong></span> <span class='ocrx_word' id='word_1_64' title='bbox 1904 1400 1975 1469; x_wconf 93' lang='lat' dir='ltr'><strong>in</strong></span> <span class='ocrx_word' id='word_1_65' title='bbox 2009 1400 2186 1469; x_wconf 85' lang='lat' dir='ltr'><strong>festo</strong></span> <span class='ocrx_word' id='word_1_66' title='bbox 2212 1397 2489 1472; x_wconf 88' lang='lat' dir='ltr'><strong>Martini</strong></span> <span class='ocrx_word' id='word_1_67' title='bbox 2516 1397 2692 1469; x_wconf 91' lang='lat' dir='ltr'><strong>duos</strong></span> <span class='ocrx_word' id='word_1_68' title='bbox 2715 1395 2971 1469; x_wconf 89' lang='lat' dir='ltr'><strong>solidos</strong></span> <span class='ocrx_word' id='word_1_69' title='bbox 2997 1396 3439 1468; x_wconf 88' lang='lat' dir='ltr'><strong>Colonienses</strong></span> 
     </span>
     <span class='ocr_line' id='line_1_8' title="bbox 618 1518 3440 1618; baseline 0 -29"><span class='ocrx_word' id='word_1_70' title='bbox 618 1521 688 1591; x_wconf 92' lang='lat' dir='ltr'><strong>in</strong></span> <span class='ocrx_word' id='word_1_71' title='bbox 721 1520 971 1593; x_wconf 90' lang='lat' dir='ltr'><strong>curtim</strong></span> <span class='ocrx_word' id='word_1_72' title='bbox 1011 1520 1284 1616; x_wconf 91' lang='lat' dir='ltr'><strong>imperii</strong></span> <span class='ocrx_word' id='word_1_73' title='bbox 1320 1521 1706 1616; x_wconf 79' lang='lat' dir='ltr'><strong>predictam</strong></span> <span class='ocrx_word' id='word_1_74' title='bbox 1733 1522 1988 1595; x_wconf 90' lang='lat' dir='ltr'><strong>abinde</strong></span> <span class='ocrx_word' id='word_1_75' title='bbox 2028 1522 2425 1618; x_wconf 86' lang='lat' dir='ltr'><strong>persolvere</strong></span> <span class='ocrx_word' id='word_1_76' title='bbox 2466 1521 2793 1593; x_wconf 82' lang='lat' dir='ltr'><strong>debeant.</strong></span> <span class='ocrx_word' id='word_1_77' title='bbox 2830 1521 2921 1592; x_wconf 90' lang='lat' dir='ltr'><strong>Ut</strong></span> <span class='ocrx_word' id='word_1_78' title='bbox 2955 1528 3188 1590; x_wconf 90' lang='lat' dir='ltr'><strong>autem</strong></span> <span class='ocrx_word' id='word_1_79' title='bbox 3231 1518 3440 1611; x_wconf 91' lang='lat' dir='ltr'><strong>hujus</strong></span> 
     </span>
     <span class='ocr_line' id='line_1_9' title="bbox 618 1643 3437 1740; baseline -0.001 -25"><span class='ocrx_word' id='word_1_80' title='bbox 618 1645 975 1716; x_wconf 85' lang='lat' dir='ltr'><strong>concessio</strong></span> <span class='ocrx_word' id='word_1_81' title='bbox 1004 1645 1220 1716; x_wconf 90' lang='lat' dir='ltr'><strong>robur</strong></span> <span class='ocrx_word' id='word_1_82' title='bbox 1247 1643 1589 1717; x_wconf 86' lang='lat' dir='ltr'><strong>firmitatis</strong></span> <span class='ocrx_word' id='word_1_83' title='bbox 1623 1645 1935 1717; x_wconf 86' lang='lat' dir='ltr'><strong>obtineat</strong></span> <span class='ocrx_word' id='word_1_84' title='bbox 1970 1667 2273 1740; x_wconf 87' lang='lat' dir='ltr'><strong>semper,</strong></span> <span class='ocrx_word' id='word_1_85' title='bbox 2303 1644 2744 1740; x_wconf 81' lang='lat' dir='ltr'><strong>presentibus</strong></span> <span class='ocrx_word' id='word_1_86' title='bbox 2775 1643 3031 1715; x_wconf 87' lang='lat' dir='ltr'><strong>litteris.</strong></span> <span class='ocrx_word' id='word_1_87' title='bbox 3050 1664 3286 1713; x_wconf 90' lang='lat' dir='ltr'><strong>meum</strong></span> <span class='ocrx_word' id='word_1_88' title='bbox 3313 1663 3437 1737; x_wconf 89' lang='lat' dir='ltr'><strong>ap·</strong></span> 
     </span>
     <span class='ocr_line' id='line_1_10' title="bbox 614 1767 1170 1862; baseline 0 -23"><span class='ocrx_word' id='word_1_89' title='bbox 614 1768 815 1862; x_wconf 88' lang='lat' dir='ltr'><strong>posui</strong></span> <span class='ocrx_word' id='word_1_90' title='bbox 845 1767 1170 1859; x_wconf 79' lang='lat' dir='ltr'><strong>sigillum.</strong></span> 
     </span>
    </p>

    <p class='ocr_par' dir='ltr' id='par_1_3' title="bbox 616 1889 3445 2088">
     <span class='ocr_line' id='line_1_11' title="bbox 719 1889 3445 1984; baseline -0.001 -22"><span class='ocrx_word' id='word_1_91' title='bbox 719 1892 974 1963; x_wconf 90' lang='lat' dir='ltr'><strong>Datum</strong></span> <span class='ocrx_word' id='word_1_92' title='bbox 1010 1913 1195 1964; x_wconf 92' lang='lat' dir='ltr'><strong>anno</strong></span> <span class='ocrx_word' id='word_1_93' title='bbox 1225 1891 1503 1964; x_wconf 92' lang='lat' dir='ltr'><strong>Domini</strong></span> <span class='ocrx_word' id='word_1_94' title='bbox 1533 1892 1625 1963; x_wconf 89' lang='lat' dir='ltr'><strong>M.</strong></span> <span class='ocrx_word' id='word_1_95' title='bbox 1648 1892 1771 1964; x_wconf 91' lang='lat' dir='ltr'><strong>CC.</strong></span> <span class='ocrx_word' id='word_1_96' title='bbox 1810 1891 2342 1984; x_wconf 88' lang='lat' dir='ltr'><strong>quadragesimo</strong></span> <span class='ocrx_word' id='word_1_97' title='bbox 2377 1891 2608 1980; x_wconf 88' lang='lat' dir='ltr'><strong>tertio,</strong></span> <span class='ocrx_word' id='word_1_98' title='bbox 2641 1890 2810 1962; x_wconf 86' lang='lat' dir='ltr'><strong>feria</strong></span> <span class='ocrx_word' id='word_1_99' title='bbox 2843 1899 3039 1961; x_wconf 84' lang='lat' dir='ltr'><strong>sexta</strong></span> <span class='ocrx_word' id='word_1_100' title='bbox 3073 1899 3233 1983; x_wconf 90' lang='lat' dir='ltr'><strong>post</strong></span> <span class='ocrx_word' id='word_1_101' title='bbox 3260 1889 3445 1960; x_wconf 89' lang='lat' dir='ltr'><strong>Nati·</strong></span> 
     </span>
     <span class='ocr_line' id='line_1_12' title="bbox 616 2014 1419 2088; baseline -0.002 -2"><span class='ocrx_word' id='word_1_102' title='bbox 616 2014 904 2086; x_wconf 89' lang='lat' dir='ltr'><strong>vitatem</strong></span> <span class='ocrx_word' id='word_1_103' title='bbox 934 2015 1137 2086; x_wconf 85' lang='lat' dir='ltr'><strong>beate</strong></span> <span class='ocrx_word' id='word_1_104' title='bbox 1178 2015 1419 2088; x_wconf 85' lang='lat' dir='ltr'><strong>Mario.</strong></span> 
     </span>
    </p>
   </div>
   <div class='ocr_carea' id='block_1_3' title="bbox 1052 2296 3010 2307">
    <p class='ocr_par' dir='ltr' id='par_1_4' title="bbox 1052 2296 3010 2307">
     <span class='ocr_line' id='line_1_13' title="bbox 1052 2296 3010 2307; baseline -0.001 -1"><span class='ocrx_word' id='word_1_105' title='bbox 1052 2297 2034 2307; x_wconf 47' lang='lat' dir='ltr'><strong>m—-m.-m——mmmm</strong></span> <span class='ocrx_word' id='word_1_106' title='bbox 2047 2297 2697 2306; x_wconf 46' lang='lat' dir='ltr'><strong>n———m—--mw</strong></span> <span class='ocrx_word' id='word_1_107' title='bbox 2709 2296 3010 2305; x_wconf 50' lang='lat' dir='ltr'><strong><em>*MA—-</em></strong></span> 
     </span>
    </p>
   </div>
   <div class='ocr_carea' id='block_1_4' title="bbox 625 2559 3451 3197">
    <p class='ocr_par' dir='ltr' id='par_1_5' title="bbox 625 2559 3451 3197">
     <span class='ocr_line' id='line_1_14' title="bbox 726 2559 3447 2669; baseline 0.001 -29"><span class='ocrx_word' id='word_1_108' title='bbox 726 2560 1216 2642; x_wconf 88' lang='lat' dir='ltr'><strong>Innocentius</strong></span> <span class='ocrx_word' id='word_1_109' title='bbox 1290 2585 1490 2668; x_wconf 91' lang='lat' dir='ltr'><strong>papa</strong></span> <span class='ocrx_word' id='word_1_110' title='bbox 1555 2559 1919 2668; x_wconf 85' lang='lat' dir='ltr'><strong>Gregorio</strong></span> <span class='ocrx_word' id='word_1_111' title='bbox 1991 2561 2087 2643; x_wconf 93' lang='lat' dir='ltr'><strong>de</strong></span> <span class='ocrx_word' id='word_1_112' title='bbox 2146 2560 2630 2668; x_wconf 83' lang='lat' dir='ltr'><strong>Montelongo</strong></span> <span class='ocrx_word' id='word_1_113' title='bbox 2686 2559 3162 2669; x_wconf 84' lang='lat' dir='ltr'><strong>Apostolicae</strong></span> <span class='ocrx_word' id='word_1_114' title='bbox 3233 2559 3447 2642; x_wconf 90' lang='lat' dir='ltr'><strong>Sedis</strong></span> 
     </span>
     <span class='ocr_line' id='line_1_15' title="bbox 628 2677 3448 2802; baseline 0.001 -29"><span class='ocrx_word' id='word_1_115' title='bbox 628 2692 879 2802; x_wconf 87' lang='lat' dir='ltr'><strong>legato</strong></span> <span class='ocrx_word' id='word_1_116' title='bbox 939 2693 1254 2776; x_wconf 89' lang='lat' dir='ltr'><strong>mandat</strong></span> <span class='ocrx_word' id='word_1_117' title='bbox 1315 2693 1525 2802; x_wconf 91' lang='lat' dir='ltr'><strong>quod</strong></span> <span class='ocrx_word' id='word_1_118' title='bbox 1589 2715 1768 2775; x_wconf 88' lang='lat' dir='ltr'><strong>cum</strong></span> <span class='ocrx_word' id='word_1_119' title='bbox 1818 2693 2069 2775; x_wconf 90' lang='lat' dir='ltr'><strong>nuntii</strong></span> <span class='ocrx_word' id='word_1_120' title='bbox 2122 2683 2488 2802; x_wconf 88' lang='lat' dir='ltr'><strong>principis</strong></span> <span class='ocrx_word' id='word_1_121' title='bbox 2546 2690 2824 2775; x_wconf 87' lang='lat' dir='ltr'><strong>infecto</strong></span> <span class='ocrx_word' id='word_1_122' title='bbox 2876 2683 3177 2801; x_wconf 85' lang='lat' dir='ltr'><strong>penitus</strong></span> <span class='ocrx_word' id='word_1_123' title='bbox 3238 2677 3448 2802; x_wconf 65' lang='lat' dir='ltr'><strong>pacis</strong></span> 
     </span>
     <span class='ocr_line' id='line_1_16' title="bbox 625 2819 3447 2935; baseline 0 -29"><span class='ocrx_word' id='word_1_124' title='bbox 625 2824 930 2934; x_wconf 87' lang='lat' dir='ltr'><strong>negotio</strong></span> <span class='ocrx_word' id='word_1_125' title='bbox 1004 2851 1050 2908; x_wconf 92' lang='lat' dir='ltr'><strong>a</strong></span> <span class='ocrx_word' id='word_1_126' title='bbox 1122 2851 1262 2908; x_wconf 91' lang='lat' dir='ltr'><strong>sua</strong></span> <span class='ocrx_word' id='word_1_127' title='bbox 1332 2825 1757 2934; x_wconf 87' lang='lat' dir='ltr'><strong>praesentia</strong></span> <span class='ocrx_word' id='word_1_128' title='bbox 1819 2824 2300 2933; x_wconf 86' lang='lat' dir='ltr'><strong>recesserint,</strong></span> <span class='ocrx_word' id='word_1_129' title='bbox 2368 2825 2529 2935; x_wconf 91' lang='lat' dir='ltr'><strong>ipse</strong></span> <span class='ocrx_word' id='word_1_130' title='bbox 2590 2821 2851 2908; x_wconf 88' lang='lat' dir='ltr'><strong>fideles</strong></span> <span class='ocrx_word' id='word_1_131' title='bbox 2921 2823 3298 2909; x_wconf 86' lang='lat' dir='ltr'><strong>Ecclesiae</strong></span> <span class='ocrx_word' id='word_1_132' title='bbox 3367 2819 3447 2907; x_wconf 86' lang='lat' dir='ltr'><strong>in</strong></span> 
     </span>
     <span class='ocr_line' id='line_1_17' title="bbox 625 2956 3451 3073; baseline 0 -33"><span class='ocrx_word' id='word_1_133' title='bbox 625 2956 1080 3041; x_wconf 87' lang='lat' dir='ltr'><strong>Lombardia</strong></span> <span class='ocrx_word' id='word_1_134' title='bbox 1117 2959 1456 3040; x_wconf 92' lang='lat' dir='ltr'><strong>animare</strong></span> <span class='ocrx_word' id='word_1_135' title='bbox 1493 2958 1792 3041; x_wconf 85' lang='lat' dir='ltr'><strong>studeat</strong></span> <span class='ocrx_word' id='word_1_136' title='bbox 1831 2967 1916 3040; x_wconf 95' lang='lat' dir='ltr'><strong>ut</strong></span> <span class='ocrx_word' id='word_1_137' title='bbox 1948 2959 2029 3040; x_wconf 91' lang='lat' dir='ltr'><strong>in</strong></span> <span class='ocrx_word' id='word_1_138' title='bbox 2068 2958 2467 3073; x_wconf 83' lang='lat' dir='ltr'><strong>devotione</strong></span> <span class='ocrx_word' id='word_1_139' title='bbox 2501 2956 2839 3067; x_wconf 88' lang='lat' dir='ltr'><strong>ejusdem</strong></span> <span class='ocrx_word' id='word_1_140' title='bbox 2870 2957 3248 3067; x_wconf 81' lang='lat' dir='ltr'><strong>Ecclesiae</strong></span> <span class='ocrx_word' id='word_1_141' title='bbox 3285 2967 3451 3040; x_wconf 90' lang='lat' dir='ltr'><strong>sta-</strong></span> 
     </span>
     <span class='ocr_line' id='line_1_18' title="bbox 628 3072 2361 3197; baseline 0.002 -27"><span class='ocrx_word' id='word_1_142' title='bbox 628 3088 874 3171; x_wconf 88' lang='lat' dir='ltr'><strong>biliter</strong></span> <span class='ocrx_word' id='word_1_143' title='bbox 908 3098 1408 3197; x_wconf 82' lang='lat' dir='ltr'><strong>perseverent.</strong></span> <span class='ocrx_word' id='word_1_144' title='bbox 2358 3072 2361 3075; x_wconf 28' lang='lat'>¹</span> 
     </span>
    </p>
   </div>
   <div class='ocr_carea' id='block_1_5' title="bbox 791 3300 2592 3382">
    <p class='ocr_par' dir='ltr' id='par_1_6' title="bbox 791 3300 2592 3382">
     <span class='ocr_line' id='line_1_19' title="bbox 791 3300 2592 3382; baseline -0.001 -18"><span class='ocrx_word' id='word_1_145' title='bbox 791 3302 970 3380; x_wconf 80' lang='lat' dir='ltr'><strong>(Edit.</strong></span> <span class='ocrx_word' id='word_1_146' title='bbox 1006 3320 1104 3381; x_wconf 85' lang='lat' dir='ltr'><strong>ap.</strong></span> <span class='ocrx_word' id='word_1_147' title='bbox 1143 3304 1368 3382; x_wconf 72' lang='lat' dir='ltr'><strong>Pam-z,</strong></span> <span class='ocrx_word' id='word_1_148' title='bbox 1402 3304 1663 3367; x_wconf 66' lang='lat' dir='ltr'><strong>Monam.</strong></span> <span class='ocrx_word' id='word_1_149' title='bbox 1703 3300 1895 3365; x_wconf 76' lang='lat' dir='ltr'><strong>Germ,</strong></span> <span class='ocrx_word' id='word_1_150' title='bbox 1921 3302 2084 3377; x_wconf 68' lang='lat' dir='ltr'><strong>leisc„</strong></span> <span class='ocrx_word' id='word_1_151' title='bbox 2115 3309 2162 3363; x_wconf 87' lang='lat' dir='ltr'><strong>t.</strong></span> <span class='ocrx_word' id='word_1_152' title='bbox 2195 3303 2302 3376; x_wconf 84' lang='lat' dir='ltr'><strong>IV,</strong></span> <span class='ocrx_word' id='word_1_153' title='bbox 2329 3320 2392 3380; x_wconf 85' lang='lat' dir='ltr'><strong>p.</strong></span> <span class='ocrx_word' id='word_1_154' title='bbox 2426 3302 2592 3382; x_wconf 76' lang='lat'><strong>844.)</strong></span> 
     </span>
    </p>
   </div>
   <div class='ocr_carea' id='block_1_6' title="bbox 633 3490 3451 4820">
    <p class='ocr_par' dir='ltr' id='par_1_7' title="bbox 633 3490 3451 4820">
     <span class='ocr_line' id='line_1_20' title="bbox 726 3490 3451 3583; baseline 0.003 -24"><span class='ocrx_word' id='word_1_155' title='bbox 726 3490 1173 3562; x_wconf 89' lang='lat' dir='ltr'><strong>Innocentius</strong></span> <span class='ocrx_word' id='word_1_156' title='bbox 1196 3545 1217 3582; x_wconf 90' lang='lat'>‚</span> <span class='ocrx_word' id='word_1_157' title='bbox 1279 3501 1448 3581; x_wconf 89' lang='lat' dir='ltr'><strong>etc.‚</strong></span> <span class='ocrx_word' id='word_1_158' title='bbox 1510 3490 1842 3583; x_wconf 82' lang='lat' dir='ltr'><strong>Gregorio</strong></span> <span class='ocrx_word' id='word_1_159' title='bbox 1901 3491 1991 3563; x_wconf 93' lang='lat' dir='ltr'><strong>de</strong></span> <span class='ocrx_word' id='word_1_160' title='bbox 2041 3490 2488 3582; x_wconf 88' lang='lat' dir='ltr'><strong>Montelongo</strong></span> <span class='ocrx_word' id='word_1_161' title='bbox 2552 3490 2982 3563; x_wconf 90' lang='lat' dir='ltr'><strong>subdiacono</strong></span> <span class='ocrx_word' id='word_1_162' title='bbox 3052 3502 3124 3564; x_wconf 92' lang='lat' dir='ltr'><strong>et</strong></span> <span class='ocrx_word' id='word_1_163' title='bbox 3180 3493 3451 3566; x_wconf 84' lang='lat' dir='ltr'><strong>notario</strong></span> 
     </span>
     <span class='ocr_line' id='line_1_21' title="bbox 633 3613 3451 3709; baseline 0.001 -25"><span class='ocrx_word' id='word_1_164' title='bbox 633 3622 897 3704; x_wconf 86' lang='lat' dir='ltr'><strong>nostr0,</strong></span> <span class='ocrx_word' id='word_1_165' title='bbox 933 3613 1329 3709; x_wconf 85' lang='lat' dir='ltr'><strong>Apostolice</strong></span> <span class='ocrx_word' id='word_1_166' title='bbox 1362 3613 1560 3686; x_wconf 91' lang='lat' dir='ltr'><strong>Sedis</strong></span> <span class='ocrx_word' id='word_1_167' title='bbox 1586 3616 1843 3705; x_wconf 89' lang='lat' dir='ltr'><strong>legato,</strong></span> <span class='ocrx_word' id='word_1_168' title='bbox 1872 3623 2006 3685; x_wconf 90' lang='lat' dir='ltr'><strong>etc.</strong></span> <span class='ocrx_word' id='word_1_169' title='bbox 2043 3614 2476 3686; x_wconf 89' lang='lat' dir='ltr'><strong>Presentium</strong></span> <span class='ocrx_word' id='word_1_170' title='bbox 2519 3622 2760 3686; x_wconf 89' lang='lat' dir='ltr'><strong>tenore</strong></span> <span class='ocrx_word' id='word_1_171' title='bbox 2801 3615 2976 3686; x_wconf 92' lang='lat' dir='ltr'><strong>scire</strong></span> <span class='ocrx_word' id='word_1_172' title='bbox 3020 3625 3087 3686; x_wconf 92' lang='lat' dir='ltr'><strong>te</strong></span> <span class='ocrx_word' id='word_1_173' title='bbox 3127 3618 3451 3688; x_wconf 88' lang='lat' dir='ltr'><strong>volumus</strong></span> 
     </span>
     <span class='ocr_line' id='line_1_22' title="bbox 633 3735 3448 3833; baseline 0 -24"><span class='ocrx_word' id='word_1_174' title='bbox 633 3735 825 3828; x_wconf 87' lang='lat' dir='ltr'><strong>quod</strong></span> <span class='ocrx_word' id='word_1_175' title='bbox 851 3758 1012 3808; x_wconf 90' lang='lat' dir='ltr'><strong>cum</strong></span> <span class='ocrx_word' id='word_1_176' title='bbox 1046 3757 1272 3831; x_wconf 91' lang='lat' dir='ltr'><strong>nuper</strong></span> <span class='ocrx_word' id='word_1_177' title='bbox 1308 3790 1326 3808; x_wconf 91' lang='lat'><strong>.</strong></span> <span class='ocrx_word' id='word_1_178' title='bbox 1359 3793 1375 3813; x_wconf 80' lang='grc'><em>,</em></span> <span class='ocrx_word' id='word_1_179' title='bbox 1408 3790 1426 3808; x_wconf 91' lang='grc'><strong>.</strong></span> <span class='ocrx_word' id='word_1_180' title='bbox 1467 3737 1791 3833; x_wconf 90' lang='lat' dir='ltr'><strong>princeps</strong></span> <span class='ocrx_word' id='word_1_181' title='bbox 1827 3758 1958 3809; x_wconf 91' lang='lat' dir='ltr'><strong>nos</strong></span> <span class='ocrx_word' id='word_1_182' title='bbox 1989 3759 2200 3833; x_wconf 91' lang='lat' dir='ltr'><strong>snper</strong></span> <span class='ocrx_word' id='word_1_183' title='bbox 2244 3737 2729 3810; x_wconf 82' lang='lat' dir='ltr'><strong>reformatione</strong></span> <span class='ocrx_word' id='word_1_184' title='bbox 2761 3737 2952 3833; x_wconf 89' lang='lat' dir='ltr'><strong>pacis</strong></span> <span class='ocrx_word' id='word_1_185' title='bbox 2991 3738 3173 3810; x_wconf 89' lang='lat' dir='ltr'><strong>inter</strong></span> <span class='ocrx_word' id='word_1_186' title='bbox 3210 3739 3448 3810; x_wconf 89' lang='lat' dir='ltr'><strong>Eccle-</strong></span> 
     </span>
     <span class='ocr_line' id='line_1_23' title="bbox 637 3859 3450 3957; baseline 0 -27"><span class='ocrx_word' id='word_1_187' title='bbox 637 3859 809 3930; x_wconf 90' lang='lat' dir='ltr'><strong>siam</strong></span> <span class='ocrx_word' id='word_1_188' title='bbox 851 3869 922 3931; x_wconf 91' lang='lat' dir='ltr'><strong>et</strong></span> <span class='ocrx_word' id='word_1_189' title='bbox 952 3859 1181 3955; x_wconf 92' lang='lat' dir='ltr'><strong>ipsum</strong></span> <span class='ocrx_word' id='word_1_190' title='bbox 1212 3883 1340 3957; x_wconf 93' lang='lat' dir='ltr'><strong>per</strong></span> <span class='ocrx_word' id='word_1_191' title='bbox 1370 3861 1792 3956; x_wconf 87' lang='lat' dir='ltr'><strong>sollempnes</strong></span> <span class='ocrx_word' id='word_1_192' title='bbox 1836 3860 2118 3931; x_wconf 92' lang='lat' dir='ltr'><strong>nuntios</strong></span> <span class='ocrx_word' id='word_1_193' title='bbox 2157 3870 2230 3931; x_wconf 94' lang='lat' dir='ltr'><strong>et</strong></span> <span class='ocrx_word' id='word_1_194' title='bbox 2278 3860 2541 3933; x_wconf 89' lang='lat' dir='ltr'><strong>litteras</strong></span> <span class='ocrx_word' id='word_1_195' title='bbox 2588 3861 3023 3956; x_wconf 86' lang='lat' dir='ltr'><strong>requisisset,</strong></span> <span class='ocrx_word' id='word_1_196' title='bbox 3076 3860 3239 3953; x_wconf 92' lang='lat' dir='ltr'><strong>quia</strong></span> <span class='ocrx_word' id='word_1_197' title='bbox 3282 3881 3450 3932; x_wconf 88' lang='lat' dir='ltr'><strong>vere</strong></span> 
     </span>
     <span class='ocr_line' id='line_1_24' title="bbox 638 3983 3448 4078; baseline -0 -24"><span class='ocrx_word' id='word_1_198' title='bbox 638 4004 877 4078; x_wconf 90' lang='lat' dir='ltr'><strong>pacem</strong></span> <span class='ocrx_word' id='word_1_199' title='bbox 921 3984 1269 4077; x_wconf 81' lang='lat' dir='ltr'><strong>diligimus</strong></span> <span class='ocrx_word' id='word_1_200' title='bbox 1324 3995 1394 4057; x_wconf 88' lang='lat' dir='ltr'><strong>et</strong></span> <span class='ocrx_word' id='word_1_201' title='bbox 1442 3985 1709 4057; x_wconf 89' lang='lat' dir='ltr'><strong>sincere</strong></span> <span class='ocrx_word' id='word_1_202' title='bbox 1750 3983 2120 4057; x_wconf 91' lang='lat' dir='ltr'><strong>concordie</strong></span> <span class='ocrx_word' id='word_1_203' title='bbox 2170 3985 2353 4057; x_wconf 91' lang='lat' dir='ltr'><strong>inter</strong></span> <span class='ocrx_word' id='word_1_204' title='bbox 2402 3985 2812 4057; x_wconf 88' lang='lat' dir='ltr'><strong>christianos</strong></span> <span class='ocrx_word' id='word_1_205' title='bbox 2859 3983 3248 4077; x_wconf 90' lang='lat' dir='ltr'><strong>appetimus</strong></span> <span class='ocrx_word' id='word_1_206' title='bbox 3291 3984 3448 4054; x_wconf 88' lang='lat' dir='ltr'><strong>uni-</strong></span> 
     </span>
     <span class='ocr_line' id='line_1_25' title="bbox 636 4104 3448 4205; baseline 0 -27"><span class='ocrx_word' id='word_1_207' title='bbox 636 4114 875 4196; x_wconf 85' lang='lat' dir='ltr'><strong>tatem,</strong></span> <span class='ocrx_word' id='word_1_208' title='bbox 905 4129 996 4178; x_wconf 88' lang='lat' dir='ltr'><strong>ne</strong></span> <span class='ocrx_word' id='word_1_209' title='bbox 1026 4106 1425 4180; x_wconf 88' lang='lat' dir='ltr'><strong>videremur</strong></span> <span class='ocrx_word' id='word_1_210' title='bbox 1450 4109 1641 4204; x_wconf 91' lang='lat' dir='ltr'><strong>pacis</strong></span> <span class='ocrx_word' id='word_1_211' title='bbox 1688 4109 2000 4201; x_wconf 91' lang='lat' dir='ltr'><strong>ejusdem</strong></span> <span class='ocrx_word' id='word_1_212' title='bbox 2036 4109 2404 4205; x_wconf 92' lang='lat' dir='ltr'><strong>repudiare</strong></span> <span class='ocrx_word' id='word_1_213' title='bbox 2453 4117 2819 4179; x_wconf 89' lang='lat' dir='ltr'><strong>tractatum</strong></span> <span class='ocrx_word' id='word_1_214' title='bbox 2856 4114 2927 4175; x_wconf 92' lang='lat' dir='ltr'><strong>et</strong></span> <span class='ocrx_word' id='word_1_215' title='bbox 2962 4127 3053 4177; x_wconf 85' lang='lat' dir='ltr'><strong>ex</strong></span> <span class='ocrx_word' id='word_1_216' title='bbox 3084 4104 3219 4177; x_wconf 91' lang='lat' dir='ltr'><strong>hoc</strong></span> <span class='ocrx_word' id='word_1_217' title='bbox 3240 4107 3448 4202; x_wconf 80' lang='lat' dir='ltr'><strong>prin·</strong></span> 
     </span>
     <span class='ocr_line' id='line_1_26' title="bbox 641 4229 3449 4325; baseline 0.001 -25"><span class='ocrx_word' id='word_1_218' title='bbox 641 4249 804 4325; x_wconf 89' lang='lat' dir='ltr'><strong>ceps</strong></span> <span class='ocrx_word' id='word_1_219' title='bbox 834 4230 985 4325; x_wconf 90' lang='lat' dir='ltr'><strong>ipse</strong></span> <span class='ocrx_word' id='word_1_220' title='bbox 1025 4232 1460 4304; x_wconf 89' lang='lat' dir='ltr'><strong>occasionem</strong></span> <span class='ocrx_word' id='word_1_221' title='bbox 1492 4242 1797 4306; x_wconf 89' lang='lat' dir='ltr'><strong>sumeret</strong></span> <span class='ocrx_word' id='word_1_222' title='bbox 1825 4232 2206 4305; x_wconf 89' lang='lat' dir='ltr'><strong>Ecclesiam</strong></span> <span class='ocrx_word' id='word_1_223' title='bbox 2243 4252 2434 4323; x_wconf 76' lang='lat' dir='ltr'><strong>more</strong></span> <span class='ocrx_word' id='word_1_224' title='bbox 2471 4231 2673 4305; x_wconf 91' lang='lat' dir='ltr'><strong>solito</strong></span> <span class='ocrx_word' id='word_1_225' title='bbox 2704 4229 3123 4321; x_wconf 82' lang='lat' dir='ltr'><strong>infamandi,</strong></span> <span class='ocrx_word' id='word_1_226' title='bbox 3162 4230 3253 4302; x_wconf 89' lang='lat' dir='ltr'><strong>ad</strong></span> <span class='ocrx_word' id='word_1_227' title='bbox 3289 4251 3449 4303; x_wconf 90' lang='lat' dir='ltr'><strong>eum</strong></span> 
     </span>
     <span class='ocr_line' id='line_1_27' title="bbox 639 4352 3450 4453; baseline 0.002 -32"><span class='ocrx_word' id='word_1_228' title='bbox 639 4354 919 4426; x_wconf 89' lang='lat' dir='ltr'><strong>nuntios</strong></span> <span class='ocrx_word' id='word_1_229' title='bbox 963 4353 1345 4429; x_wconf 81' lang='lat' dir='ltr'><strong>direximus</strong></span> <span class='ocrx_word' id='word_1_230' title='bbox 1396 4358 1765 4452; x_wconf 89' lang='lat' dir='ltr'><strong>speciales,</strong></span> <span class='ocrx_word' id='word_1_231' title='bbox 1815 4358 2005 4430; x_wconf 89' lang='lat' dir='ltr'><strong>illam</strong></span> <span class='ocrx_word' id='word_1_232' title='bbox 2064 4378 2190 4453; x_wconf 92' lang='lat' dir='ltr'><strong>per</strong></span> <span class='ocrx_word' id='word_1_233' title='bbox 2239 4356 2424 4450; x_wconf 91' lang='lat' dir='ltr'><strong>ipsos</strong></span> <span class='ocrx_word' id='word_1_234' title='bbox 2485 4352 2675 4449; x_wconf 88' lang='lat' dir='ltr'><strong>pacis</strong></span> <span class='ocrx_word' id='word_1_235' title='bbox 2732 4353 3025 4426; x_wconf 82' lang='lat' dir='ltr'><strong>formam</strong></span> <span class='ocrx_word' id='word_1_236' title='bbox 3083 4353 3450 4431; x_wconf 84' lang='lat' dir='ltr'><strong>offerentes</strong></span> 
     </span>
     <span class='ocr_line' id='line_1_28' title="bbox 640 4474 3447 4574; baseline 0.001 -28"><span class='ocrx_word' id='word_1_237' title='bbox 640 4474 880 4547; x_wconf 81' lang='lat' dir='ltr'><strong>eidem</strong></span> <span class='ocrx_word' id='word_1_238' title='bbox 910 4499 1047 4571; x_wconf 89' lang='lat' dir='ltr'><strong>que</strong></span> <span class='ocrx_word' id='word_1_239' title='bbox 1095 4480 1227 4574; x_wconf 90' lang='lat' dir='ltr'><strong>ipsi</strong></span> <span class='ocrx_word' id='word_1_240' title='bbox 1268 4481 1574 4554; x_wconf 90' lang='lat' dir='ltr'><strong>Ecclesie</strong></span> <span class='ocrx_word' id='word_1_241' title='bbox 1626 4482 1908 4574; x_wconf 89' lang='lat' dir='ltr'><strong>suisque</strong></span> <span class='ocrx_word' id='word_1_242' title='bbox 1954 4479 2227 4554; x_wconf 88' lang='lat' dir='ltr'><strong>devotis</strong></span> <span class='ocrx_word' id='word_1_243' title='bbox 2280 4488 2352 4550; x_wconf 88' lang='lat' dir='ltr'><strong>et</strong></span> <span class='ocrx_word' id='word_1_244' title='bbox 2402 4477 2609 4549; x_wconf 93' lang='lat' dir='ltr'><strong>etiam</strong></span> <span class='ocrx_word' id='word_1_245' title='bbox 2656 4476 2842 4551; x_wconf 90' lang='lat' dir='ltr'><strong>dicto</strong></span> <span class='ocrx_word' id='word_1_246' title='bbox 2884 4477 3178 4573; x_wconf 91' lang='lat' dir='ltr'><strong>principi</strong></span> <span class='ocrx_word' id='word_1_247' title='bbox 3226 4478 3447 4551; x_wconf 88' lang='lat' dir='ltr'><strong>videri</strong></span> 
     </span>
     <span class='ocr_line' id='line_1_29' title="bbox 639 4600 3448 4698; baseline 0.002 -31"><span class='ocrx_word' id='word_1_248' title='bbox 639 4607 915 4692; x_wconf 89' lang='lat' dir='ltr'><strong>poterat</strong></span> <span class='ocrx_word' id='word_1_249' title='bbox 952 4602 1311 4698; x_wconf 84' lang='lat' dir='ltr'><strong>expedire.</strong></span> <span class='ocrx_word' id='word_1_250' title='bbox 1349 4605 1482 4677; x_wconf 90' lang='lat' dir='ltr'><strong>Sed</strong></span> <span class='ocrx_word' id='word_1_251' title='bbox 1518 4605 1703 4678; x_wconf 93' lang='lat' dir='ltr'><strong>idem</strong></span> <span class='ocrx_word' id='word_1_252' title='bbox 1746 4605 2039 4676; x_wconf 87' lang='lat' dir='ltr'><strong>formam</strong></span> <span class='ocrx_word' id='word_1_253' title='bbox 2079 4601 2480 4693; x_wconf 87' lang='lat' dir='ltr'><strong>hujusmodi</strong></span> <span class='ocrx_word' id='word_1_254' title='bbox 2522 4622 2665 4674; x_wconf 91' lang='lat' dir='ltr'><strong>non</strong></span> <span class='ocrx_word' id='word_1_255' title='bbox 2695 4612 3093 4697; x_wconf 79' lang='lat' dir='ltr'><strong>acceptans,</strong></span> <span class='ocrx_word' id='word_1_256' title='bbox 3133 4600 3227 4674; x_wconf 90' lang='lat' dir='ltr'><strong>ad</strong></span> <span class='ocrx_word' id='word_1_257' title='bbox 3255 4601 3448 4696; x_wconf 91' lang='lat' dir='ltr'><strong>Apo-</strong></span> 
     </span>
     <span class='ocr_line' id='line_1_30' title="bbox 637 4722 3450 4820; baseline 0.001 -28"><span class='ocrx_word' id='word_1_258' title='bbox 637 4722 950 4797; x_wconf 87' lang='lat' dir='ltr'><strong>stolicam</strong></span> <span class='ocrx_word' id='word_1_259' title='bbox 988 4727 1241 4801; x_wconf 88' lang='lat' dir='ltr'><strong>Sedem</strong></span> <span class='ocrx_word' id='word_1_260' title='bbox 1275 4728 1558 4801; x_wconf 90' lang='lat' dir='ltr'><strong>nuntios</strong></span> <span class='ocrx_word' id='word_1_261' title='bbox 1598 4730 1848 4800; x_wconf 90' lang='lat' dir='ltr'><strong>iterum</strong></span> <span class='ocrx_word' id='word_1_262' title='bbox 1888 4724 2262 4800; x_wconf 88' lang='lat' dir='ltr'><strong>destinavit</strong></span> <span class='ocrx_word' id='word_1_263' title='bbox 2305 4726 2423 4820; x_wconf 90' lang='lat' dir='ltr'><strong>qui</strong></span> <span class='ocrx_word' id='word_1_264' title='bbox 2441 4778 2462 4817; x_wconf 94' lang='lat'><strong>,</strong></span> <span class='ocrx_word' id='word_1_265' title='bbox 2513 4745 2672 4796; x_wconf 91' lang='lat' dir='ltr'><strong>cum</strong></span> <span class='ocrx_word' id='word_1_266' title='bbox 2717 4746 2958 4798; x_wconf 91' lang='lat' dir='ltr'><strong>eorum</strong></span> <span class='ocrx_word' id='word_1_267' title='bbox 3002 4724 3450 4820; x_wconf 89' lang='lat' dir='ltr'><strong>petitionibus</strong></span> 
     </span>
    </p>
   </div>
   <div class='ocr_carea' id='block_1_7' title="bbox 3497 2572 3857 2678">
    <p class='ocr_par' dir='ltr' id='par_1_8' title="bbox 3497 2572 3857 2678">
     <span class='ocr_line' id='line_1_31' title="bbox 3551 2572 3802 2625; baseline 0.004 -13"><span class='ocrx_word' id='word_1_268' title='bbox 3551 2572 3772 2625; x_wconf 74' lang='lat' dir='ltr'><strong>Anagniae</strong></span> <span class='ocrx_word' id='word_1_269' title='bbox 3788 2598 3802 2619; x_wconf 86' lang='lat'><strong>.</strong></span> 
     </span>
     <span class='ocr_line' id='line_1_32' title="bbox 3497 2625 3857 2678; baseline -0.017 -9"><span class='ocrx_word' id='word_1_270' title='bbox 3497 2625 3552 2669; x_wconf 76' lang='lat'><strong>23</strong></span> <span class='ocrx_word' id='word_1_271' title='bbox 3580 2626 3857 2678; x_wconf 71' lang='lat' dir='ltr'><strong>septembrio.</strong></span> 
     </span>
    </p>
   </div>
  </div>
 </body>
</html>
