4364 5738
611 2998 862 3053 iamin..

611 4128 820 4183 Lugduni
831 4159 845 4183 ,
947 4138 954 4145 ‘

600 4182 657 4226 10
683 4184 856 4237 aprili·-

980 589 1100 650 270
1976 589 2402 651 munnam!
2451 588 2802 651 sncmum
2898 590 2903 596 '
3413 591 3792 674 [Λα-1245.

975 734 1217 820 gareta
1257 736 1500 798 contra
1539 725 1742 798 istam
1785 726 2359 799 consuetudinem
2395 725 2757 806 intraverit
2789 724 3047 798 dictam
3081 736 3333 799 terram
3369 738 3441 801 et
3475 726 3798 822 homagia

976 849 1070 923 ad
1119 849 1412 922 eandem
1465 861 1720 922 terram
1767 851 2187 946 pertinentia
2236 860 2393 946 post
2435 849 2702 922 obitum
2742 849 2999 922 sororis
3039 870 3163 921 sue
3202 849 3513 945 predicte
3552 862 3795 925 contra

975 972 1512 1069 prohibitionem
1561 982 1871 1046 nostram
1918 973 2294 1070 receperit,
2346 985 2418 1046 et
2464 983 2950 1069 procuratores
2997 972 3261 1045 domini
3300 973 3786 1048 Leodiensis...

977 1098 1280 1193 episcopi
1333 1097 1451 1191 qui
1492 1098 1949 1193 personaliter
1995 1098 2425 1171 accedebant
2471 1096 2565 1169 ad
2614 1095 3105 1193 possidendam
3153 1106 3408 1169 terram
3452 1099 3746 1171 eandem
3764 1152 3789 1190 ‚

974 1223 1174 1315 cujus
1204 1221 1591 1318 proprietas
1620 1231 1769 1293 erat
1800 1222 2186 1295 secundum
2210 1222 2544 1320 premissa
2578 1220 2671 1294 ad
2704 1220 2928 1314 ipsum
2958 1219 3317 1293 dominum
3341 1220 3794 1295 Leodiensem

974 1347 1379 1441 episcopum
1429 1344 1793 1435 devoluta,
1852 1347 2137 1438 ejecerit
2187 1347 2556 1433 violenter,
2606 1344 2863 1417 dictam
2917 1345 3493 1418 consuetudinem
3545 1345 3792 1418 infrin-

972 1469 1203 1562 gendo
1232 1481 1303 1540 et
1322 1468 1597 1560 juribus
1624 1467 2098 1563 imperialibus
2129 1491 2271 1542 non
2304 1469 2653 1543 modicum
2683 1467 3119 1561 derogandO,
3148 1468 3536 1541 serenitatis
3559 1480 3791 1543 vestre

973 1592 1372 1685 suffragium
1403 1592 1592 1663 omni
1619 1591 1868 1664 affectu
1904 1614 2045 1687 quo
2082 1580 2448 1687 possumus
2478 1590 2796 1686 ampliori
2823 1590 3152 1663 obnixius
3178 1591 3508 1664 duximus
3547 1591 3794 1687 implo-

972 1715 1293 1806 randum,
1328 1714 1783 1786 attentissime
1811 1715 2266 1810 deprecantes
2298 1715 2624 1809 quatinus
2658 1713 2731 1785 in
2761 1713 3156 1805 hujusmodi
3187 1713 3458 1806 negocii
3488 1716 3788 1788 necessi·

974 1840 1134 1912 tatis
1168 1838 1461 1912 articulo
1492 1840 1671 1911 adeo
1707 1848 2027 1935 potenter
2067 1838 2325 1933 pariter
2361 1847 2432 1910 et
2462 1847 2783 1933 patenter
2810 1835 3171 1909 Leodiensi
3212 1837 3503 1909 ecclesie
3538 1837 3785 1930 digne·

971 1963 1141 2036 mini
1162 1962 1530 2035 subvenire
1551 1962 1742 2056 quod
1758 1963 1906 2057 ipsa
1941 1963 2147 2034 tantis
2170 1962 2538 2034 commodo
2554 1959 2903 2033 ethonore
2917 1960 3165 2032 vestris
3198 1961 3623 2057 temporibus
3644 1982 3786 2034 non

970 2088 1282 2184 privetur
1308 2096 1378 2158 et
1403 2086 1833 2157 consuetudo
1862 2086 2071 2158 vestri
2110 2085 2379 2180 imperii
2406 2085 2584 2158 adeo
2608 2084 2953 2177 generalis
2980 2104 3117 2177 que
3149 2106 3192 2156 a
3226 2093 3328 2156 tot
3359 2085 3591 2180 probis
3620 2085 3786 2158 viris

970 2222 1079 2284 est
1096 2210 1430 2283 hactenus
1445 2208 1734 2283 viriliter
1758 2209 2152 2301 observata,
2170 2230 2298 2305 per
2324 2232 2535 2281 unam
2560 2209 2890 2280 feminam
2918 2209 3315 2280 nullatenus
3340 2209 3782 2301 infringatur.

1066 2337 1320 2406 Datum
1366 2333 1653 2405 sabbato
1695 2342 1852 2429 post
1895 2334 2135 2404 Letare
2175 2332 2644 2424 Jherusalem,
2694 2352 2880 2404 anno
2926 2331 3202 2405 Domini
3248 2332 3614 2406 millesimo
3651 2333 3783 2407 du·

967 2459 1346 2531 centesimo
1374 2456 1905 2550 quadragesimo
1932 2467 2181 2551 quarto
2204 2455 2265 2551 (⁴
2282 2455 2337 2551 ).

1076 2989 1736 3098 Quadragesimali
1773 3001 2112 3098 tempore
2137 2987 2638 3097 ingrediente,
2677 2984 2852 3067 fecit
2886 2984 3246 3068 dominus
3282 3006 3482 3091 papa
3516 2981 3780 3064 iterato

965 3121 1605 3202 excommunicari
1653 3122 2187 3229 imperatorem
2240 3144 2374 3228 per
2419 3128 2659 3201 totam
2718 3116 3143 3202 Franciam.
3184 3116 3423 3200 Mirr.
3479 3114 3723 3199 PunS.
3748 3173 3775 3219 ,

965 3248 1160 3332 Hist.
1208 3252 1392 3359 maj.
1434 3255 1778 3360 Anqlor„
1824 3279 1904 3361 p.
1954 3255 2142 3333 442.
2184 3299 2293 3314 —
2327 3251 2464 3333 Die
2499 3250 2697 3360 jovis
2746 3251 2881 3360 qui
2929 3249 3205 3332 dicitur
3240 3256 3538 3354 sancta,
3578 3247 3784 3354 apud

966 3380 1430 3491 Lugdunum
1446 3443 1470 3490 ,
1510 3384 1866 3467 dominus
1900 3410 2100 3492 papa
2133 3381 2815 3466 excommunicavit
2850 3381 3382 3490 imperatorem
3415 3388 3491 3461 et
3523 3403 3781 3485 regem

967 3512 1339 3596 Henoium
1373 3527 1447 3599 et
1482 3515 2001 3600 marchionem
2035 3515 2420 3598 Lanciam.
2468 3514 2808 3604 chronic.
2847 3517 2938 3596 de
2979 3515 3135 3596 reb.
3185 3512 3266 3592 in
3299 3514 3477 3595 Ital.
3520 3509 3769 3619 gestis,

965 3674 1045 3754 p.
1089 3650 1266 3731 195.

2947 3854 3343 3866 ——n———-

1073 4117 1551 4202 Innocentius
1596 4115 1693 4198 IV
1741 4138 1937 4222 papa
1980 4110 2447 4193 Fridericum
2464 4168 2488 4215 ,
2542 4109 3059 4192 Romanorum
3105 4105 3544 4214 imperator,
3598 4102 3781 4186 citat

964 4250 1064 4331 ad
1099 4249 1693 4357 comparendum
1730 4245 1809 4326 in
1846 4242 2164 4328 concilio
2201 4240 2719 4351 Lugdunensi.

1035 4514 1108 4590 (4)
1146 4513 1207 4571 ln
1243 4513 1347 4571 boc
1376 4512 1733 4570 instrumento
1769 4525 1941 4568 annus
1965 4524 1999 4568 a
2027 4508 2117 4567 die
2149 4506 2387 4565 Paschae
2430 4505 2690 4579 incipiens
2733 4501 3043 4574 adducitur-3
3081 4498 3287 4559 Pascha
3316 4514 3449 4557 vero
3492 4497 3596 4556 sub
3632 4512 3780 4555 anno

964 4616 1106 4672 ⁴2⁴5
1148 4627 1256 4670 non
1298 4615 1423 4667 ante
1467 4616 1677 4667 sextum
1721 4613 1780 4665 et
1816 4608 2082 4666 decimum
2117 4604 2308 4679 aprilis
2346 4603 2492 4661 diem
2533 4599 2825 4658 incidebat.
2870 4598 3026 4659 Unde
3066 4597 3357 4657 sabbatum
3395 4601 3516 4669 post
3549 4595 3779 4652 Laetare

959 4714 1042 4784 (4ο
1070 4708 1274 4785 aprilis)
1304 4707 1359 4765 in
1382 4723 1523 4766 anno
1550 4707 1689 4764 ⁴2⁴⁴
1716 4705 1890 4763 adhuc
1909 4702 2304 4763 continebatur.
