4364 5738
696 1183 746 1226 1·
763 1184 922 1225 enutri:

659 1239 707 1280 in
725 1238 953 1279 obtuto-0

698 1290 889 1332 vit-rhu
901 1317 917 1340 .

688 1343 926 1386 decenbri.

647 2774 971 2873 121522‘131111.

687 4161 955 4216 membru

1035 603 1150 663 140
2027 601 2453 663 ramulum
2504 604 2844 664 saeuum
3465 603 3630 688 [Anu.
3668 605 3836 668 12⁴3.

1145 1179 1605 1281 Fridericus,
1668 1179 2187 1261 Romanorum
2243 1179 2683 1286 imperator,
2741 1178 3019 1262 civitati
3092 1180 3582 1265 Tuscanellae
3641 1181 3844 1264 varia

1037 1311 1433 1420 privilegia
1477 1310 1941 1419 impertitur,
1980 1311 2175 1394 inter
2211 1337 2408 1420 quae
2438 1311 2567 1422 jus
2605 1312 2864 1394 utendi
2896 1321 3118 1420 portu
3174 1312 3377 1396 dicto
3418 1312 3629 1396 Delle
3677 1314 3847 1398 Mu-

1039 1442 1223 1526 relle
1278 1444 1374 1524 ad
1421 1469 1632 1527 mare
1677 1443 2011 1526 Tuscum
2058 1441 2215 1551 (1),
2263 1444 2425 1525 sine
2471 1443 2632 1526 ullo
2680 1443 2891 1527 datio
2944 1444 3317 1553 imperiali
3370 1445 3623 1529 curiae
3676 1446 3840 1529 sol-

1040 1576 1312 1657 vendo.

1203 1787 1546 1866 (Memorat.
1577 1805 1674 1864 ap.
1701 1788 2025 1863 Cnsnnno,
2053 1788 2298 1849 Memor.
2341 1789 2508 1850 istor.
2537 1784 2683 1849 delle
2707 1787 2886 1850 claim
2911 1806 2943 1849 e
2969 1805 3130 1852 conv.
3172 1789 3241 1850 de
3258 1789 3412 1871 snt.
3453 1792 3668 1852 minori
3700 1788 3847 1852 deus

1277 1912 1440 1973 prov.
1473 1895 1758 1968 Romana,
1787 1912 1849 1970 p.
1884 1895 2049 1973 384.)

1136 2083 1388 2153 Datum
1425 2081 1496 2151 in
1546 2081 1787 2153 castris
1831 2080 1902 2151 in
1947 2081 2306 2154 obsidione
2363 2081 2684 2172 Viterbii,
2739 2103 2925 2155 anno
2975 2082 3319 2156 dominice
3368 2085 3849 2159 incarnationis

1041 2206 1135 2281 M.
1158 2203 1282 2277 CC.
1303 2205 1544 2294 xun,
1580 2226 1818 2276 mense
1850 2204 2272 2296 decembris,
2310 2205 2687 2278 indictione
2715 2206 3047 2279 secunda.

1151 2770 1628 2853 Innocentius
1700 2796 1899 2880 papa
1951 2770 2329 2855 Ludovico
2382 2771 2845 2854 Francorum
2909 2770 3070 2882 regi
3128 2770 3428 2854 nuntiat
3476 2770 3685 2881 quod
3756 2768 3850 2850 ad

1044 2904 1610 3015 requisitionem
1668 2905 1759 2989 G.
1813 2904 2321 2988 archidiaconi
2370 2905 2966 2988 Constantiensis
3012 2914 3088 2987 et
3141 2902 3524 2989 Guillelmi
3567 2904 3664 2986 de
3705 2902 3854 2985 Le-

1043 3040 1357 3124 movicis
1393 3041 1834 3123 nuntiorum
1864 3040 2059 3149 ejus,
2100 3042 2200 3124 ad
2235 3041 2560 3152 gratiam
2601 3040 3083 3149 Apostolicae
3119 3039 3333 3122 Sedis
3367 3039 3458 3123 R.
3503 3038 3850 3122 comitem

1043 3171 1563 3255 Tholosanum
1608 3172 1942 3253 admisit.

1207 3387 1464 3467 (origin.
1496 3392 1558 3449 in
1593 3388 1756 3450 Thes.
1781 3387 2038 3452 chartam
2071 3406 2171 3468 ap.
2204 3388 2431 3450 archiv.
2462 3390 2681 3466 Paria„
2711 3387 2765 3448 J.
2810 3394 2951 3461 852,
2980 3396 3047 3447 n⁰
3075 3387 3162 3465 2.)

1138 3581 1390 3651 Datum
1425 3579 1767 3669 Laterani,
1801 3579 1859 3651 11
1886 3578 2043 3650 idus
2076 3577 2489 3667 decembris,
2529 3574 2969 3672 pontificatus
2996 3596 3182 3648 anno
3213 3574 3462 3670 primo.

1487 3877 2014 3886 ——-----—ffl--,--
2029 3876 2495 3883 ---·-——---‚--—-——.-..-
2510 3875 2539 3881 -a
2560 3876 2589 3881 .—
2604 3874 2837 3881 -.—.—----
2852 3876 2891 3880 —
2908 3876 2915 3881 .
2934 3873 3257 3881 ,η’-ω-
3280 3871 3425 3879 =·——

1150 4162 1572 4243 Fridericus
1591 4220 1616 4265 ,
1680 4158 2200 4240 Romanorum
2281 4154 2727 4262 imperator,
2798 4150 3165 4235 cardinali
3234 4151 3517 4236 Othoni
3595 4146 3852 4232 scribit

1045 4294 1578 4402 conquerendo
1650 4292 1747 4373 de
1813 4313 1966 4370 non
2034 4286 2433 4370 observata
2484 4285 2831 4395 pactione
2882 4310 3107 4393 super
3158 4282 3357 4366 facto
3408 4282 3721 4365 Viterbii
3776 4288 3849 4362 et

1119 4607 1194 4682 (4)
1231 4608 1423 4665 Portus
1454 4607 1556 4664 iste
1585 4606 1655 4664 ad
1691 4607 1964 4666 civitatem
2004 4606 2305 4666 viterbium
2343 4604 2567 4675 antiquo
2601 4602 2725 4675 jure
2760 4599 3095 4673 pertinebat,
3119 4599 3193 4671 {ut
3225 4596 3522 4657 testabatur
3553 4595 3761 4671 lapidea
3785 4593 3849 4651 do

1049 4722 1190 4766 anno
1216 4708 1356 4764 ⁴200
1384 4704 1679 4778 inscriptio,
1708 4705 1864 4777 cnjus
1897 4703 2017 4779 ipse
2044 4702 2333 4761 casimirus
2361 4701 2685 4759 mentionem
2720 4696 2867 4755 tacit.
