4364 5738
590 559 791 619 [muter.
824 554 916 632 3.]
1264 550 1271 555 ’
1483 549 1877 611 HISTORIA
1925 550 2520 615 mPLOMATch.
3293 546 3418 609 329

594 701 830 787 preter
859 685 1402 779 indignationem
1426 684 1644 758 nostri
1680 684 2001 758 culminis
2022 707 2234 779 quam
2265 688 2595 778 incurret,
2631 695 2959 779 quattuor
2986 682 3199 755 millia
3227 704 3413 754 mar·

593 812 881 886 charum
920 808 1191 901 argenti
1229 828 1357 902 pro
1405 829 1585 903 pena
1642 818 2048 903 componet,
2102 809 2477 883 medietate
2518 831 2792 882 camere
2831 817 3101 898 nostre,
3144 805 3413 901 reliqua

595 933 961 1006 medietate
991 930 1212 1027 passis
1249 929 1572 1022 injuriam
1600 904 2040 1026 applicanda.
2078 929 2191 1004 Ad
2222 931 2429 1024 hujus
2465 941 2700 1003 autem
2734 931 3139 1002 investiture
3174 939 3411 1001 nostre

592 1056 994 1129 memoriam
1024 1065 1095 1126 et
1127 1054 1341 1128 robur
1365 1062 1704 1149 perpetuo
1735 1054 2136 1146 valiturum,
2163 1078 2452 1150 presens
2482 1054 2915 1150 privilegium
2944 1051 3092 1123 fieri
3123 1063 3195 1123 et
3221 1052 3412 1124 bulla

590 1201 803 1251 aurea
838 1177 1106 1274 typario
1135 1185 1372 1247 nostre
1407 1175 1785 1267 majestatis
1820 1175 2158 1272 impressa
2185 1177 2516 1249 duximus
2548 1177 2983 1250 communiri.

687 1304 908 1395 HuJus
943 1299 1043 1372 rei
1082 1309 1291 1370 testes
1334 1308 1497 1370 sunt
1537 1326 1555 1370 :
1601 1298 1959 1371 Conradus
1990 1298 2092 1396 (a)
2123 1301 2520 1373 karissimus
2556 1299 2739 1373 filius
2780 1309 3017 1371 noster
3056 1300 3407 1372 Romano-

594 1446 749 1495 rum
773 1425 844 1495 in
879 1443 1115 1516 regem
1154 1422 1414 1492 electus
1445 1441 1720 1515 semper
1748 1431 2085 1513 augustus
2125 1431 2197 1492 et
2227 1423 2423 1514 regni
2453 1421 3027 1495 lherosolimitani
3062 1421 3407 1513 legitimus

591 1568 981 1634 successor,
1055 1601 1072 1616 .
1106 1597 1123 1614 .
1151 1596 1170 1615 .
1233 1543 1751 1638 Ratisponensis
1818 1545 2182 1638 episcopus
2245 1545 2618 1639 imperialis
2672 1546 2831 1616 aule
2899 1546 3352 1616 cancellarius
3379 1599 3400 1635 ,

601 1727 616 1739 .
651 1724 669 1742 .
702 1723 719 1741 .
751 1668 1200 1759 Frisingensis
1245 1667 1608 1761 episcopus
1629 1719 1648 1756 ,
1696 1720 1714 1738 .
1746 1721 1763 1738 .
1794 1720 1811 1738 .
1862 1668 2328 1740 Pactaviensis
2373 1669 2736 1763 episcopus
2754 1723 2775 1759 ‚
2815 1671 2905 1741 H.
2955 1669 3407 1762 Pabergensis

594 1793 880 1881 electuS‚
912 1794 995 1864 Ο.
1028 1792 1178 1864 dux
1196 1792 1502 1864 Maranie
1535 1800 1606 1862 et
1634 1793 1712 1862 Β.
1752 1790 1903 1861 dux
1933 1791 2326 1882 Karinthie‚
2360 1792 2593 1864 dilecti
2621 1794 2999 1890 principes;
3032 1799 3112 1868 B.
3144 1798 3401 1871 Panor-

595 1916 895 1986 mitanus
927 1914 1519 2008 archiepiscopuS,
1557 1913 1931 1985 Riccardus
1967 1935 2199 1986 comes
2226 1914 2531 2003 Caserte‚
2568 1917 2645 1986 Β.
2680 1920 2989 1991 marchio
3013 1921 3402 1993 Montisfer·

596 2038 760 2125 rati,
793 2039 887 2108 M.
920 2037 1229 2108 marchio
1264 2038 1563 2126 Lancza‚
1604 2036 1928 2127 magister
1957 2036 2033 2107 P.
2076 2036 2165 2107 de
2197 2036 2414 2106 Vinea
2455 2047 2525 2108 et
2558 2040 2883 2130 magister
2912 2044 2991 2112 T.
3034 2044 3124 2115 de
3155 2046 3405 2117 Suessa

596 2181 843 2253 magne
873 2162 1062 2232 curie
1091 2171 1323 2231 nostre
1350 2158 1652 2250 judice3‚
1685 2158 1920 2229 dilecti
1945 2157 2186 2230 fideles
2212 2159 2456 2249 nostri,
2490 2169 2562 2231 et
2587 2161 2702 2231 alii
2733 2167 3200 2259 quamplures.

691 2285 978 2376 Signum
1011 2284 1274 2356 domini
1311 2283 1528 2355 nostri
1567 2281 1891 2355 Friderici
1924 2283 2248 2371 secundi,
2278 2283 2404 2354 Dei
2439 2285 2659 2375 gratia
2698 2285 3123 2360 invictissimi
3154 2293 3402 2363 Roma-

595 2430 843 2481 norum
889 2408 1323 2502 imperatoris
1364 2428 1636 2501 semper
1682 2407 1993 2498 augusti,
2040 2406 2468 2478 Jherusalem
2512 2417 2583 2478 et
2620 2408 2844 2481 Sicilie
2884 2413 3089 2503 regis,
3140 2410 3400 2510 [Mono-

590 2528 958 2629 gramma]

688 2655 863 2728 Acta
916 2665 1080 2726 sunt
1133 2654 1265 2726 hec
1318 2674 1503 2725 anno
1560 2652 1905 2724 dominice
1959 2652 2448 2727 incarnationis
2509 2655 2871 2728 millesimo
2928 2658 3403 2733 ducentesimo
3531 2664 3541 2675 '

594 2779 1124 2873 quadragesimo
1156 2777 1433 2872 quinto,
1476 2798 1713 2847 mense
1742 2776 1934 2867 julii,
1981 2775 2376 2848 indictionis
2412 2778 2657 2868 tercie,
2698 2779 3082 2876 imperante
3121 2784 3403 2857 domino

593 2902 936 2974 Friderico
964 2900 1298 2989 secundo,
1328 2899 1453 2971 Dei
1486 2900 1706 2991 gratia
1734 2899 2180 2971 invictissimo
2204 2902 2668 2973 Romanorum
2698 2903 3109 3000 imperatore
3132 2931 3407 3003 semper

595 3035 923 3116 augusto,
961 3025 1339 3096 Jerusalem
1388 3031 1458 3093 et
1500 3022 1725 3093 Sicilie
1767 3044 1967 3113 rege,
2012 3023 2278 3118 imperii
2328 3026 2478 3117 ejus
2523 3047 2707 3098 anno
2750 3028 3078 3102 vicesimo
3122 3033 3397 3125 quinto,

597 3147 793 3237 regni
839 3147 1217 3218 Jerusalem
1262 3145 1591 3216 vicesimo
1636 3145 1893 3239 prime,
1944 3147 2139 3239 regni
2179 3169 2351 3219 vero
2400 3149 2630 3220 Sicilie
2670 3152 3196 3246 quadragesimo
3242 3180 3401 3254 sep-

599 3269 798 3359 timo,
836 3268 1146 3339 feliciter.
1178 3267 1427 3338 Amen.

691 3394 942 3465 Datum
974 3390 1162 3483 apud
1189 3389 1592 3479 Taurinum,
1628 3411 1837 3481 anno,
1869 3413 2107 3464 mense
2140 3404 2212 3466 et
2246 3394 2619 3470 indictione
2647 3403 3081 3495 pretitulatis.

691 3518 777 3587 Et
808 3515 986 3585 infra
1018 3513 1267 3584 eodem
1305 3523 1652 3585 caractere
1685 3513 2007 3585 scribitur
2037 3518 2285 3587 notarii
2318 3519 2623 3611 signum,
2670 3527 2867 3616 cujus
2910 3549 3163 3600 nomen
3207 3531 3401 3602 vide-

601 3648 709 3708 tur
736 3658 885 3709 esse
911 3635 1288 3728 Philippus.

703 4075 1163 4180 FridericuS,
1210 4074 1726 4155 Romanorum
1771 4078 2209 4182 imperator,
2262 4070 2648 4153 Bonifacio
2701 4072 3119 4155 marchioni
3165 4074 3396 4157 Mon-

602 4204 950 4286 tisferrati
988 4232 1253 4289 omnes
1280 4231 1632 4286 rancores
1683 4215 1757 4287 et
1790 4204 2112 4287 offensas
2157 4204 2506 4308 remittit,
2555 4228 2730 4283 eum
2763 4204 2860 4285 de
2896 4204 3115 4286 rectis
3152 4205 3398 4288 feudis

599 4362 794 4443 quae
836 4347 1037 4419 tenet
1090 4337 1187 4419 ab
1232 4337 1548 4445 imperio
1591 4338 1934 4442 investit,
1987 4335 2245 4418 omnia
2281 4333 2670 4443 privilegia
2706 4361 2753 4417 a
2796 4362 2876 4418 se
2925 4347 3000 4418 et
3044 4348 3396 4422 anteces-

602 4466 898 4548 soribus
945 4468 1101 4549 suis
1137 4468 1431 4549 indulta
1465 4468 1902 4574 confirmat,
1941 4478 2017 4549 et
2061 4478 2266 4548 ratas
2312 4465 2540 4547 habet
2580 4468 3115 4574 promissiones
3154 4471 3397 4553 eidem

682 4624 764 4704 (a)
809 4627 878 4686 In
905 4629 1173 4705 originali
1206 4626 1543 4689 Comradus.

753 4734 860 4795 VI.
3006 4748 3081 4800 42

3521 4090 3731 4144 Taurini,

3563 4147 3694 4198 julio.
