4364 5738
733 3336 941 3403 octobrss.

1032 575 1147 637 136
2021 575 2449 635 munemel
2501 576 2845 636 SECUNDI
3461 576 3624 659 [Ass.
3664 580 3835 641 1243.

1123 711 1587 800 Innocentius,
1622 711 2014 804 episcopus,
2046 720 2216 800 etc.‚
2250 709 2771 804 archiepiscopo
2800 708 3199 781 Arborensi.
3232 711 3342 781 Ex
3371 724 3564 805 parte
3594 714 3840 786 nobilis

1026 835 1334 906 mulieris
1365 832 1688 905 Adelasie
1722 834 2002 906 domine
2028 834 2382 926 judicatus
2418 834 2758 905 Turritani
2797 844 2868 905 et
2898 834 3195 906 Gallnris
3228 836 3431 908 nobis
3463 838 3692 908 extitit
3732 840 3836 909 in-

1030 959 1342 1029 timatum
1380 957 1564 1049 quod
1613 979 1770 1028 cum
1817 958 2082 1029 dudum
2117 978 2488 1052 pravorum
2523 956 2807 1028 seducta
2855 958 3140 1030 consilio
3187 958 3473 1029 Enzium
3515 961 3839 1057 principis

1027 1079 1240 1152 filium
1267 1082 1638 1176 recepisset
1661 1082 1730 1151 in
1757 1081 2015 1169 virum,
2043 1081 2337 1152 dilectus
2367 1079 2547 1150 filius
2573 1079 2919 1152 Orlandus
2942 1080 3411 1153 subdiaconus
3441 1093 3512 1153 et
3538 1087 3834 1180 capella-

1026 1228 1159 1277 nus
1200 1214 1460 1294 noster,
1501 1213 1664 1276 tunc
1705 1205 1773 1274 in
1819 1205 2135 1276 Sardinia
2168 1203 2564 1298 Apostolice
2601 1203 2800 1276 Sedis
2838 1206 3139 1295 legatuS,
3180 1205 3249 1275 in
3301 1207 3518 1300 ipsam
3561 1220 3839 1303 propter

1025 1329 1158 1402 hoc
1187 1328 1919 1400 excommunicationis
1946 1329 2358 1399 sententiam
2395 1328 2887 1422 promulgavit.
2922 1327 3119 1399 Unde
3144 1350 3304 1399 cnm
3332 1329 3576 1401 eadem
3607 1331 3697 1403 ad
3722 1353 3839 1403 cor

1027 1453 1302 1525 rediens
1327 1453 1496 1523 velit
1520 1452 1823 1524 Ecclesie
1855 1462 2038 1522 stare
2066 1452 2438 1541 mandatis,
2462 1451 2665 1522 nobis
2701 1451 2905 1522 duxit
2936 1449 3289 1522 humiliter
3309 1454 3837 1547 supplicandum

1027 1586 1106 1647 ut
1141 1586 1276 1647 tam
1321 1575 1451 1647 sibi
1495 1597 1703 1667 quam
1747 1575 1898 1646 aliis
1944 1575 2032 1647 de
2073 1574 2389 1646 Sardinia
2430 1573 2579 1669 ipsa
2615 1575 2735 1667 qui
2786 1574 2972 1646 dicto
3016 1575 3228 1646 Enzio
3270 1575 3673 1650 adherendo
3718 1599 3839 1650 ex-

1028 1699 1666 1772 communicationis
1705 1699 2059 1769 vinculum
2116 1699 2561 1770 incurrerunt
2601 1709 2672 1770 et
2717 1720 2902 1769 nunc
2953 1698 3044 1769 ad
3087 1698 3602 1771 defendendum
3654 1701 3835 1772 illam

1029 1824 1254 1896 eidem
1293 1822 1507 1894 nobili
1557 1832 1955 1893 constanter
1995 1822 2358 1912 assistunt,
2399 1822 2491 1893 ad
2524 1821 2929 1893 mandatum
2976 1822 3281 1893 Ecclesie
3325 1822 3551 1895 redire
3599 1824 3835 1896 volen-

1030 1948 1248 2037 tibus,
1283 1946 1735 2018 absolutionis
1776 1947 2158 2018 faceremus
2191 1943 2603 2016 beneficium
2642 1945 3002 2040 impertiri.
3039 1946 3362 2017 Volentes
3406 1946 3617 2038 igitur
3661 1948 3838 2019 illius

1029 2072 1224 2164 sequi
1255 2071 1541 2163 vestigia
1571 2071 1689 2162 qui
1724 2069 1938 2141 vitam
1967 2070 2349 2164 peccatoris
2382 2069 2731 2141 desiderat
2771 2079 2841 2141 et
2880 2091 3023 2141 non
3073 2079 3403 2160 mortem,
3445 2070 3836 2143 discretioni

1031 2205 1145 2265 tue
1177 2194 1602 2289 presentium
1649 2193 2053 2265 auctoritate
2091 2191 2586 2265 committimus
2616 2201 2693 2262 ut
2726 2201 2867 2263 tam
2911 2192 3248 2287 prefatam
3289 2192 3590 2263 nobilem
3632 2216 3838 2287 quam

1027 2320 1199 2390 alios
1238 2318 1587 2412 predictos
1623 2317 1715 2388 ad
1753 2317 2155 2388 mandatum
2195 2316 2499 2388 Ecclesie
2542 2314 2915 2387 redeuntes
2958 2319 3164 2408 juxta
3212 2317 3514 2388 Ecclesie
3553 2319 3839 2390 formam

1027 2443 1117 2514 ab
1172 2441 2002 2513 excommunicationibus
2060 2440 2474 2534 supradictis
2530 2441 2892 2532 absolvas,
2946 2441 3227 2534 proviso
3269 2461 3358 2512 ne
3409 2442 3479 2511 in
3530 2442 3840 2516 fraudem

1028 2566 1371 2639 absolutio
1403 2565 1799 2656 hujusmodi
1836 2564 2248 2657 postuletur.

1123 2692 1373 2761 Datum
1403 2688 1719 2758 Laterani
1755 2685 1888 2782 (l),
1923 2687 1987 2758 X
2020 2687 2352 2758 kalendas
2384 2686 2820 2776 novembris,
2850 2707 3036 2758 anno
3073 2687 3325 2782 primo.

1140 3296 1619 3378 Innocentius
1673 3322 1870 3404 papa
1934 3296 2359 3379 Guidonem
2422 3296 2710 3378 dictum
2780 3296 3148 3378 Guerram
3203 3295 3556 3378 comitem
3619 3292 3847 3376 Pala-

1035 3428 1281 3510 tinum
1333 3429 1683 3534 Tusciae,
1736 3431 1869 3537 qui
1923 3440 2291 3538 sequutus
2341 3427 2587 3511 fuerat
2645 3439 2899 3536 partes
2962 3428 3337 3511 Ecclesiae
3388 3429 3616 3511 etiam
3669 3453 3844 3510 cum

1034 3586 1317 3671 magno
1356 3561 1749 3669 dispendio
1794 3587 2052 3643 rerum
2109 3587 2470 3666 suarum,
2528 3561 2791 3669 recipit
2845 3560 2990 3643 sub
3040 3561 3344 3669 speciali
3394 3561 3847 3670 protectione

1032 3694 1406 3778 Ecclesiae
1461 3721 1638 3777 cum
1690 3695 2049 3777 omnibus
2104 3694 2361 3799 terriS,
2408 3694 3055 3803 possessionibus,
3115 3695 3420 3799 castriS,
3472 3693 3842 3802 jurisdic-

1032 3827 1368 3911 tionibus
1404 3840 1478 3910 et
1515 3827 1734 3909 bonis
1768 3828 1964 3933 suiS,
2009 3838 2084 3909 et
2118 3838 2418 3909 revocat
2454 3828 2710 3910 omnia
2748 3853 2881 3935 per
2918 3828 3167 3934 ipsum
3202 3827 3431 3933 facta,
3472 3828 3846 3936 promissa

1033 3973 1106 4042 et
1121 3961 1388 4068 ‘jurata
1424 3960 1480 4041 F
1483 3960 1800 4042 riderico
1839 3961 2355 4042 Romanorum
2391 3960 2857 4067 imperatori.

1105 4303 1176 4373 (t)
1217 4322 1243 4354 α
1267 4303 1454 4358 Mense
1484 4303 1719 4358 octobris
1745 4303 1888 4359 circa
1916 4301 2109 4359 festum
2138 4300 2391 4357 Omnium
2425 4300 2767 4370 Sanctorum,
2800 4302 3140 4358 Innocentius
3174 4315 3313 4374 papa
3344 4301 3545 4358 Urbem
3572 4301 3734 4356 intrat
3736 4340 3844 4356 .....

1035 4398 1117 4455 Ad
1144 4414 1304 4471 quem
1333 4414 1514 4456 comes
1541 4398 1890 4473 [Tolosanus]
1919 4400 2064 4457 vadit
2089 4406 2326 4455 tractans
2355 4401 2493 4456 inter
2519 4399 2693 4471 ipsum
2723 4405 2779 4456 et
2806 4399 3186 4471 imperatorem
3213 4398 3417 4455 bonum
3447 4398 3616 4470 pacis.
3646 4416 3673 4450 ι
3701 4397 3846 4453 Riec.

1035 4496 1098 4551 de
1123 4495 1186 4552 S.
1209 4496 1386 4551 Germ.
1423 4495 1673 4552 Chi-onie.
1695 4498 1759 4552 ad
1791 4512 1920 4552 ann.
1946 4497 2200 4554 Nicolaus
2227 4505 2406 4553 tamen
2434 4496 2504 4552 de
2526 4496 2726 4553 Curbio
2747 4496 2814 4552 ad
2839 4495 2989 4553 XVII
3014 4495 3279 4553 kalendas
3302 4494 3620 4552 novembris
3649 4497 3732 4567 (⁴6
3762 4508 3850 4551 oc·

1035 4592 1223 4662 tobi-is)
1251 4592 1480 4647 reditum
1503 4606 1677 4664 papae
1702 4593 1844 4666 apud
1873 4594 2094 4649 Romam
2126 4599 2405 4651 memorat.
2430 4594 2511 4651 Ex
2541 4593 2672 4666 ipsis
2693 4599 2875 4650 autem
2898 4592 3233 4651 documentis
3259 4593 3516 4665 majorem
3536 4592 3611 4648 ibi
3632 4591 3849 4649 Nicolao

1034 4690 1192 4747 fldem
1221 4688 1579 4745 adhibendam
1612 4703 1731 4744 esse
1756 4689 2131 4761 comperimus.
