4364 5738
512 658 717 717 lnmcr.
750 653 842 731 3.]
1408 651 1805 712 HISTORIA
1853 650 2446 713 DIPLOMATICA.
3221 654 3340 715 343

518 787 977 861 defendendis
1004 796 1244 859 contra
1276 786 1685 858 mandatum
1711 786 2167 881 apostolicum
2196 808 2270 857 se
2295 786 2613 881 opponit,
2644 786 3044 858 mandando
3077 788 3340 883 capita-

516 912 670 984 neis
696 911 861 983 fidei
899 920 969 982 et
1002 908 1291 982 notariis
1331 907 1597 980 domini
1634 929 1811 1003 pape
1838 907 2030 1003 quod
2067 908 2157 980 de
2185 907 2412 980 officio
2442 929 2568 979 suo
2605 930 2679 979 se
2708 910 3103 981 nullatenus
3129 910 3344 981 intro-

520 1034 828 1123 mittent,
874 1033 1183 1125 alioquin
1237 1041 1451 1126 ponet
1510 1052 1629 1103 eos
1678 1031 1750 1101 in
1805 1031 2116 1133 bannum
2172 1041 2448 1102 centum
2507 1031 2875 1121 librarum,
2918 1041 2989 1102 et
3036 1033 3341 1103 notarios

522 1157 834 1230 similiter
872 1157 947 1227 in
992 1168 1275 1230 centum
1311 1156 1522 1227 libras
1555 1155 2080 1245 condemnabit,
2119 1165 2190 1226 et
2220 1155 2408 1248 quod
2441 1155 2571 1226 sibi
2619 1156 2927 1250 precepit
2956 1155 3145 1247 quod
3179 1175 3340 1225 sen-

525 1280 808 1351 tentiam
857 1279 1070 1350 latam
1102 1287 1345 1350 contra
1394 1278 1643 1351 Pacem
1694 1278 1783 1350 de
1827 1281 2092 1350 Barone
2143 1288 2214 1350 et
2251 1279 2590 1350 Baronem
2641 1280 2919 1369 fratreS,
2958 1277 3136 1349 filios
3176 1278 3338 1350 olim

521 1396 832 1492 Baronis,
865 1412 1147 1473 revocet
1175 1409 1247 1473 et
1272 1412 1522 1491 casset,
1553 1403 1717 1494 quia
1749 1402 2027 1475 dicebat
2063 1423 2221 1473 eam
2253 1403 2465 1473 latam
2501 1411 2743 1473 contra
2772 1401 3176 1473 mandatum
3209 1401 3341 1470 im-

523 1527 896 1622 peratoris3
947 1526 1037 1597 de
1079 1547 1220 1619 quo
1266 1526 1598 1598 mandato
1645 1548 1776 1618 ego
1813 1526 2002 1598 idem
2047 1527 2358 1599 notarius
2400 1527 2487 1599 de
2531 1527 2859 1598 mandato
2909 1525 3073 1598 dicti
3117 1526 3344 1625 fratris

524 1649 880 1745 publicum
915 1648 1196 1721 condidi
1238 1649 1813 1739 instrumentum,
1847 1650 2009 1743 quia
2046 1672 2331 1744 presens
2372 1671 2560 1721 eram
2600 1651 2674 1720 in
2714 1649 3015 1743 capitulo
3055 1649 3343 1720 fratrum

523 1768 1042 1844 Predicatorum
1086 1793 1244 1843 cum
1284 1772 1509 1843 nuntii
1559 1774 1916 1866 potestatis
1964 1775 2356 1869 predictum
2405 1776 2631 1844 fecere
2672 1782 3103 1868 preceptum.
3145 1772 3348 1843 Unde

525 1913 653 1987 pro
680 1892 788 1963 his
813 1902 884 1964 et
911 1894 1145 1964 multis
1170 1894 1323 1964 aliis
1351 1916 1489 1986 que
1521 1877 1655 1965 boc
1684 1915 1869 1966 anno
1898 1896 2061 1966 fecit
2091 1906 2333 1968 contra
2363 1894 2572 1967 fidem
2605 1896 2770 1966 etin
2807 1897 3113 1967 favorem
3145 1894 3347 1966 here-

526 2014 819 2086 ticorum
872 2025 947 2086 et
995 2016 1345 2110 publicam
1398 2015 1868 2088 defensionem
1890 2069 1910 2106 ,
1949 2018 2282 2110 procedet
2336 2017 2720 2089 secundum
2765 2018 2956 2110 quod
3000 2018 3349 2090 videbitur

527 2137 863 2232 expedire
897 2147 967 2208 et
998 2137 1323 2209 dominus
1355 2159 1537 2232 papa
1569 2137 1878 2209 mandat.

623 2259 875 2332 Actum
906 2261 979 2330 in
1010 2260 1243 2354 platea
1270 2271 1507 2331 sancte
1538 2260 1751 2333 Marie
1776 2261 2061 2333 Novelle
2083 2314 2103 2351 ,
2145 2262 2584 2356 presentibus
2625 2263 2833 2333 fratre
2861 2262 3145 2333 Nicolao
3180 2263 3348 2332 sub·

460 2480 467 2486 ⁴
529 2383 784 2478 priore,
821 2382 1032 2455 fratre
1070 2382 1274 2461 Petro
1317 2384 1617 2472 Verone,
1653 2384 1864 2455 fratre
1908 2384 2246 2457 Morando
2288 2393 2359 2456 et
2397 2386 2609 2456 fratre
2646 2386 2902 2463 laccho
2949 2395 3020 2456 et
3066 2385 3349 2457 domino

528 2505 927 2579 Guidalotto
958 2507 1170 2599 vulgo
1202 2505 1357 2577 den’
1392 2505 1557 2577 Orco
1586 2516 1657 2577 et
1682 2505 1969 2580 domino
2000 2507 2244 2579 Amico
2271 2507 2362 2578 de
2391 2507 2677 2599 Valere,
2720 2516 2789 2578 et
2815 2505 3084 2579 infinita
3109 2507 3347 2602 populi

531 2629 1000 2701 multitudine.

625 2754 773 2846 Ego
815 2737 1111 2826 Michael
1153 2751 1243 2825 de
1279 2748 1696 2846 Burgonovo
1726 2753 2137 2825 auctoritate
2169 2753 2508 2847 imperiali
2545 2753 2853 2824 notarius
2884 2753 2994 2824 his
3029 2752 3351 2824 omnibus

534 2876 815 2948 interfui
864 2886 935 2948 et
985 2876 1076 2949 de
1121 2874 1450 2948 mandato
1505 2874 1672 2949 dicti
1703 2876 1968 2967 fratris,
2027 2885 2108 2949 ut
2157 2876 2477 2971 superius
2524 2877 2952 2967 continetur,
2984 2877 3227 2972 scripsi
3281 2886 3351 2948 et

533 2999 909 3092 publicavi.

641 3545 1069 3628 Fridericus
1084 3606 1108 3652 ,
1162 3546 1679 3630 Romanorum
1747 3549 2198 3657 imperator,
2274 3551 2631 3656 [Roberto
2701 3554 2797 3635 de
2871 3553 3306 3661 Castilione]
3328 3617 3352 3663 ,
3407 3575 3769 3684 [qffifflim

535 3677 911 3788 imperiali
939 3678 1021 3759 in
1047 3677 1386 3763 Marchia
1415 3679 1839 3787 capitaneo,
1870 3683 2301 3791 congaudet
2328 3683 2426 3766 de
2452 3683 2668 3767 novis
2699 3710 2896 3794 quae
2932 3687 3076 3770 sibi
3107 3700 3355 3771 trans-
3695 3660 3706 3671 ⁸

412 3913 421 3924 ι
536 3810 745 3894 misit
791 3836 1021 3920 super
1063 3810 1263 3894 facto
1296 3811 1970 3897 ⁴Camerinensium
2009 3827 2086 3899 et
2133 3817 2699 3901 Anconensium
2742 3817 3036 3926 imperii
3092 3820 3355 3902 rebel-

536 3943 787 4051 lium,¹
807 3968 1128 4028 monens
1163 3953 1413 4026 tamen
1455 3946 1664 4054 quod
1709 3946 1791 4026 in
1828 3947 2361 4057 aggrediendis
2394 3950 2699 4033 Venetis
2736 3952 3246 4059 supersedeat.

697 4170 890 4248 (Edit.
920 4188 1021 4249 ap.
1056 4171 1225 4233 Petri
1264 4169 1335 4231 de
1384 4170 1512 4232 Vin.
1545 4143 1741 4253 epist,
1774 4174 1880 4237 llb.
1912 4173 1986 4245 V.
2018 4192 2152 4253 cap.
2179 4175 2380 4250 LXII,
2410 4176 2549 4238 coll.
2591 4192 2730 4236 cum
2763 4176 3063 4240 codicibus
3088 4179 3358 4243 Guelfer-

773 4275 978 4339 bltano
1001 4284 1064 4338 et
1088 4277 1707 4356 Mediomontanensl.)

608 4464 1057 4568 vFridericus,
1095 4491 1233 4551 etc.
1280 4479 1568 4575 Recepit
1607 4481 2021 4552 excellentia
2061 4489 2299 4552 nostra
2329 4482 2564 4554 literas
2599 4502 2773 4576 quas
2802 4485 3081 4579 misisti,
3119 4499 3361 4584 etque

535 4597 1070 4669 continebantur
1100 4601 1172 4673 in
1201 4603 1302 4674 eis
1328 4604 1537 4698 pleno
1579 4603 1985 4695 collegimus
2015 4603 2398 4677 intellectu.
2430 4605 2633 4690 Quod
2664 4618 2897 4680 autem
2931 4611 3261 4706 scripsisti
3292 4624 3360 4684 te

538 4717 797 4792 habere
822 4732 1150 4816 paratum
1178 4727 1563 4799 exercitum
1597 4725 1687 4798 de
1727 4736 1869 4799 tota
1898 4727 2201 4801 Marchia
2232 4732 2629 4820 generalem
2646 4785 2667 4822 ,
2697 4732 2794 4804 ita
2825 4732 3017 4828 quod
3051 4735 3166 4808 die
3200 4736 3359 4809 sab·
