4364 5738
644 2776 797 2830 [cm
807 2775 1012 2833 julium]

1072 566 1195 629 446
2078 567 2505 629 rmnssnlcl
2555 566 2903 630 ssscumm
3510 571 3675 649 [Ans.
3714 573 3885 637 1246.

1073 701 1456 774 extalleriis
1488 702 1900 798 supradictis
1924 713 2004 773 ut
2032 702 2421 797 predictum
2456 702 2757 798 priorem
2785 722 2913 798 pro
2940 712 3139 798 parte
3169 702 3480 798 predicte
3509 709 3798 781 ecclesie
3825 722 3891 783 et

1075 824 1392 898 homines
1431 824 1934 921 suprascriptos
1975 826 2048 896 in
2095 825 2461 918 exigendis
2505 847 2630 898 sue
2677 845 2853 916 una,
2897 825 3112 899 ariete
3154 847 3298 899 uno
3347 837 3421 901 et
3465 841 3713 924 vegete
3752 855 3887 906 una

1071 949 1216 1020 vini
1251 960 1321 1020 et
1350 949 1679 1044 operibus
1709 950 1801 1022 ab
1839 950 2236 1023 hominibus
2276 951 2562 1046 prefatis
2606 971 2744 1023 non
2785 951 3157 1023 molestent
3188 971 3320 1024 nec
3359 954 3761 1052 permittant
3801 957 3888 1030 ab

1070 1073 1306 1167 aliquo
1358 1074 1733 1146 molestari.
1775 1074 1980 1163 Quod
2022 1084 2257 1148 autem
2301 1075 2619 1169 superius
2650 1074 2830 1146 inter
2862 1073 3168 1167 virgulas
3203 1076 3539 1171 scriptum
3577 1090 3684 1150 est
3717 1081 3883 1172 legi·

1073 1207 1186 1269 tur
1217 1197 1602 1292 presentia,
1640 1209 1711 1268 et
1755 1197 1983 1269 taliter
2029 1219 2160 1291 ego
2201 1197 2531 1272 Unfridus
2565 1197 2885 1293 puplicns
2918 1198 3281 1271 Sarnensis
3311 1201 3622 1275 notarius
3649 1204 3770 1297 qni
3798 1204 3887 1276 ad

1071 1320 1202 1393 hec
1247 1330 1528 1412 rogatus
1575 1320 1855 1392 interfui
1904 1321 2084 1394 hanc
2130 1323 2471 1394 cartulam
2517 1321 2795 1418 propria
2834 1343 3046 1394 manu
3094 1323 3337 1418 scripsi
3377 1335 3448 1398 et
3492 1346 3649 1398 meo
3694 1327 3883 1420 signo

1070 1444 1365 1537 signavi.

1165 1569 1217 1660 †
1252 1569 1401 1660 Ego
1432 1569 1631 1660 Hugo
1662 1567 1853 1640 ollim
1872 1567 2099 1660 judex
2131 1568 2324 1640 testis
2352 1590 2535 1640 sum.

1171 1689 1223 1780 †
1253 1692 1402 1783 Ego
1431 1690 1550 1784 qui
1582 1713 1789 1786 supra
1814 1692 2190 1765 Riccardus
2205 1693 2459 1786 judex.

1168 1813 1219 1904 †
1251 1816 1397 1908 Ego
1422 1814 1765 1909 dompnus
1790 1815 2101 1909 Ligorius
2138 1816 2259 1910 qui
2293 1828 2574 1910 rogatus
2606 1817 2884 1889 interfui
2919 1818 3110 1890 testis
3136 1839 3315 1890 sum.

1165 1940 1216 2031 †
1247 1940 1393 2032 Ego
1425 1939 1753 2014 Unfridns
1778 1940 1944 2011 olim
1963 1940 2191 2032 judex
2217 1941 2337 2034 qui
2366 1952 2647 2034 rogatus
2674 1941 2955 2013 interfui
2989 1942 3182 2014 testis
3213 1963 3392 2014 snm.

1163 2064 1214 2155 †
1245 2064 1391 2155 Ego
1422 2062 1749 2155 magister
1778 2063 2084 2135 Marinus
2114 2064 2234 2159 qui
2270 2077 2551 2157 rogatus
2582 2066 2862 2138 interfui
2897 2067 3089 2137 testis
3113 2088 3293 2137 snm.

1160 2189 1212 2279 ·1-
1245 2189 1390 2280 Ego
1413 2187 1763 2260 Iohannes
1797 2187 1984 2260 Citus
2018 2189 2211 2260 testis
2241 2210 2422 2262 sum.

1173 2751 1530 2836 Albertus
1587 2752 1713 2858 [de
1761 2750 2079 2856 Beham]
2134 2749 2595 2861 Pataviensis
2650 2751 2984 2832 decanus
3032 2776 3076 2834 e
3123 2749 3467 2835 Romana
3515 2750 3728 2834 curia
3775 2749 3870 2831 ad

1067 2887 1421 2972 Ottonem
1469 2884 1832 2968 Bavariae
1880 2885 2153 2966 ducem
2205 2884 2561 2966 instantia
2608 2883 2927 2967 consilia
2971 2882 3453 2990 transmittit,
3494 2893 3581 2967 ut
3624 2884 3872 2992 ipsum

1064 3018 1399 3100 retrahat
1458 3017 1555 3098 ab
1615 3017 1825 3099 omni
1899 3015 2284 3098 affinitatis
2358 3015 2655 3098 foedere
2707 3041 2885 3099 cum
2948 3015 3326 3099 Friderico
3391 3014 3493 3098 ab
3545 3014 3870 3101 Ecclesia

1063 3151 1426 3232 damnato
1446 3210 1471 3256 ,
1549 3148 1876 3230 suadens
1947 3174 2043 3230 ne
2113 3147 2687 3232 matrimonium
2760 3147 2960 3232 filiae
3022 3173 3207 3231 suae
3276 3174 3455 3231 cum
3520 3149 3869 3234 Cunrado

1063 3281 1403 3391 ejusdem
1439 3280 1799 3364 Friderici
1837 3280 1993 3363 filio
2028 3282 2127 3362 ad
2164 3280 2901 3365 consummationem
2936 3281 3324 3390 perducat.

1225 3497 1430 3577 (Edid.
1462 3499 1725 3566 Roma,
1752 3499 1962 3559 Kaisar
1984 3496 2218 3561 Friedr.
2248 3497 2330 3575 11,
2356 3499 2616 3575 docum,
2644 3515 2708 3575 p.
2742 3506 2893 3570 406,
2924 3506 2991 3557 n⁰
3022 3506 3122 3571 50,
3149 3513 3183 3557 e
3207 3497 3340 3558 cod.
3372 3497 3512 3565 Alb.
3542 3495 3780 3558 Bohcm.
3806 3499 3867 3557 ln

1301 3603 1450 3665 Bibl.
1481 3620 1605 3682 reg.
1639 3605 1899 3681 Monac„
1929 3606 2030 3665 fol.
2066 3604 2233 3682 102.)

1158 3787 1531 3859 Karissimo
1555 3785 1837 3858 domino
1867 3805 1993 3858 suo
2019 3786 2253 3857 Ottoni
2277 3785 2524 3857 illustri
2550 3784 2712 3857 duci
2734 3784 3053 3856 Bawarie
3077 3784 3312 3857 comiti
3327 3786 3638 3865 Palatino
3649 3786 3865 3859 Rheni

1057 3912 1385 3985 Alhertus
1408 3911 1715 3982 decanus
1731 3907 2179 3997 Pataviensis‚
2209 3909 2361 4000 ejus
2390 3917 2769 4003 compater,
2797 3908 2870 3979 in
2902 3908 3210 3980 Romana
3240 3910 3432 3983 curia
3461 3911 3866 3982 constitutus

1055 4035 1262 4109 fidele
1295 4033 1656 4107 servitium
1693 4042 1761 4105 et
1799 4033 2156 4106 devotum.
2195 4031 2543 4116 Quantum
2581 4052 2711 4122 ego
2750 4031 2951 4103 vobis
2985 4031 3339 4103 servierim
3377 4042 3621 4105 contra
3659 4033 3864 4105 fortes

986 4221 992 4228 .
1061 4158 1406 4254 principes
1458 4166 1529 4228 et
1581 4167 1897 4251 potentes
1946 4165 2373 4248 quantumve
2420 4176 2545 4227 vos
2588 4153 2951 4226 dilexerim
3002 4174 3146 4225 non
3192 4155 3416 4229 solum
3458 4155 3861 4227 Alemannia

1061 4290 1203 4352 tota
1249 4281 1477 4369 novit,
1526 4301 1768 4350 verum
1819 4279 2025 4351 etiam
2076 4278 2355 4351 Boemia
2396 4288 2467 4350 et
2510 4279 2812 4350 Moravia
2853 4299 2993 4349 non
3045 4277 3343 4370 ignorat.
3395 4279 3535 4350 Illis
3569 4300 3862 4373 namque

1058 4403 1304 4475 diebus
1344 4403 1596 4497 quibus
1635 4402 1809 4474 meis
1846 4402 2149 4475 consiliis
2185 4411 2413 4475 vestra
2458 4402 2792 4473 serenitas
2834 4402 3206 4493 regebatur
3237 4401 3416 4474 bene
3446 4402 3646 4474 vobis
3676 4412 3853 4491 erat,

1054 4527 1236 4599 bene
1283 4527 1492 4598 etiam
1536 4527 1736 4599 vobis
1780 4527 1852 4597 in
1903 4526 2226 4599 omnibus
2278 4524 2721 4597 succedebat.
2778 4524 2952 4595 Nam
3002 4525 3185 4595 inter
3233 4545 3477 4597 omnes
3520 4525 3860 4620 principes

1052 4649 1464 4724 Alemannie
1490 4671 1617 4723 vos
1642 4662 2073 4722 sacrosancta
2095 4649 2404 4721 Romana
2431 4648 2735 4721 Ecclesia
2764 4668 2887 4742 pre
2920 4647 3167 4721 ceteris
3192 4647 3559 4741 diligebat,
3579 4649 3860 4743 cupiens
