4364 5738
572 540 774 603 hrmcr.
806 542 901 620 2.]
1458 541 1854 604 HISTORIA
1907 541 2504 606 DIPLOMATICA.
3284 545 3398 605 133

575 685 968 748 teneantur.
1007 677 1243 747 Castra
1275 695 1480 766 vero,
1524 677 1711 766 loca,
1748 679 1952 751 villas
1993 689 2064 751 et
2102 687 2322 749 terras
2351 677 2515 747 sitas
2541 674 2614 744 in
2647 674 3049 769 episcopatu
3084 676 3398 771 predicto

574 809 643 871 et
675 821 917 872 omnes
956 798 1352 871 habitantes
1394 799 1464 868 in
1513 799 1612 870 eis
1651 802 2013 896 capitaneo
2046 801 2164 895 qui
2207 821 2333 894 per
2374 819 2503 870 nos
2536 808 2607 870 et
2646 798 3014 892 imperium
3056 820 3183 893 pro
3223 811 3399 871 tem-

572 943 740 1017 pore
788 923 859 993 in
913 933 1094 994 terra
1128 921 1442 1017 predicta
1481 932 1778 995 statutus
1818 926 2025 997 fuerit
2079 922 2482 1014 subjicimus
2524 931 2602 991 ut
2642 920 2733 991 ad
2764 921 3100 1012 justitiam
3140 922 3397 994 facien-

572 1038 734 1118 dam
768 1069 1001 1118 coram
1033 1046 1186 1142 ipso
1225 1046 1312 1117 ad
1353 1047 1875 1141 requisitionem
1903 1049 2155 1144 ipsiuS‚
2189 1047 2614 1134 exercitum,
2649 1045 3107 1133 cavalcatam,
3145 1048 3397 1118 collec-

574 1179 742 1261 tam,
770 1170 997 1262 dacia,
1032 1171 1355 1263 angarias
1389 1181 1459 1241 et
1487 1174 1931 1265 perangarias
1960 1183 2030 1243 et
2064 1172 2299 1244 omnia
2328 1172 2462 1241 alia
2494 1169 2773 1240 servitia
2795 1168 2887 1239 ad
2915 1190 3052 1261 que
3080 1178 3402 1242 tenentur

573 1302 642 1365 et
678 1295 939 1367 debent
972 1295 1201 1366 facere
1245 1303 1612 1365 teneantur
1647 1306 1719 1366 et
1750 1296 1881 1367 sibi
1915 1316 2044 1391 pro
2084 1304 2283 1389 parte
2317 1304 2552 1365 nostra
2586 1305 2656 1363 et
2688 1293 2958 1386 imperii
2990 1291 3080 1364 de
3112 1294 3400 1385 singulis

571 1418 901 1511 predictis
939 1419 1247 1491 debeant
1279 1419 1728 1514 respondere.
1772 1420 2027 1491 Sedilia
2058 1439 2231 1490 vero
2264 1428 2335 1490 et
2368 1415 2636 1489 edificia
2670 1416 2743 1486 in
2777 1424 2958 1486 terra
2995 1417 3144 1509 ipsa
3178 1416 3397 1488 Cone-

570 1540 760 1631 glaui
802 1542 1175 1613 constituta
1216 1562 1344 1637 per
1383 1562 1680 1613 comune
1722 1552 1794 1613 et
1835 1541 2150 1614 homines
2195 1539 2482 1612 Tarvisii
2529 1561 2652 1610 seu
2702 1539 2973 1631 aliquos
3013 1538 3400 1633 proditores

574 1672 644 1734 et
676 1664 971 1736 rebelles
1003 1676 1279 1737 nostros
1319 1664 1519 1737 nobis
1562 1674 1635 1736 et
1677 1666 1967 1760 imperio
2017 1673 2255 1736 nostro
2289 1674 2627 1758 perpetuo
2664 1661 3144 1750 vendicamus,
3177 1663 3399 1735 dictos

570 1786 885 1860 homines
924 1790 1299 1881 Coueglani
1343 1788 1586 1861 fideles
1625 1800 1899 1862 nostros
1941 1790 2031 1861 ab
2072 1789 2395 1861 omnibus
2431 1787 2685 1858 debitis
2717 1786 2960 1880 pactiS‚
2998 1786 3395 1879 promissio·

572 1910 778 1982 nibus
830 1923 901 1981 et
942 1912 1461 1999 securitatibuS,
1509 1909 2073 2003 fidejussionibus
2126 1912 2326 1982 factis
2372 1921 2444 1981 et
2491 1909 2744 1982 habitis
2794 1931 2953 1980 cum
3003 1909 3399 1983 hominibus

572 2032 863 2103 Tarvisii
911 2045 981 2103 et
1037 2034 1189 2103 aliis
1245 2033 1711 2127 proditoribus
1761 2045 1830 2105 et
1877 2033 2256 2116 rebellibus
2305 2037 2558 2104 nostris
2611 2044 2682 2103 et
2731 2033 2801 2102 in
2846 2032 3398 2125 quibuscumque

573 2155 727 2226 aliis
756 2156 985 2227 causis
1008 2156 1078 2226 in
1109 2178 1182 2226 re
1211 2156 1445 2248 aliqua
1480 2169 1880 2229 tenerentur
1911 2158 2191 2253 penitus
2224 2156 2691 2245 absolventeS‚
2721 2155 2850 2224 nisi
2886 2154 3187 2227 feudalia
3219 2157 3393 2249 sint;

570 2277 660 2349 de
693 2277 947 2370 quibus
979 2279 1301 2350 volumus
1335 2278 1406 2349 in
1447 2278 1650 2350 nobis
1683 2289 1754 2350 et
1784 2280 2074 2375 imperio
2114 2280 2333 2351 teneri
2369 2279 2547 2349 sicut
2579 2278 2907 2372 predictis
2933 2278 3399 2373 proditoribus

570 2399 823 2469 nostris
881 2410 950 2470 et
983 2400 1359 2473 rebellibus
1408 2403 1849 2474 tenebantur.
1902 2405 2001 2474 De
2056 2400 2546 2474 abundantiori
2594 2422 2872 2493 quoque
2926 2400 3397 2474 munificentie

571 2533 805 2593 nostre
846 2525 1067 2615 gratia
1113 2525 1375 2597 eisdem
1422 2524 1743 2597 fidelibus
1790 2526 2044 2596 nostris
2089 2526 2554 2620 permittimus
2585 2534 2667 2594 ut
2704 2525 2761 2594 si
2807 2534 3110 2619 potestas
3156 2546 3398 2598 eorum

571 2666 780 2737 quam
809 2647 909 2717 eis
942 2668 1069 2740 pro
1103 2657 1414 2743 tempore
1446 2649 1784 2721 celsitudo
1814 2659 2048 2720 nostra
2096 2651 2544 2740 concesserit,
2582 2648 2814 2719 medio
2848 2659 3157 2742 tempore
3191 2650 3396 2723 officii

572 2769 680 2838 sui
710 2770 1112 2861 decesserit,
1143 2772 1538 2844 facultatem
1564 2773 1868 2845 habeant
1899 2795 1940 2843 a
1969 2773 2229 2844 vicario
2256 2783 2493 2843 nostro
2516 2771 2823 2865 ipsarum
2848 2773 3148 2865 partium
3174 2785 3398 2867 potes-

575 2902 785 2966 tatem
835 2906 1075 2989 petere
1118 2906 1192 2968 et
1225 2898 1316 2968 ab
1370 2899 1619 2970 eodem
1652 2899 1998 2992 recipere,
2045 2898 2272 2973 donec
2321 2918 2529 2991 super
2578 2918 2659 2967 eo
2688 2918 2815 2991 per
2849 2897 3034 2992 ipsos
3072 2899 3397 2989 majestas

573 3026 808 3089 nostra
843 3019 1115 3112 plenius
1164 3023 1567 3092 consulatur
1601 3049 1616 3091 z
1654 3022 1993 3117 presentis
2025 3020 2372 3116 privilegii
2418 3021 2634 3092 nostri
2670 3021 3079 3092 auctoritate
3111 3018 3398 3093 firmiter

572 3149 955 3211 statuentes
1009 3153 1352 3234 quatenus
1406 3145 1640 3215 nullus
1695 3146 1995 3237 legatus,
2059 3145 2245 3236 dux,
2302 3145 2657 3240 princeps,
2716 3145 3058 3236 marchio,
3123 3168 3389 3238 comes„

572 3264 995 3353 vicecomeS‚
1038 3265 1249 3355 baro,
1290 3276 1682 3358 cattaneuS‚
1719 3270 2157 3363 capitaneuS,
2190 3278 2530 3363 potestaS‚
2570 3279 2824 3359 rector,
2856 3289 3187 3359 comune,
3225 3291 3393 3341 con-

572 3387 757 3457 sules
783 3389 893 3458 vel
920 3388 1152 3482 aliqua
1177 3411 1474 3481 persona
1498 3393 1636 3462 alta
1662 3393 1773 3461 vel
1798 3392 2105 3481 humiliS‚
2128 3391 2591 3495 ecclesiastica
2610 3393 2726 3462 vel
2752 3392 3134 3482 mundana,
3154 3403 3396 3466 contra

572 3510 913 3602 presentis
946 3511 1435 3605 exemptioni8‚
1466 3515 1938 3605 subjectionis,
1970 3515 2480 3605 vindicationiS,
2518 3516 2970 3587 absolutionis
3002 3526 3237 3588 nostre
3268 3539 3391 3613 pa·

573 3632 802 3723 ginam
833 3634 1073 3706 venire
1106 3649 1487 3728 presumat.
1527 3637 1731 3723 Quod
1763 3639 1883 3730 qui
1930 3639 2427 3733 presumpserit
2457 3638 2528 3708 in
2571 3638 2951 3709 vindictam
2991 3640 3396 3711 temeritatis

574 3775 695 3825 sue
737 3767 1017 3828 centum
1065 3758 1278 3830 libras
1316 3760 1466 3831 auri
1511 3782 1587 3832 se
1635 3744 2178 3856 compositurum
2219 3772 2576 3853 agnoscat,
2613 3783 2911 3855 quarum
2952 3763 3393 3834 medietatem

574 3879 761 3950 curie
799 3893 1033 3954 nostre
1064 3885 1444 3977 persolvat,
1479 3885 1747 3979 reliqua
1779 3886 1998 3980 passis
2024 3886 2349 3978 injuriam
2382 3886 2821 3981 applicanda.
2858 3886 2946 3956 Ut
2988 3886 3197 3977 igitur
3232 3907 3393 3981 pre·

576 4003 780 4074 missa
823 4005 1055 4076 omnia
1100 4007 1510 4081 inconcussa
1553 4019 2006 4104 permaneant
2051 4019 2122 4081 et
2173 4010 2245 4080 in
2303 4032 2428 4081 sua
2474 4008 2936 4104 perpetuitate
2977 4008 3389 4100 consistant,

575 4147 861 4219 presens
896 4129 1337 4224 privilegium
1372 4131 1523 4204 fieri
1554 4144 1625 4205 et
1657 4134 1848 4205 bulla
1886 4155 2099 4206 aurea
2127 4133 2352 4226 sigillo
2385 4143 2620 4204 nostre
2654 4130 3033 4223 majestatis
3065 4132 3396 4227 impressa

566 4249 901 4339 jussimus
932 4256 1367 4328 communiri.

670 4374 890 4466 Hujus
927 4379 1023 4449 rei
1073 4388 1284 4452 testes
1325 4390 1491 4452 suut
1544 4408 1561 4452 ε
1609 4382 1983 4456 Riccardus
2019 4401 2253 4453 comes
2293 4380 2738 4469 casertanus,
2781 4380 2958 4451 sacri
2999 4380 3267 4475 imperii
3306 4382 3397 4453 ab

574 4496 840 4569 Amelia
899 4522 1117 4593 usque
1175 4504 1547 4575 Cornetum
1599 4515 1671 4575 et
1731 4527 1858 4601 per
1917 4514 2129 4581 totam
2182 4503 2597 4575 Maritimam
2653 4503 2951 4576 vicarius
3009 4504 3390 4595 generalis,

576 4619 957 4693 Pandulsus
992 4623 1080 4694 de
1121 4626 1514 4699 Faxanellis
1559 4629 1737 4700 sacri
1777 4627 2046 4724 imperii
2089 4627 2160 4698 in
2204 4627 2446 4699 Tuscia
2486 4628 2826 4720 generalis
2862 4627 3191 4717 vicarius,
3237 4624 3392 4698 Ric-
