4364 5738
705 1413 927 1467 Veronae,

738 1466 885 1520 junio.

1043 598 1164 662 306
2032 600 2461 664 FRIDERICI
2510 601 2855 664 sEcumm
3477 600 3641 678 [Anu.
3678 600 3850 661 1245.

1138 735 1395 805 Datum
1421 733 1694 805 Verone
1719 755 1848 829 per
1874 754 2124 805 manns
2148 736 2457 828 magistri
2482 734 2889 808 werdensis
2910 732 3269 831 prepositi,
3301 733 3678 830 imperialis
3701 735 3856 806 aule

1046 857 1333 946 notarii,
1370 877 1589 948 anno,
1628 878 1868 930 mense
1906 867 1978 930 et
2007 856 2383 931 indictione
2417 857 2837 955 prescriptis.

2240 1160 2310 1170 —
2321 1154 3451 1170 φήσω-.-

1156 1418 1619 1524 Fridericus‚
1673 1418 2194 1501 Romanorum
2242 1419 2681 1527 imperator,
2737 1417 2839 1499 ad
2889 1415 3512 1526 supplicationem
3562 1412 3854 1496 Henrici

1050 1549 1148 1631 de
1211 1548 1651 1631 Hohenlohe
1720 1549 2063 1658 magistri
2137 1550 2414 1633 domus
2482 1550 2803 1633 Sanctae
2846 1548 3124 1633 Mariae
3175 1547 3847 1648 Theutonicorum‚

1050 1681 1620 1789 compositionis
1688 1691 1994 1788 pactum
2059 1682 2256 1763 inter
2312 1682 2734 1766 iohannem
2784 1681 3344 1765 Lausanensem
3412 1680 3730 1762 electum
3785 1688 3858 1760 et

1050 1814 1366 1895 domum
1414 1812 2052 1896 Theutonicorum
2103 1839 2308 1897 anno
2351 1817 2555 1896 1245
2599 1814 2875 1897 initum
2929 1838 3157 1922 super
3194 1812 3505 1896 ecclesia
3557 1810 3854 1894 Chuni-

1049 1946 1284 2053 censi,
1326 1945 1749 2028 confirmat.

1213 2160 1402 2235 (Edit.
1431 2177 1525 2238 ap.
1556 2157 1771 2221 Solone.
1819 2156 2166 2234 Wocloenbl„
2195 2176 2337 2221 ann.
2375 2168 2527 2221 1828
2540 2204 2560 2235 ,
2590 2170 2658 2222 n⁰
2686 2169 2797 2238 24,
2838 2177 2899 2238 p.
2933 2167 3048 2220 242
3087 2166 3148 2220 et
3174 2168 3324 2237 2443
3354 2175 3514 2220 nnnc
3550 2158 3684 2219 coll.
3723 2175 3853 2219 cnm

1288 2263 1615 2345 copialbuclt
1632 2267 1761 2327 ord.
1784 2268 2092 2327 Teutonic.
2124 2269 2186 2326 in
2213 2267 2455 2327 archivo
2480 2267 2898 2345 Konigsberg„
2927 2268 3100 2343 cujus
3126 2266 3296 2326 nobis
3324 2264 3638 2325 liberanter
3660 2264 3734 2325 cl.
3766 2266 3853 2323 vir

1288 2373 1471 2450 Voigt
1504 2374 1732 2449 copiam
1766 2371 1924 2432 fecit.
1964 2371 2154 2432 Adest
2188 2389 2424 2450 quoque
2453 2375 2515 2432 in
2543 2369 2766 2433 Solocla.
2817 2366 3169 2447 Woclambl„
3199 2370 3371 2447 ibid„
3410 2387 3472 2448 p.
3524 2377 3663 2441 243,
3702 2370 3857 2445 prior

1286 2476 1660 2538 confirmatio
1687 2476 1764 2536 ab
1790 2479 2136 2538 Innocentio
2165 2478 2252 2538 IV
2277 2478 2420 2538 data
2444 2477 2738 2550 Laterani,
2759 2476 2885 2540 Kal.
2918 2476 3097 2554 febr„
3125 2475 3391 2554 pontino.
3432 2492 3591 2536 anno
3616 2472 3849 2553 primo.)

1144 2661 1565 2751 Fridericus‚
1607 2660 1735 2735 Dei
1769 2662 1990 2753 gratia
2032 2664 2500 2733 Romanorum
2540 2661 2916 2756 imperator
2947 2683 3222 2756 semper
3251 2672 3622 2753 augustus,
3660 2662 3852 2732 Jeru-

1048 2787 1263 2859 salem
1310 2797 1380 2857 et
1409 2785 1637 2858 Sicilie
1678 2807 1834 2856 rex.
1883 2784 2228 2880 Imperiali
2265 2784 2657 2856 celsitudini
2691 2785 2878 2857 cedit
2914 2785 3007 2857 ad
3046 2786 3337 2879 gloriam
3377 2806 3660 2857 suorum
3695 2794 3851 2856 vota

1049 2910 1356 2983 fidelium
1384 2909 1687 3001 benigno
1722 2910 1958 2980 favore
1995 2908 2339 3002 respicere
2378 2919 2448 2979 et
2470 2911 2696 3000 justas
2738 2910 3275 3004 supplicationes
3310 2930 3553 2981 eorum
3588 2909 3853 2981 favora-

1046 3032 1278 3104 biliter
1306 3031 1668 3102 exaudire.
1705 3032 1881 3102 Hinc
1929 3041 2035 3101 est
2079 3031 2289 3123 igitur
2313 3031 2506 3125 quod
2546 3053 2675 3127 per
2711 3053 3001 3126 presens
3048 3033 3382 3128 scriptum
3419 3042 3665 3104 notum
3710 3030 3853 3102 fieri

1046 3155 1369 3226 volumus
1404 3153 1745 3224 universis
1788 3153 2057 3247 imperii
2104 3152 2427 3225 fidelibus
2464 3163 2605 3225 tam
2646 3155 3083 3248 presentibus
3123 3177 3334 3249 quam
3380 3156 3631 3227 suturis
3672 3153 3854 3249 quod

1048 3280 1262 3350 frater
1320 3275 1679 3347 Heinricus
1728 3276 1815 3347 de
1869 3274 2302 3365 Hohenlohe,
2331 3277 2751 3348 venerabilis
2813 3279 3140 3370 magister
3201 3278 3559 3373 hospitalis
3613 3279 3855 3349 Sancte

1047 3400 1262 3475 Marie
1292 3400 1873 3471 Theutonicorum
1902 3400 2478 3491 Jerusalemitani‚
2514 3399 2736 3473 fidelis
2764 3412 3027 3493 noster,
3056 3402 3340 3474 culmini
3367 3412 3604 3474 nostro
3634 3400 3853 3496 quod-

1044 3526 1210 3598 dam
1254 3524 1586 3617 scriptum
1632 3523 2201 3618 compositionem
2247 3523 2430 3595 inter
2470 3523 2753 3595 domum
2791 3546 2988 3597 suam
3034 3535 3106 3597 et
3142 3526 3529 3597 Iohannem
3565 3543 3852 3596 venera·

1043 3650 1255 3721 bilem
1290 3649 1799 3718 Lausanensem
1850 3646 2252 3740 episcopum
2295 3656 2366 3718 et
2410 3647 2786 3741 capitulum
2833 3648 2984 3739 ejus
3019 3670 3228 3743 super
3271 3649 3565 3721 ecclesia
3602 3646 3853 3728 Chuni-

1043 3772 1232 3846 censi
1271 3771 1510 3842 initam
1537 3770 1898 3841 continens
1934 3770 2392 3863 presentavit,
2429 3771 2781 3842 serenitati
2815 3782 3049 3845 nostre
3083 3773 3483 3867 supplicans
3510 3771 3855 3843 humiliter

1045 3906 1119 3969 et
1148 3896 1399 3968 devote
1432 3903 1775 3987 quatenus
1804 3893 2026 3987 ipsam
2060 3893 2630 3988 compositionem
2661 3904 2884 3966 ratam
2916 3895 3175 3967 habere
3218 3906 3291 3968 et
3326 3894 3733 3969 confirmare
3767 3893 3853 3966 de

1043 4029 1280 4092 nostra
1308 4017 1528 4111 gratia
1558 4016 2028 4108 dignaremur.
2071 4016 2280 4106 Cujus
2313 4025 2512 4088 tenor
2546 4038 2674 4112 per
2705 4019 2939 4090 omnia
2971 4020 3126 4091 talis
3153 4029 3259 4091 est
3290 4046 3310 4089 ε

1142 4144 1468 4214 Albertus
1499 4139 1889 4235 prepositus
1915 4139 2093 4211 Novi
2130 4139 2371 4231 Castri,
2404 4141 2605 4232 Hugo
2641 4151 2884 4214 cantor
2921 4143 3314 4214 Basiliensis
3346 4153 3418 4215 et
3454 4139 3855 4237 Rndolphus

1046 4264 1353 4336 decanus
1398 4265 1488 4335 de
1545 4263 1828 4335 Viviaco
1877 4260 1977 4359 (a)
2018 4262 2442 4356 presentium
2497 4264 2870 4337 lectoribus
2926 4267 3240 4338 notitiam
3291 4265 3850 4360 subscriptorum.

1045 4388 1214 4459 Cum
1252 4389 1449 4458 facile
1491 4388 1811 4459 labantur
1851 4388 1941 4459 ab
1973 4387 2333 4460 hominum
2366 4390 2699 4460 memoria
2745 4412 2884 4483 que
2930 4401 3269 4483 geruntur
3317 4391 3375 4463 si
3408 4390 3678 4485 scriptis
3722 4409 3854 4459 non

1048 4510 1302 4582 suerint
1335 4513 1841 4602 commendata,
1874 4535 1964 4583 ne
1993 4514 2242 4584 seriem
2275 4514 2713 4606 sequentium
2737 4517 3104 4587 vetustatis
3136 4516 3392 4588 oblivio
3424 4513 3667 4586 notitie
3695 4513 3853 4584 sub-

1130 4699 1212 4781 (a)
1254 4700 1323 4759 In
1345 4696 1688 4776 copialbuch
1724 4700 1797 4761 de
1835 4701 2068 4761 viniaco
2076 4721 2110 4777 ,·
2137 4704 2353 4762 rectius
2376 4708 2575 4762 tamen
2608 4700 2678 4763 de
2713 4702 2956 4780 Viviaco,
2987 4701 3058 4763 de
3091 4704 3294 4781 Vevay.
