4364 5738
709 3467 886 3523 [unm]

1036 581 1152 641 192
2029 576 2457 638 summum
2506 576 2856 639 SECUNDI
3474 579 3638 660 [Ant.
3676 577 3847 644 1244.

1030 716 1385 788 votionem
1420 715 1762 786 sinceram
1800 735 2011 806 quam
2045 712 2366 786 homines
2405 713 2494 785 de
2525 713 2842 805 Eugubio
2873 710 3117 784 fideles
3165 714 3383 786 nostri
3415 736 3580 809 erga
3624 739 3753 790 nos
3788 729 3857 790 et

1033 839 1398 934 imperium
1430 838 1770 931 gesserint
1797 848 1870 909 et
1898 837 2190 928 habent,
2226 838 2748 911 considerantes
2776 858 3061 930 quoque
3094 837 3407 932 ipsorum
3431 841 3619 913 clare
3645 841 3859 916 devo—

1033 963 1237 1035 tionis
1291 963 1705 1057 obsequium
1758 962 1952 1057 quod
2002 962 2074 1032 in
2129 973 2508 1056 conspectu
2556 973 2791 1034 nostre
2843 961 3274 1034 celsitudinis
3332 963 3679 1037 efficacius
3731 988 3857 1061 pro

1031 1088 1198 1183 ipsis
1227 1088 1485 1178 allegat
1524 1096 1718 1159 tanto
1757 1097 2022 1181 quanto
2064 1086 2365 1158 lucidius
2403 1095 2679 1158 nostros
2708 1084 2949 1158 fideles
3006 1086 3179 1158 alios
3222 1084 3574 1161 fidelitatis
3627 1092 3853 1162 muni·

1030 1212 1216 1284 mine
1268 1211 1552 1283 roborat
1574 1261 1594 1302 ‚
1651 1221 1956 1283 castrum
2000 1210 2318 1282 Camrani
2368 1219 2442 1280 et
2483 1209 2909 1281 Colmacrani
2953 1208 3051 1303 (a)
3097 1231 3258 1281 cum
3306 1212 3743 1305 pertinentiis
3788 1223 3857 1286 et

1030 1335 1455 1407 districtibus
1511 1335 1655 1405 suis
1712 1345 1851 1405 tam
1903 1384 2490 1405 ........
2548 1355 2761 1428 quam
2809 1356 2902 1406 ex
2938 1334 3268 1428 predictis
3316 1334 3718 1410 hominibus
3767 1338 3855 1412 de

1029 1458 1349 1549 Eugubio
1398 1455 1722 1529 fidelibus
1775 1456 2064 1546 nostriS,
2119 1456 2210 1528 de
2255 1479 2445 1529 mera
2495 1469 2732 1529 nostre
2783 1458 3211 1530 liberalitatis
3257 1460 3480 1550 gratia
3523 1460 3854 1534 duximus

1030 1580 1599 1670 concedendum,
1639 1580 1875 1652 dando
1921 1580 2024 1651 eis
2070 1581 2361 1651 liberam
2400 1592 2809 1676 potestatem
2855 1592 2935 1654 ut
2959 1592 3188 1654 castro
3225 1582 3377 1677 ipso
3421 1593 3493 1655 et
3527 1585 3855 1677 jurisdic-

1033 1707 1219 1779 tione
1263 1705 1477 1800 ipsius
1517 1705 1735 1776 libere
1780 1705 1881 1775 uti
1922 1704 2205 1800 valeant
2253 1714 2393 1776 tam
2445 1705 2516 1776 in
2567 1707 2760 1778 curia
2810 1727 3022 1800 quam
3071 1706 3144 1779 in
3195 1706 3625 1797 hominibus,
3679 1710 3858 1783 sicut

1029 1831 1181 1903 aliis
1219 1829 1463 1901 castris
1501 1839 1572 1899 et
1601 1828 1800 1900 terris
1823 1828 2326 1921 jurisdictionis
2361 1851 2637 1921 eorum;
2681 1840 2753 1902 et
2783 1841 3153 1926 propterea
3177 1833 3587 1905 auctoritate
3619 1845 3855 1907 nostra

1031 1954 1317 2025 firmiter
1352 1953 1768 2048 precipimus
1800 1963 1871 2024 et
1901 1953 2211 2024 districte
2245 1954 2661 2026 mandamus
2695 1965 3041 2048 quatenus
3072 1956 3308 2026 nullus
3340 1956 3430 2027 sit
3461 1958 3585 2049 qui
3615 1969 3855 2031 contra

1029 2076 1424 2169 hujusmodi
1462 2077 1926 2148 concessionis
1956 2087 2194 2148 nostre
2242 2088 2550 2149 tenorem
2577 2100 2754 2150 ausu
2794 2078 3160 2151 temerario
3192 2081 3435 2152 venire
3468 2092 3847 2175 presumat.

1027 2202 1228 2287 Quod
1262 2202 1381 2294 qui
1408 2200 1856 2295 presumserit
1887 2211 2120 2295 preter
2155 2202 2647 2274 dominationis
2679 2212 2909 2273 nostre
2943 2203 3488 2295 indignationem
3514 2196 3743 2298 'quam
3778 2227 3849 2276 se

1029 2326 1301 2398 noverit
1345 2325 1818 2415 incursurum,
1860 2325 2363 2419 quinquaginta
2410 2326 2622 2397 libras
2664 2325 2820 2396 auri
2853 2347 2982 2420 pro
3023 2346 3203 2421 pena
3242 2338 3657 2422 componat,
3702 2350 3851 2402 me·

1027 2451 1284 2523 dietate
1349 2470 1623 2520 camere
1674 2459 1949 2538 nostre,
2007 2449 2274 2543 reliqua
2333 2459 2528 2543 parte
2582 2449 2923 2541 injuriatis
2975 2451 3433 2545 applicandis.
3491 2451 3602 2525 Ad
3654 2454 3855 2544 qu’us

1029 2584 1262 2644 nostre
1327 2572 1790 2643 concessionis
1857 2573 2262 2643 memoriam
2315 2583 2384 2643 et
2433 2574 2646 2644 robur
2696 2583 3034 2668 perpetuo
3095 2575 3512 2665 valiturum,
3567 2597 3851 2670 presens

1029 2698 1362 2791 scriptum
1395 2694 1543 2766 fieri
1576 2705 1646 2766 et
1677 2695 1901 2788 sigillo
1934 2697 2308 2788 majestatis
2343 2708 2576 2769 nostre
2598 2698 2932 2789 jussimus
2972 2699 3407 2770 communiri.

1129 2823 1379 2894 Datum
1409 2819 1697 2915 Spoleti,
1733 2840 1919 2892 anno
1955 2818 2302 2892 dominice
2336 2820 2832 2901 incarnationis
2862 2822 2951 2892 M.
2974 2821 3095 2894 CC.
3118 2822 3347 2914 XLIV,
3385 2843 3623 2895 mense
3657 2822 3842 2912 maii,

1031 2952 1088 3021 11
1124 2948 1524 3020 indictione.

2036 3195 2231 3207 nun-*—

1137 3439 1600 3545 FridericuS,
1655 3439 2173 3524 Romanorum
2232 3439 2678 3548 imperator,
2742 3435 3377 3548 Pergamensibus
3438 3436 3701 3519 scribit
3766 3462 3847 3517 se

1030 3602 1292 3658 eorum
1387 3574 1695 3655 nuntios
1779 3572 2001 3653 hilari
2076 3571 2336 3654 animo
2406 3572 2777 3680 recepisse
2847 3572 2981 3681 qui
3044 3570 3543 3681 exquirebant
3620 3594 3846 3652 suurn

1031 3710 1442 3791 adventum
1494 3708 1594 3788 ad
1642 3719 1894 3813 partes
1939 3704 2465 3786 Lombardiae.
2529 3704 2764 3787 Porro
2813 3730 2989 3787 cum
3039 3704 3172 3786 diu
3220 3703 3419 3786 inter
3473 3706 3724 3811 ipsum
3780 3713 3850 3783 et

1028 3843 1442 3926 Ecclesiam
1490 3851 1659 3922 orta
1702 3838 2076 3920 dissensio
2127 3837 2274 3919 hoc
2333 3836 2794 3945 impedierit,
2847 3837 3185 3920 notificat
3241 3838 3452 3946 quod
3499 3863 3647 3944 pax
3685 3834 3847 3944 jam

1028 3976 1328 4059 firmata
1365 3973 1491 4079 sit,
1519 3983 1591 4056 et
1619 3970 1827 4081 quod
1862 3969 2123 4052 habito
2160 3995 2339 4051 cum
2378 3994 2683 4052 summo
2720 3969 3074 4077 pontifice
3108 3967 3490 4077 colloquio
3522 3994 3612 4050 ac
3645 3966 3848 4048 illius

1029 4108 1547 4191 benedictione
1597 4113 1981 4211 suscepta,
2038 4100 2136 4184 ad
2182 4113 2436 4209 partes
2484 4102 2671 4183 istas
2723 4098 3218 4210 personaliter
3261 4101 3544 4209 veniet,
3592 4099 3848 4183 rebel-

1027 4239 1218 4321 lium
1256 4238 1814 4322 contumaciam
1850 4234 2177 4318 finaliter
2216 4260 2816 4342 compressurus.

1192 4425 1423 4506 (Edidit
1459 4427 1648 4487 Fusn.
1677 4426 1889 4499 Hans,
1927 4422 2072 4486 Coll.
2103 4438 2362 4484 monum.
2394 4430 2568 4484 uter.
2599 4431 2654 4484 et
2680 4431 2920 4498 renunt„
2953 4430 2999 4484 t.
3027 4424 3081 4502 1,
3109 4423 3320 4484 bitur.
3351 4422 3548 4503 princ.
3579 4429 3636 4482 et
3669 4421 3839 4483 viror.

1267 4528 1511 4609 inum„
1544 4541 1612 4590 n⁰
1639 4532 1859 4610 xxvl,
1886 4549 1948 4608 p.
1985 4529 2307 4608 244-247.)

1109 4688 1197 4770 (a)
1238 4691 1363 4766 Sic3
1396 4691 1707 4769 legendum
1738 4708 1877 4750 vero
1906 4691 2266 4751 arbiu'mur
2299 4688 2582 4751 cutm
2608 4696 2666 4749 ct
2693 4686 3066 4750 coemerat-t.
