4364 5738
599 511 803 570 himer.
840 504 929 588 2.]
1490 500 1883 562 HISTORIA
1935 502 2524 565 DlPLOMA'rch.
3306 505 3414 564 121

608 643 792 716 tione
825 641 1041 735 ipsius
1072 638 1408 731 assignari
1447 638 1577 709 sibi
1610 637 1698 709 de
1730 639 1949 730 gratia
1980 639 2497 712 mandaremus,
2531 640 2841 733 Cumque
2874 640 3424 734 superstantibus

606 765 1038 860 captivorum
1098 759 1363 832 domini
1421 760 1856 854 imperatoris
1911 761 1981 831 in
2041 761 2378 834 Cremona
2432 763 2678 834 demus
2739 785 2864 858 per
2923 763 3093 832 alias
3154 772 3425 834 nostras

608 889 870 960 litteras
900 887 972 957 in
1000 884 1345 956 mandatis
1381 893 1460 955 ut
1492 906 1710 954 unum
1745 904 1838 953 ex
1869 885 2200 978 predictis
2228 885 2862 957 Mediolanensibus
2893 886 3184 979 captivis
3214 908 3423 980 quem

608 1010 948 1106 imperiali
982 1009 1171 1081 curie
1201 1007 1675 1099 judicaverint
1720 1007 1947 1078 minus
1986 1009 2256 1099 utilem,
2308 1010 2534 1080 eidem
2566 1010 2770 1081 Petro
2813 1031 2938 1104 pro
2979 1020 3315 1082 excontro
3358 1020 3428 1081 et

610 1134 1107 1207 deliberatione
1139 1133 1517 1225 assignent,
1560 1131 1913 1204 devotioni
1949 1140 2063 1203 tue
2097 1132 2551 1227 precipiendo
2587 1132 2997 1204 mandamus
3023 1142 3104 1203 ut
3133 1134 3189 1205 si
3218 1134 3426 1207 iidem

611 1268 1086 1354 superstantes
1116 1256 1425 1329 mandati
1467 1255 1683 1329 nostri
1721 1254 1999 1327 desides
2040 1255 2300 1327 fuerint
2341 1257 2451 1327 vel
2507 1256 2808 1346 remissi,
2860 1276 2981 1329 eos
3030 1277 3318 1329 moneas
3360 1267 3431 1330 et

609 1383 899 1457 inducas
937 1392 1007 1454 et
1051 1382 1297 1454 effectu
1338 1380 1761 1477 presentium
1793 1380 2204 1452 auctoritate
2245 1382 2622 1474 compellas
2652 1391 2731 1451 ut
2770 1402 2986 1452 unum
3020 1402 3113 1452 ex
3141 1380 3432 1475 captivis

611 1509 777 1604 ipsis
824 1509 1028 1580 Petro
1077 1506 1346 1601 prefato
1405 1558 1911 1576 .......
1975 1515 2313 1575 excontro
2369 1512 2441 1575 et
2489 1503 2990 1577 deliberatione
3038 1505 3425 1597 assignent,

606 1633 810 1724 juxta
846 1640 1236 1703 nostrarum
1287 1629 1785 1702 continentiam
1819 1628 2204 1700 litterarum
2253 1649 2429 1721 quas
2474 1649 2684 1723 super
2723 1628 2855 1699 hiis
2896 1627 3226 1700 duximus
3271 1627 3432 1700 des-

614 1755 958 1827 tinandaS.

705 1882 959 1951 Datum
999 1878 1070 1949 in
1135 1878 1377 1949 castris
1423 1877 1495 1947 in
1548 1876 2088 1971 depopulatione
2130 1877 2636 1965 Vercellarum,
2682 1886 2931 1969 quarto
2985 1877 3395 1972 septembris
3411 1928 3432 1969 ,

611 2001 920 2075 secunda
950 2000 1353 2073 indictione.

711 2128 859 2218 Ego
889 2124 1175 2217 Egidius
1207 2123 1296 2195 de
1331 2123 1684 2216 Legnago,
1717 2131 1886 2214 etc„
1923 2134 1999 2194 ut
2028 2145 2262 2216 supra.

713 2376 917 2447 Anno
959 2374 1049 2445 ab
1096 2371 1571 2445 incarnatione
1605 2369 1881 2444 Domini
1922 2370 2140 2442 nostri
2191 2370 2350 2440 Iesu
2400 2369 2647 2442 Christi
2689 2370 3052 2443 millesimo
3099 2373 3436 2445 ducente-

618 2499 793 2571 simo
830 2494 1361 2590 quadragesimo
1409 2493 1611 2566 tertio
1629 2546 1650 2583 ,
1698 2492 2073 2566 indictione
2119 2493 2426 2565 secunda
2445 2547 2466 2584 ,
2515 2492 2629 2564 die
2664 2494 2941 2566 veneris
2983 2495 3290 2567 secundo
3330 2497 3438 2567 in-

618 2631 841 2694 trante
867 2619 1198 2710 octobris,
1226 2619 1297 2689 in
1321 2619 1664 2691 Cremona
1690 2617 1761 2688 in
1790 2616 2138 2712 presentia
2166 2617 2605 2690 dominorum
2626 2618 2968 2691 Frederici
2994 2619 3082 2692 de
3113 2621 3342 2711 Burgo
3371 2629 3442 2691 et

617 2745 904 2820 Ottolini
933 2744 1032 2822 *de
1072 2743 1430 2816 Iudicibus
1471 2750 1684 2834 atque
1731 2740 1994 2813 domini
2038 2741 2391 2812 Furmenti
2441 2742 2675 2813 militis
2709 2743 3069 2837 potestatis
3110 2743 3440 2816 Cremone

621 2869 900 2942 testium
939 2878 1344 2942 vocatorum
1363 2921 1382 2959 ,
1427 2866 1753 2941 dominus
1788 2866 2187 2939 Lantelmus
2218 2888 2451 2939 comes
2490 2866 2579 2938 de
2622 2867 2902 2940 Cassino
2936 2877 3242 2962 potestas
3274 2853 3437 2941 Cre-

621 3012 827 3063 mone
864 2991 1173 3086 precepit
1216 3013 1345 3086 per
1388 2999 1897 3062 sacramentum
1938 3000 2010 3061 et
2047 2990 2120 3060 in
2153 2991 2462 3062 bannum
2500 3000 2780 3063 centum
2827 2991 3159 3063 librarum
3202 2991 3439 3088 impe-

622 3115 898 3186 rialium
931 3114 1210 3188 domino
1237 3115 1459 3206 Ugoni
1490 3114 1827 3188 Ansasole
1856 3124 1925 3187 et
1949 3115 2180 3188 Jiovro
2209 3116 2534 3188 Guarono
2575 3126 2645 3187 et
2675 3116 2959 3212 Symoni
2991 3116 3081 3189 de
3106 3116 3439 3212 Oldoynis

626 3238 1175 3332 superstantibus
1207 3218 1656 3333 xcaptivorum
1711 3239 1973 3310 domini
2025 3239 2462 3333 imperatoris
2514 3239 2586 3310 in
2630 3240 2962 3312 Cremona
3012 3240 3109 3312 ibi
3150 3262 3437 3335 presen-

625 3361 810 3433 tibus
848 3362 1039 3455 quod
1079 3362 1383 3434 debeant
1427 3362 1762 3457 expedire
1799 3361 2156 3435 dominum
2201 3365 2478 3436 Petrum
2525 3364 2615 3435 de
2661 3365 2913 3436 Sancto
2959 3365 3162 3438 Petro
3205 3365 3438 3438 Nova-

624 3486 922 3559 riensem
969 3486 1235 3578 civem,
1296 3487 1446 3578 eJ’us
1491 3485 1895 3582 petitionem
1942 3486 2390 3583 adimplendo
2432 3489 2639 3580 juxta
2697 3496 3009 3558 tenorem
3058 3489 3441 3560 litterarum

625 3610 790 3706 ipsis
822 3619 892 3681 et
931 3610 1060 3680 sibi
1102 3610 1428 3704 potestati
1461 3632 1504 3682 a
1534 3609 1816 3683 domino
1850 3631 2015 3703 rege
2049 3612 2561 3683 mandatarum.
2608 3611 2741 3698 Qui
2775 3612 3280 3706 suprascriptus
3313 3611 3440 3682 do-

627 3734 854 3804 minus
886 3734 1035 3826 Ugo
1080 3756 1210 3829 pro
1269 3756 1343 3806 se
1403 3744 1474 3806 et
1519 3734 1722 3807 sociis
1767 3735 1999 3807 statim
2044 3737 2401 3832 respondit
2445 3758 2519 3809 se
2565 3737 2749 3810 nolle
2808 3736 3159 3829 assignare
3213 3756 3440 3829 neque

626 3856 1087 3930 determinare
1125 3858 1438 3953 predicto
1468 3860 1671 3932 Petro
1705 3852 2008 3954 aliquem
2040 3861 2513 3956 presonesium
2551 3882 2644 3932 ex
2679 3861 2932 3954 quibus
2969 3859 3211 3931 habuit
3241 3879 3438 3928 man-

629 3964 896 4071 datum,
930 3982 1260 4073 quoniam
1289 3984 1540 4054 nolunt
1572 3982 1828 4075 eligere
1862 3984 2092 4055 minus
2136 3986 2378 4090 utilem
2415 3983 2748 4079 imperiali
2783 3981 2997 4053 curie.

726 4104 872 4196 Ego
906 4105 1190 4198 Egidius
1222 4108 1312 4179 de
1337 4107 1687 4200 Legnago,
1726 4118 1801 4178 ut
1835 4131 2070 4203 supra,
2105 4118 2239 4182 etc.

801 4706 900 4767 Vl.
3077 4716 3145 4767 16
