4364 5738
512 605 716 668 lumcr.
748 606 842 684 4.]
1415 599 1809 661 HISTORIA
1860 600 2452 664 DIPLOMATICA.
3224 609 3345 669 445

516 763 642 814 sue
671 753 821 813 erat
852 739 1239 836 prepingua
1259 734 1388 834 (a),
1420 756 1610 809 nunc
1641 736 1731 806 ab
1759 735 2019 807 eisdem
2053 737 2285 833 priore
2318 748 2389 810 et
2420 735 2819 813 hominibus
2855 743 3165 837 predicta
3195 745 3346 816 exi·

517 875 692 959 gunt
736 875 808 937 et
849 863 1217 957 requirunt
1252 860 1324 930 in
1359 881 1601 932 eorum
1643 868 1716 931 et
1754 858 2049 954 predicti
2093 863 2492 934 monasterii
2527 884 2741 955 grave
2780 865 3238 959 prejudicium
3281 880 3352 942 et

518 1008 659 1061 non
678 987 1023 1060 modicam
1055 986 1415 1058 lesionem.
1437 984 1661 1077 Super
1680 1004 1821 1077 quo
1848 1004 2004 1054 cum
2036 983 2246 1076 igitur
2271 986 2766 1081 supplicaverit
2795 989 3178 1061 secundum
3200 993 3351 1082 jus-

522 1111 740 1183 titiam
775 1110 1152 1206 provideri,
1180 1106 1493 1180 fidelitati
1524 1117 1640 1177 tue
1672 1105 2121 1201 precipiendo
2150 1108 2564 1181 mandamus
2591 1109 2781 1203 quod
2807 1110 2862 1181 si
2897 1111 3019 1183 tibi
3047 1115 3354 1187 constitit

524 1236 712 1329 quod
739 1237 1048 1331 prefatus
1076 1231 1387 1328 proditor
1412 1251 1553 1302 non
1577 1231 1762 1322 jure,
1792 1229 1919 1302 sed
1941 1251 2069 1324 per
2095 1230 2497 1302 violentiam
2525 1254 2567 1304 a
2590 1233 2819 1327 priore
2848 1255 2931 1305 ac
2955 1234 3353 1309 hominibus

525 1358 742 1454 ipsius
771 1357 1097 1449 exigebat
1119 1355 1458 1450 predicta,
1490 1354 1840 1449 predictos
1872 1352 2215 1425 stallerios
2245 1364 2324 1426 ut
2355 1355 2597 1427 eadem
2631 1358 2724 1428 ab
2756 1357 2855 1428 eis
2891 1379 3032 1430 non
3067 1361 3354 1454 exigant

525 1483 639 1553 vel
671 1482 1032 1574 requirant
1064 1479 1532 1551 cohercitione
1564 1497 1702 1570 qua
1739 1477 2068 1549 convenit
2090 1477 2357 1570 justitia
2388 1479 2736 1552 mediante
2771 1501 3173 1577 compescas
3198 1538 3217 1575 ,
3271 1496 3353 1558 ut

527 1605 847 1677 iteratam
884 1625 1026 1676 non
1068 1602 1433 1674 audiamus
1464 1601 1534 1671 in
1567 1601 1702 1672 hac
1733 1610 1931 1694 parte
1960 1602 2343 1695 querelam.
2371 1604 2622 1674 Datum
2655 1605 2844 1699 apud
2867 1607 3192 1679 Sanctum
3220 1609 3349 1682 Pe-

531 1737 715 1799 trum
737 1727 827 1799 de
854 1726 1119 1798 Olivola
1151 1723 1286 1821 (l),
1318 1725 1562 1795 ultimo
1593 1723 1783 1813 julii,
1812 1734 2058 1816 quarte
2083 1723 2503 1796 indictionis,
2524 1727 2753 1811 Quare
2776 1728 2978 1800 vobis
3004 1752 3096 1801 ex
3129 1731 3350 1828 impe-

532 1851 683 1922 riali
713 1858 909 1944 parte
936 1870 1075 1942 qua
1112 1847 1468 1939 fungimur
1499 1845 1908 1918 auctoritate
1944 1848 2361 1920 mandamus
2411 1849 2602 1939 quod
2646 1849 2957 1944 inspecto
2999 1863 3070 1924 et
3111 1856 3354 1927 obser·

531 1946 1033 2068 vato'predicto
1060 1968 1399 2065 imperiali
1432 1969 1763 2041 mandato
1793 1970 1850 2041 si
1871 1970 2073 2042 vobis
2099 1971 2689 2065 constiteritquod
2705 1976 3012 2067 prefatus
3046 1978 3355 2071 proditor

532 2117 674 2168 non
709 2098 902 2186 jure,
936 2095 1061 2166 sed
1097 2115 1224 2188 per
1254 2091 1653 2164 violentiam
1694 2112 1734 2162 a
1763 2092 1996 2186 priore
2033 2114 2116 2163 ac
2151 2091 2547 2164 hominibus
2587 2096 2998 2189 supradictis
3031 2099 3357 2194 exigebat

534 2219 878 2315 predicta,
918 2216 1248 2313 predictis
1283 2216 1606 2286 stalleriis
1649 2225 1729 2286 ut
1768 2216 2014 2288 eadem
2054 2216 2147 2287 ab
2193 2215 2294 2288 eis
2337 2237 2477 2288 non
2518 2216 2804 2311 exigant
2848 2220 2958 2291 vel
3001 2224 3358 2315 requirant

534 2342 998 2415 cohercitione
1024 2361 1162 2436 qua
1191 2339 1520 2412 convenit
1542 2338 1808 2432 J'ustitia
1846 2339 2196 2411 mediante
2233 2341 2718 2434 compescatis,
2755 2354 2836 2414 ut
2865 2343 3178 2418 iteratam
3211 2371 3354 2422 non

536 2466 900 2538 audiamus
943 2466 1014 2536 in
1062 2464 1194 2535 hac
1228 2473 1427 2558 parte
1468 2463 1854 2557 querelam.
1900 2465 2152 2534 Datum
2190 2462 2520 2557 Neapoli,
2572 2464 2900 2539 vicesimo
2949 2470 3193 2562 quinto
3228 2494 3356 2543 au-

537 2591 761 2684 gusti,
798 2597 1044 2681 quarte
1072 2587 1490 2659 indictionis.

638 2714 989 2786 Predictus
1021 2734 1188 2784 vero
1208 2710 1433 2803 judex
1466 2710 1615 2802 Ugo
1649 2709 1896 2781 volens
1936 2708 2327 2804 predictum
2362 2732 2635 2782 sacrum
2669 2710 3025 2807 imperiale
3057 2719 3361 2791 manda-

541 2850 688 2911 tum
728 2848 798 2909 et
828 2836 1120 2932 predicti
1151 2834 1413 2908 domini
1443 2833 1778 2906 Iohannis
1809 2855 1969 2905 cum
2010 2855 2280 2906 summa
2322 2834 2679 2929 diligentia
2726 2840 3118 2912 executioni
3165 2865 3363 2915 man-

541 2963 744 3053 dare,
764 2963 925 3055 quia
953 2961 1305 3056 predictus
1324 2958 1551 3051 judex
1569 2958 1717 3050 Ugo
1747 2958 1925 3030 vidit
1955 2967 2027 3027 et
2059 2958 2365 3052 inspexit
2396 2969 2467 3029 et
2497 2959 2841 3031 intellexit
2872 2963 3175 3036 rationes
3204 2990 3364 3061 pre-

543 3087 709 3160 dicti
750 3084 1148 3157 monasterii
1182 3082 1585 3174 diligenter,
1623 3092 1704 3153 ut
1748 3082 1932 3154 idem
1977 3082 2449 3175 judex-Hugo
2500 3083 2702 3154 nobis
2749 3087 3083 3176 asseruit,
3132 3088 3365 3163 habito

542 3208 829 3281 consilio
856 3205 1271 3300 sapientium
1300 3205 1679 3275 secundum
1712 3207 2015 3277 rationes
2031 3205 2326 3300 predicti
2349 3208 2776 3296 monasterii,
2800 3211 2962 3301 quia
2983 3212 3161 3285 vidit
3177 3216 3366 3306 quod

544 3331 828 3405 stallerii
860 3342 1041 3402 terre
1070 3337 1449 3424 proventus
1477 3328 1801 3399 Robberti
1835 3329 1923 3400 de
1951 3330 2207 3402 Caiano
2240 3330 2611 3424 proditoris
2646 3331 2905 3426 domini
2935 3338 3148 3407 nostri
3179 3360 3366 3410 sere-

544 3453 809 3526 nissimi
845 3451 1281 3547 imperatoris
1312 3450 1674 3522 occasione
1705 3451 1949 3544 prefati
1983 3463 2364 3547 proventus
2394 3454 2506 3523 vel
2548 3454 2782 3546 aliquo
2816 3458 3025 3530 modo
3065 3481 3103 3530 a
3136 3462 3366 3554 priore

550 3578 837 3651 ecclesie
888 3576 1121 3649 Sancti
1179 3574 1381 3645 Blasii
1440 3575 1530 3645 de
1576 3575 1804 3645 Salvia
1856 3597 2049 3645 suem
2103 3596 2351 3665 unam,
2398 3576 2684 3647 arietem
2742 3601 2955 3649 unum
2978 3635 2997 3670 ,
3047 3595 3367 3674 vegetem

547 3725 761 3776 unam
792 3700 936 3773 vini
974 3711 1046 3771 et
1076 3719 1324 3793 operas
1352 3699 1444 3769 ab
1472 3696 1867 3769 hominibus
1907 3698 2222 3788 ejusdem
2263 3700 2552 3770 ecclesie
2585 3700 2674 3771 de
2707 3702 2864 3791 jure
2899 3704 3180 3795 exigere
3226 3728 3365 3779 non

550 3827 930 3914 debebant,
961 3825 1034 3895 in
1071 3822 1287 3894 nostri
1314 3822 1434 3915 qui
1466 3842 1678 3915 supra
1698 3820 1979 3912 judicis,
2014 3823 2268 3893 notarii
2296 3830 2366 3893 et
2401 3822 2676 3895 testium
2710 3825 3172 3917 predictorum
3205 3854 3365 3925 pre·

440 3990 441 3993 π
552 3950 800 4041 sentia,
821 3948 1208 4044 predictum
1239 3946 1537 4040 priorem
1575 3956 1644 4016 et
1670 3946 2018 4040 predictos
2051 3945 2367 4019 homines
2397 3969 2526 4042 pro
2552 3958 2749 4043 parte
2778 3951 3023 4042 prefati
3047 3952 3371 4027 Cavensis

549 4072 947 4144 monasterii
983 4093 1024 4142 a
1055 4069 1340 4166 prefatis
1374 4068 1741 4160 exigendis
1776 4068 2031 4142 liberos
2079 4078 2151 4140 et
2193 4071 2551 4142 absolutos
2598 4069 2894 4161 dimisit,
2941 4083 3013 4145 et
3056 4079 3369 4172 precepit

638 4246 721 4327 (a)
765 4248 1173 4308 Verisimlliter
1199 4246 1512 4324 legendum
1540 4245 1895 4324 propinqum.

630 4514 703 4583 (⁴)
743 4512 912 4568 Locus
939 4511 992 4567 in
1019 4469 1326 4583 principatu
1349 4508 1598 4567 Ulteriori
1629 4524 1735 4564 una
1761 4508 1914 4564 leuca
1938 4523 1971 4563 a
2001 4506 2240 4563 Bisaccia
2267 4506 2491 4564 distans.
2529 4507 2678 4565 Licet
2708 4509 2866 4567 hodie
2901 4512 3213 4586 simpliciter
3251 4518 3371 4576 010·-

555 4609 681 4666 vola
706 4613 948 4676 vocetur,
975 4613 1157 4665 monet
1179 4606 1298 4663 Meo
1322 4603 1554 4678 (Amal.
1584 4606 1709 4662 crit.
1738 4603 2042 4677 diplomat„
2069 4603 2203 4675 ind„
2233 4609 2272 4659 t.
2302 4604 2425 4675 XII,
2452 4621 2510 4678 p.
2539 4604 2670 4677 ⁴53)
2696 4604 2868 4663 locum
2894 4609 3092 4668 Sancti
3122 4613 3276 4670 Petri
3297 4614 3371 4672 ad

560 4704 783 4764 Olivola
806 4704 923 4762 sive
947 4703 1164 4777 Oliqola
1184 4701 1497 4775 saepissime
1520 4701 1576 4757 in
1599 4700 1802 4757 chartis
1827 4698 2132 4756 seculorum
2153 4697 2233 4755 XI
2255 4705 2311 4754 et
2336 4700 2440 4757 xl!
2469 4701 2773 4758 memorari.
