4364 5738
1003 587 1126 650 218
1997 594 2423 657 rmnssmct
2473 593 2821 656 sssctmm
3438 590 3600 675 [An.
3637 591 3815 654 1244.

1005 723 1446 797 declarentur
1487 728 1720 799 omnia
1770 750 1909 823 que
1952 729 2165 802 dubia
2211 740 2282 802 et
2335 730 2631 802 obscura
2678 738 2840 799 sunt
2894 727 2967 798 in
3014 728 3234 800 forma
3289 726 3481 821 pacis
3532 736 3821 798 tractate

1004 845 1187 917 inter
1218 867 1349 918 nos
1380 859 1451 919 et
1484 849 1897 941 Ecclesiam,
1932 862 2003 923 et
2034 852 2225 946 quod
2264 853 2590 925 mandata
2632 851 2950 923 facienda
2986 871 3114 946 per
3158 849 3516 921 dominum
3567 870 3819 945 papam

1005 967 1446 1042 declarentur
1477 984 1549 1044 et
1580 971 1785 1063 fiant,
1818 976 2211 1069 specialiter
2245 976 2335 1048 de
2379 975 2837 1070 hospitalibus
2868 973 3236 1064 faciendis,
3276 973 3591 1045 similiter
3623 983 3695 1045 et
3729 972 3820 1045 de

1005 1093 1314 1166 subsidio
1352 1097 1645 1168 militum
1681 1109 1751 1169 et
1798 1100 2093 1193 pecunie
2136 1121 2268 1194 pro
2308 1109 2709 1193 contemptu
2758 1097 3059 1169 clavium
3095 1096 3442 1169 faciendo.
3484 1096 3819 1169 Volumus

1004 1217 1212 1290 etiam
1245 1217 1578 1291 declarari
1609 1232 1680 1292 et
1709 1221 2090 1316 specificari
2115 1224 2277 1315 jura
2300 1233 2535 1295 nostra
2563 1243 2699 1314 que
2733 1220 3070 1292 habemus
3100 1229 3172 1291 et
3198 1219 3455 1292 habere
3483 1218 3820 1291 debemus

1003 1341 1075 1412 in
1102 1342 1402 1414 Marchia
1427 1355 1495 1415 et
1524 1347 1789 1416 Ducatu
1825 1357 1895 1417 et
1926 1346 2061 1418 alia
2089 1355 2271 1418 terra
2297 1369 2508 1441 quam
2534 1345 2842 1417 Ecclesia
2871 1352 3084 1434 tenet,
3107 1344 3435 1417 videlicet
3464 1344 3554 1415 de
3584 1343 3818 1416 cabal-

1002 1474 1159 1537 cata
1196 1474 1266 1536 et
1304 1469 1737 1561 parlamento
1774 1479 1847 1540 et
1884 1480 2190 1542 mercato
2228 1480 2299 1542 et
2344 1469 2828 1565 procuratione
2873 1489 3012 1562 que
3048 1489 3178 1539 nos
3220 1482 3552 1560 tanquam
3604 1467 3820 1539 advo-

1002 1588 1167 1680 cati,
1203 1590 1477 1684 patroni
1515 1602 1588 1662 et
1614 1591 2013 1666 defensores
2056 1594 2362 1666 Ecclesie
2396 1593 2656 1665 habere
2693 1591 3031 1664 debemus
3063 1591 3153 1663 de
3189 1600 3370 1663 terra
3407 1591 3717 1686 predicta
3748 1598 3821 1662 et

1003 1712 1094 1786 de
1122 1713 1375 1806 quibus
1415 1714 1483 1785 in
1518 1717 1950 1810 possessione
1988 1719 2245 1789 fuimus
2274 1739 2499 1811 usque
2531 1715 2623 1788 ad
2667 1727 2938 1811 tempus
2984 1716 3365 1805 discordie3
3417 1736 3817 1810 quanquam

1002 1837 1093 1911 de
1119 1837 1330 1911 modo
1353 1837 1657 1912 habendi
1686 1842 2067 1913 exercitum
2103 1851 2174 1914 et
2200 1843 2625 1914 cabalcatam
2653 1841 3039 1936 predictam
3067 1840 3443 1933 aliquando
3469 1840 3820 1912 contentio

1001 1962 1132 2033 fuit
1155 1961 1337 2033 inter
1368 1984 1497 2034 uos
1525 1973 1595 2035 et
1630 1987 1938 2037 summos
1969 1965 2333 2061 pontifices
2363 1965 2745 2038 Honorium
2788 1973 2860 2036 et
2898 1965 3300 2056 Gregorium
3324 2016 3343 2053 ,
3391 1963 3511 2056 qui
3552 1984 3635 2034 ea
3676 1983 3817 2035 non

992 2085 1152 2175 jure
1182 2095 1455 2175 nostro,
1494 2087 1619 2158 sed
1661 2087 1752 2159 ad
1785 2088 2191 2160 mandatum
2222 2088 2529 2160 Ecclesie
2572 2087 2900 2180 requisite
2947 2085 3035 2158 de
3074 2086 3206 2158 hiis
3247 2108 3376 2159 nos
3407 2086 3665 2158 debere
3706 2108 3816 2158 re·

1000 2208 1229 2303 cipere
1258 2219 1329 2281 et
1357 2209 1615 2281 habere
1647 2210 2000 2283 dicebant.
2027 2213 2169 2283 Hec
2198 2210 2358 2283 ideo
2385 2211 2679 2283 dicimus
2706 2233 2845 2282 non
2878 2221 3243 2306 propterea
3277 2222 3358 2283 ut
3385 2211 3818 2283 occasionem

998 2333 1188 2428 pacis
1220 2334 1666 2429 impediende
1704 2337 1813 2407 vel
1858 2336 2243 2408 differeude
2274 2357 2685 2430 queramus,
2723 2336 2849 2408 sed
2891 2346 2970 2407 ut
3003 2335 3325 2408 omnibus
3357 2334 3722 2407 declaratis
3748 2344 3819 2407 et

998 2454 1289 2529 firmiter
1327 2458 1725 2553 compositis
1767 2481 1905 2551 que
1949 2459 2452 2531 dissensionem
2496 2470 2567 2531 et
2608 2460 3027 2555 discordiam
3072 2459 3254 2531 inter
3295 2479 3422 2530 nos
3465 2469 3537 2530 et
3575 2459 3815 2530 Eccle-

999 2580 1172 2651 siam
1208 2581 1641 2671 excitabant,
1688 2603 1817 2653 nos
1862 2583 2159 2654 servitiis
2199 2582 2325 2654 Dei
2372 2593 2442 2654 et
2480 2583 2786 2655 Ecclesie
2829 2605 2910 2655 ac
2946 2583 3217 2678 imperii
3250 2583 3544 2675 negotiis
3575 2603 3815 2678 posse·

999 2722 1156 2773 mus
1187 2703 1258 2773 in
1294 2712 1647 2799 posterum
1691 2727 1932 2776 secure
1973 2728 2253 2778 vacare.
2287 2708 2430 2779 Nec
2476 2707 2765 2779 miretur
2807 2707 3057 2800 aliquis
3092 2729 3303 2801 super
3337 2728 3421 2779 eo
3464 2705 3656 2799 quod
3689 2705 3816 2778 hec

1000 2827 1231 2899 omnia
1266 2827 1655 2923 exprimere
1690 2838 1758 2900 et
1793 2829 2151 2903 declarare
2186 2830 2377 2925 prius
2404 2851 2545 2903 non
2575 2829 2949 2926 potuimus.
2999 2832 3142 2903 Nos
3186 2831 3370 2903 enim
3409 2831 3497 2904 de
3539 2830 3815 2923 justicia

1001 2960 1074 3023 et
1111 2951 1508 3025 innocentia
1542 2964 1781 3025 nostra
1816 2976 2028 3048 quam
2062 2955 2419 3049 quondam
2455 2955 2780 3028 dominus
2815 2976 2997 3051 papa
3034 2952 3404 3047 Gregorius
3449 2954 3812 3050 predeces-

1000 3098 1116 3150 sor
1163 3077 1360 3148 istius
1411 3078 1504 3148 ob
1550 3078 1855 3148 favorem
1904 3077 2451 3149 Lombardorum
2496 3079 2774 3151 ruinose
2823 3078 3360 3173 dampnaverat,
3408 3099 3682 3150 necnon
3726 3077 3814 3150 de

1000 3200 1337 3296 promissa
1382 3199 1582 3271 nobis
1618 3221 1747 3295 per
1786 3198 1925 3272 fide
1974 3200 2413 3292 dignissimos
2449 3211 2518 3273 et
2559 3202 2741 3274 circa
2782 3223 2911 3274 nos
2956 3202 3318 3274 affectione
3366 3198 3645 3291 confisi,
3686 3200 3817 3273 hec

998 3335 1162 3395 ante
1196 3321 1536 3394 firmatam
1572 3345 1810 3417 pacem
1846 3335 1920 3395 et
1957 3334 2466 3396 sacramentum
2508 3327 2870 3420 prestitum
2912 3348 3054 3398 non
3095 3326 3567 3399 discussimus,
3617 3326 3817 3398 Nunc

1000 3458 1232 3520 autem
1262 3469 1421 3520 cum
1452 3449 1684 3520 verbis
1726 3458 1795 3519 et
1837 3450 2033 3521 factis
2070 3449 2285 3545 ipsius
2323 3452 2755 3522 voluntatem
2801 3451 3074 3546 experti
3122 3472 3399 3540 sumus,
3444 3470 3574 3522 nos
3623 3471 3813 3523 com·

998 3570 1272 3644 mittere
1320 3572 1692 3643 metuimus
1738 3573 2181 3644 manifestum
2229 3574 2429 3667 pejus
2468 3573 2778 3668 periculo
2819 3595 3030 3666 quam
3089 3576 3406 3663 fortune,
3454 3572 3813 3669 presertim

996 3716 1157 3768 cum
1188 3695 1471 3791 proprio
1501 3705 1766 3766 tantum
1804 3705 1997 3766 motu
2042 3716 2173 3766 nec
2219 3696 2506 3770 consilio
2539 3696 3021 3787 cardinalium,
3061 3706 3271 3793 prout
3309 3707 3415 3770 est
3450 3695 3814 3792 approbati

987 3819 1166 3913 juris
1202 3829 1273 3892 et
1303 3820 1515 3893 moris
1541 3819 1844 3890 Ecclesie
1871 3819 2210 3908 Romane,
2246 3832 2470 3913 regat,
2505 3831 2575 3893 et
2601 3822 2954 3893 nonnullis
2983 3822 3478 3912 cardinalibuS,
3510 3821 3813 3893 maxime

993 3944 1421 4018 auctoritatis
1450 3943 1649 4033 viris,
1684 3944 1755 4014 in
1785 3943 1960 4016 facie
2002 3944 2262 4016 dixen’t
2299 3945 2489 4040 quod
2524 3966 2656 4018 nec
2688 3947 2873 4041 ipsos
2900 3947 3116 4018 vellet
3147 3948 3507 4018 consulere
3538 3966 3671 4017 nec
3700 3964 3811 4016 se·

992 4070 1113 4163 qui
1153 4070 1530 4142 consultos.
1574 4066 1895 4138 Ostendit
1929 4077 2200 4157 autem,
2243 4077 2324 4138 ut
2363 4068 2624 4139 dictum
2672 4079 2812 4158 est,
2865 4080 3129 4142 motum
3161 4092 3365 4141 suum
3405 4078 3646 4141 contra
3685 4087 3813 4140 nos

991 4203 1152 4288 post
1180 4190 1523 4263 firmatam
1551 4211 1794 4285 pacem
1829 4190 1899 4261 in
1932 4191 2191 4262 multis.
2231 4191 2310 4261 In
2351 4190 2592 4286 primis
2623 4193 2783 4284 quia
2826 4214 2986 4264 cum
3020 4192 3415 4288 promiserit
3452 4211 3596 4263 non
3646 4210 3807 4285 pro·
3844 4205 3855 4215 ’

994 4315 1230 4410 palare
1275 4322 1598 4399 tractata,
1645 4315 2044 4408 priusquam
2087 4335 2131 4385 a
2175 4314 2489 4408 partibus
2533 4314 2850 4387 absoluta
2896 4325 2968 4387 et
3011 4315 3081 4387 in
3140 4315 3480 4387 mundum
3531 4324 3812 4409 recepta

994 4445 1226 4511 essent
1265 4436 1454 4508 bulla
1494 4435 1756 4507 domini
1801 4457 1979 4531 pape
2023 4437 2117 4510 ad
2175 4439 2519 4510 cautelam
2566 4449 2874 4511 nostram
2918 4448 2991 4509 et
3032 4438 3272 4532 sigillis
3325 4438 3810 4531 magistrorum

989 4558 1174 4634 Petri
1216 4559 1306 4632 de
1345 4557 1564 4630 Vinea
1617 4573 1689 4631 et
1727 4559 1984 4631 Thadei
2029 4558 2118 4633 de
2165 4563 2417 4634 Suessa
2468 4570 2917 4634 tractatorum
2973 4562 3066 4634 ad
3117 4563 3459 4634 cautelam
3506 4560 3811 4633 Ecclesie

991 4684 1316 4780 sigillata,
1352 4683 1574 4777 ipsam
1606 4682 1898 4753 formam
1932 4691 2264 4756 tractatus
2296 4684 2590 4780 predicti
2620 4685 2853 4758 multis
2878 4685 3268 4777 evidenter,
3297 4686 3478 4758 ultra
3508 4693 3580 4758 et
3608 4684 3811 4758 aliter
3908 4702 3917 4711 ·
