4364 5738
568 594 767 653 lsmcr.
805 592 894 668 1.]
1466 590 1858 651 HISTORIA
1908 591 2497 655 DIPLOMATICA.
3276 590 3385 649 107

570 727 1006 800 subditorum
1065 724 1672 798 commoditatibus
1721 727 2205 821 providenteS,
2248 729 2735 801 nichilominus
2778 727 3137 819 generales
3189 746 3389 796 curas

573 851 935 923 hominum
987 858 1058 921 et
1097 850 1373 921 labores
1422 849 1724 941 benigno
1779 851 2279 945 prospicientes
2329 853 2617 941 intuitu,
2668 851 3017 922 civitatem
3071 850 3389 921 Worma-

576 975 878 1046 ciensem
923 996 1050 1069 pro
1089 973 1349 1045 mutuis
1389 975 1769 1045 commodis
1809 976 2218 1047 exercendis
2254 977 2496 1047 utilem
2543 985 2614 1046 et
2660 984 3017 1069 acceptam
3070 974 3162 1044 ad
3210 974 3393 1044 cele-

575 1098 879 1169 brandas
924 1097 1282 1167 annuatim
1336 1097 1764 1167 universales
1810 1098 2160 1169 nundinas
2207 1099 2449 1190 quinta
2489 1099 2756 1169 decima
2788 1097 2900 1168 die
2938 1105 3093 1191 post
3134 1094 3395 1167 Pascha

578 1221 1100 1292 resurrectionis
1160 1219 1505 1292 dominice
1563 1229 1632 1291 et
1690 1220 1945 1293 abinde
2003 1221 2251 1293 diebus
2308 1222 2460 1293 aliis
2522 1221 2920 1314 quindecim
2978 1219 3392 1308 duraturas,

581 1344 911 1416 duximus
972 1343 1470 1437 deputandam.
1537 1344 1934 1417 Statuentes
1991 1355 2070 1416 ut
2128 1345 2388 1417 ibidem
2446 1346 2576 1415 sub
2630 1345 2995 1415 securitate
3042 1353 3281 1415 nostra
3331 1352 3399 1414 et

582 1467 849 1562 imperii
901 1475 1041 1538 tam
1084 1467 1295 1538 vicini
1344 1487 1555 1559 quam
1601 1468 1850 1540 remoti
1886 1469 2317 1540 conveniant„
2353 1489 2513 1554 oum
2560 1467 3023 1556 mercimoniis
3067 1467 3207 1537 suis
3254 1462 3402 1562 [ad]

584 1592 977 1662 communia
1021 1592 1199 1663 sicut
1241 1592 1454 1665 moris
1501 1601 1609 1664 est
1650 1593 2014 1666 commoda
2055 1593 2411 1682 facienda,
2466 1591 2846 1665 dummodo
2899 1586 3084 1688 [per]
3135 1589 3404 1661 indulta

584 1714 828 1786 vicinis
859 1714 1188 1787 nundinis
1220 1736 1361 1786 non
1398 1716 1616 1809 possit
1654 1716 1725 1785 in
1762 1716 2023 1790 eisdem
2061 1716 2308 1802 diebus
2334 1716 2765 1810 oportunitas
2797 1712 3142 1808 impediri.
3176 1715 3403 1800 Quare

584 1837 1034 1926 mandamuS,
1080 1838 1500 1931 precipimus
1547 1847 1617 1908 et
1665 1823 2030 1910 hortamur*
2070 1839 2433 1918 universos
2476 1849 2547 1910 et
2586 1839 2896 1930 singulos
2934 1859 3110 1929 quos
3154 1857 3403 1928 geren-

586 1960 835 2032 darum
875 1982 1044 2031 usus
1089 1960 1463 2031 utilitatum
1507 1969 1581 2030 et
1620 1961 1985 2034 commoda
2025 1984 2257 2032 rerum
2303 1961 2565 2054 ubique
2611 1961 3025 2050 sollicitant,'
3066 1970 3410 2052 quatenus

589 2083 864 2155 statutis
892 2083 1049 2153 loco
1088 2091 1159 2153 et
1194 2091 1501 2175 tempore
1535 2081 1665 2152 sub
1698 2090 1936 2152 nostro
1983 2091 2054 2154 et
2077 2083 2354 2176 imperii
2397 2104 2640 2154 securo
2677 2083 2936 2164 ducatu
2968 2104 3126 2153 cum
3160 2083 3404 2171 rebus,

589 2204 1054 2278 mercimoniis
1090 2212 1162 2275 et
1191 2203 1452 2276 ceteris
1482 2203 2067 2297 oportunitatibus
2107 2227 2248 2297 que
2294 2219 2804 2292 consueverunt
2848 2206 2939 2276 ad
2981 2205 3280 2276 invicem
3318 2205 3413 2276 ad

591 2350 960 2400 commune
985 2327 1428 2400 commodum
1461 2328 1842 2422 procurari,
1871 2327 2182 2417 hilariter
2212 2338 2283 2402 et
2309 2339 2627 2422 prompte
2657 2328 3074 2401 conveniant
3094 2350 3222 2422 pro
3249 2305 3409 2423 pre}

592 2451 752 2523 fixis
785 2450 1113 2523 nundinis
1151 2451 1600 2539 exercendis3
1651 2451 1991 2544 presentis
2024 2450 2264 2546 scripti
2295 2452 2681 2536 sancientes
2723 2451 2949 2524 edicto
2986 2461 3066 2524 ut
3092 2451 3413 2526 omnibus

593 2576 684 2649 ad
713 2596 795 2647 ea
827 2575 1305 2663 venientibus,
1347 2575 1777 2646 morantibus
1817 2584 1886 2646 et
1924 2574 2179 2658 abinde
2223 2575 2549 2648 redituris
2580 2597 2826 2648 secura
2858 2575 3317 2668 tranquillitas
3341 2585 3415 2646 et

597 2699 964 2792 tranquilla
996 2699 1329 2770 securitas
1361 2699 1763 2792 prebeatur,
1803 2710 1872 2770 et
1908 2699 2098 2790 quod
2129 2699 2201 2769 in
2234 2699 2549 2792 personis
2582 2709 2651 2770 et
2679 2700 2889 2780 rebus
2919 2698 3232 2792 undique
3266 2721 3412 2771 ser-

594 2832 845 2895 ventur
877 2822 1288 2918 indempnes
1331 2831 1402 2894 et
1437 2824 1669 2894 nullus
1720 2821 2508 2911 audeateosoffendere
2542 2823 2656 2909 vel
2700 2822 3061 2895 occasione
3107 2823 3417 2915 qualibet

601 2947 882 3041 aliquod
910 2947 1074 3039 ipsis
1114 2944 1685 3039 impedimentum
1718 2946 1999 3037 inferre,
2031 2945 2259 3031 donec
2286 2946 2377 3017 ad
2404 2955 2844 3038 pretaxatum
2875 2946 3103 3019 locum
3130 2947 3417 3018 veniant

601 3077 671 3139 et
722 3069 852 3139 sub
900 3068 1212 3158 ejusdem
1267 3077 1500 3139 nostre
1547 3078 1618 3140 et
1662 3069 1934 3163 imperii
1986 3069 2374 3140 securitatis
2420 3068 2851 3162 indulgentia
2905 3070 3273 3141 salubriter
3324 3070 3416 3142 ad

604 3190 884 3284 propria
922 3199 1386 3261 revertantur.
1433 3191 1742 3263 Scientes
1791 3193 1981 3285 quod
2032 3192 2457 3285 quicumque
2508 3193 2818 3266 mandati
2857 3195 3075 3266 nostri
3119 3206 3413 3266 temera-

603 3314 747 3383 rius
786 3312 1095 3384 extiterit
1126 3312 1446 3403 violator,
1485 3314 1940 3406 indignationi
1983 3324 2218 3385 nostre
2256 3324 2327 3386 et
2367 3314 2638 3410 imperii
2679 3317 3094 3409 subjacebit,
3130 3318 3263 3389 hiis
3296 3319 3417 3412 qui

603 3456 848 3531 pacem
885 3446 954 3506 et
987 3435 1557 3529 indempnitatem
1593 3438 1971 3509 servabunt
1999 3438 2218 3509 nostri
2247 3438 2502 3509 favoris
2528 3439 2821 3532 gratiam
2856 3442 3267 3527 obtenturis.
3305 3442 3417 3515 Ad

604 3561 802 3652 cujus
846 3558 947 3629 rei
998 3554 1401 3628 memoriam
1457 3581 1745 3679 presens
1790 3559 2121 3679 scriptum
2170 3559 2320 3633 fieri
2371 3570 2441 3633 et
2490 3562 2864 3654 majestatis
2913 3574 3143 3636 nostre
3194 3566 3416 3685 sigillo

595 3681 924 3774 jussimus
958 3680 1393 3753 communiri.

698 3806 948 3876 Datum
979 3802 1261 3896 Ariani,
1299 3825 1484 3877 anno
1531 3804 1875 3879 dominice
1935 3778 2425 3880 incarnationis
2465 3809 2556 3881 M.
2578 3808 2701 3882 CC.
2722 3809 2961 3900 XLIII,
3008 3831 3249 3881 mense
3291 3796 3417 3883 ἐιιι-Ι

603 3928 810 4021 gusti,
847 3928 1068 4022 prime
1096 3927 1512 4001 indictionis.
1543 3908 1550 3917 ’
3012 3916 3017 3921 -
3416 3920 3421 3927 .

1016 4231 1222 4242 -α-..ι-

723 4516 1140 4602 Fridericus
1161 4580 1185 4627 ,
1226 4521 1742 4607 Romanorum
1800 4523 2246 4641 imperator2
2291 4550 2430 4634 pro
2466 4526 2702 4635 gratis
2740 4536 2813 4623 et
2856 4526 3206 4641 fidelibus
3230 4557 3422 4623 ser-

621 4648 820 4731 vitiis
870 4678 1065 4761 quae
1118 4653 1316 4737 cives
1350 4654 1956 4739 Wormacienses
1999 4655 2141 4740 sibi
2178 4669 2253 4741 et
2309 4634 2649 4768 imperio
2678 4659 3140 4747 incessanter
3187 4664 3425 4749 exhi-s·-

3570 4559 3737 4608 Λτζιιιί,

3551 4621 3603 4653 ιιι
3608 4617 3753 4663 gusto.
