4364 5738
504 549 507 552 ¹
565 605 768 666 amm.
800 603 892 682 3.]
1469 600 1864 666 msroam
1912 602 2502 667 amomum.
3266 595 3384 663 251

568 758 730 814 cum
758 734 1257 811 deliberatione
1296 737 1582 811 consilio
1624 738 1974 832 diligenti,
2013 740 2179 834 quia
2222 739 2676 814 intentionem
2721 740 2887 814 dicti
2923 735 3390 835 procuratoris

569 859 1069 956 archiepiscopi
1101 881 1228 953 pro
1262 871 1458 954 parte
1486 860 1702 955 ipsius
1730 871 1802 932 et
1827 863 2118 935 ecclesie
2141 864 2568 937 Salernitane
2602 864 2971 937 efficaciter
2995 861 3389 946 invenimus

572 1004 724 1056 esse
765 984 1160 1074 fundatam,
1203 983 1466 1054 dictum
1511 984 1941 1057 Nicolectum
1984 997 2507 1081 procuratorem
2550 988 2849 1061 filiorum
2889 988 3241 1081 quondam
3271 987 3388 1077 ju·

572 1107 747 1180 dicis
778 1108 960 1180 Petri
996 1117 1069 1179 et
1098 1107 1285 1202 ipsos
1316 1107 1494 1178 filios
1520 1107 1613 1180 ad
1650 1108 2156 1181 restitutionem
2190 1110 2357 1183 dicti
2403 1112 2780 1184 molendini
2813 1110 3199 1183 faciendam
3229 1129 3392 1204 pre·

574 1230 760 1305 dicto
791 1232 1118 1324 magistro
1144 1231 1438 1323 Rogerio
1467 1232 1897 1325 procuratori
1926 1233 2429 1329 archiepiscopi
2460 1257 2588 1329 pro
2619 1244 2817 1330 parte
2848 1213 3073 1306 suaet
3104 1232 3391 1305 ecclesie

574 1375 701 1432 sue
740 1351 1040 1427 finaliter
1080 1354 1412 1427 duximus
1462 1355 2075 1452 condempnandos
2096 1410 2116 1448 ‚
2163 1339 2514 1429 fructuum
2555 1369 2628 1432 et
2671 1380 3137 1455 expensarum
3185 1376 3395 1450 ques-

578 1478 766 1552 tione
794 1500 1156 1574 suspensa.
1191 1479 1303 1551 Ad
1334 1480 1534 1570 cujus
1562 1480 1660 1551 rei
1688 1482 2092 1553 memoriam
2126 1491 2198 1562 et
2221 1492 2628 1578 perpetuam
2656 1482 3079 1571 firmitatem,
3109 1501 3395 1576 presens

576 1603 910 1698 scriptum
937 1603 1100 1673 inde
1132 1624 1258 1697 per
1289 1624 1537 1691 manus
1568 1604 1750 1676 Petri
1789 1605 1879 1677 de
1912 1605 2189 1678 Caserta
2223 1627 2474 1700 magne
2508 1595 2886 1702 imperialis
2921 1605 3111 1679 curie
3141 1605 3213 1676 in
3242 1607 3394 1697 jus·

581 1725 921 1800 ticiariatu
956 1726 1209 1797 notarii
1240 1724 1389 1799 fieri
1421 1727 1711 1799 fecimus
1740 1729 1993 1801 nostris
2020 1730 2641 1825 subscriptionibus
2672 1731 3098 1803 roboratum.

591 1917 597 1923 .
675 1849 1008 1944 Superius
1039 1851 1364 1922 abrasum
1397 1863 1469 1924 et
1508 1853 1956 1926 emendatum
1989 1865 2095 1926 est
2125 1878 2206 1926 ac
2231 1856 2614 1948 privilegiis
2646 1856 2729 1927 ab
2764 1866 3048 1949 utraque
3071 1864 3291 1948 parte.

677 1973 931 2047 Actum
957 1974 1165 2065 Fogie
1182 2027 1202 2064 ,
1241 1995 1456 2065 anno,
1490 1997 1728 2048 mense
1758 1985 1829 2048 et
1854 1977 2233 2049 indictione
2265 1979 2689 2073 prescriptis.

678 2097 730 2188 ’ί-
760 2087 908 2189 Ego
938 2097 1277 2168 Henricus
1309 2096 1401 2170 de
1433 2100 1657 2188 Tocco
1692 2099 2065 2193 imperialis
2104 2099 2296 2170 curie
2319 2100 2572 2191 judex.

679 2219 731 2310 ’ί-
761 2218 910 2311 Ego
942 2219 1288 2292 Roffridus
1320 2220 1409 2293 de
1442 2222 1695 2293 Sancto
1732 2221 2074 2293 Germano
2102 2242 2354 2314 magne
2384 2223 2762 2318 imperialis
2802 2223 2992 2296 curie
3017 2221 3268 2314 judex.

682 2340 734 2431 ’ί-
765 2343 913 2435 Ego
946 2344 1355 2417 Guillelmus
1381 2345 1473 2418 de
1507 2345 1726 2416 Vinea
1757 2365 2010 2437 magne
2041 2345 2419 2440 imperialis
2449 2345 2638 2418 curie
2661 2346 2911 2438 judex.

680 2466 732 2557 ’ί-
765 2466 911 2557 Ego
940 2466 1292 2540 Iohannes
1322 2467 1412 2540 de
1447 2469 1848 2541 Marturano
1880 2489 2129 2561 magne
2167 2468 2542 2565 imperialis
2569 2469 2759 2541 curie
2778 2457 3028 2561 judex.

2605 2727 3001 2738 ——0--0-——ae

698 2948 1152 3054 FridericuS‚
1175 2947 1697 3031 Romanorum
1732 2944 2173 3053 imperator,
2197 2943 2646 3053 Pandulpho
2681 2944 2777 3028 de
2812 2944 3206 3028 Fasanella
3240 2945 3407 3026 im-

591 3080 779 3190 perii
823 3081 904 3161 in
942 3079 1214 3161 Tuscia
1265 3078 1549 3162 vicario
1595 3077 1857 3160 scribit
1909 3076 2267 3159 abbatem
2321 3076 2761 3160 monasterii
2817 3077 3069 3160 Sancti
3129 3076 3410 3160 Salva-

421 3272 446 3287 .
583 3211 783 3294 -toris
818 3210 913 3293 de
946 3209 1200 3292 Monte
1244 3210 1547 3292 Amiato
1601 3208 1746 3291 sibi
1788 3207 2180 3318 querelam
2226 3209 2574 3291 retulisse
2624 3210 2835 3319 quod
2878 3210 3038 3318 ipse
3087 3209 3413 3294 vicarius

591 3341 1197 3453 jurisdictionem
1270 3340 1436 3450 ejus
1518 3350 1782 3423 contra
1850 3340 2420 3451 privilegiorum
2499 3340 3008 3450 imperialium
3076 3353 3414 3424 tenorem

599 3475 960 3583 impediat
1026 3485 1101 3554 et
1174 3498 1399 3581 super
1460 3471 2066 3581 possessionibus
2138 3473 2481 3582 ejusdem
2552 3473 2989 3555 monasterii
3040 3471 3413 3580 judicium

597 3619 966 3713 exerceat,
1008 3607 1475 3715 mandatque
1527 3604 1596 3686 ei
1633 3614 1721 3687 ut
1762 3605 1828 3687 si
1882 3631 2004 3687 res
2040 3606 2145 3687 ita
2198 3632 2278 3688 se
2331 3604 2717 3714 babuerit,
2758 3603 3083 3714 querelis
3118 3603 3415 3686 abbatis

600 3739 1038 3825 satisfaciat.

755 3926 1102 4009 (Memorat.
1128 3942 1227 4004 ap.
1257 3925 1578 3999 Bosana,
1603 3924 1828 4007 Reque.
1853 3925 2088 4004 imper„
2118 3942 2182 4002 p.
2219 3932 2357 4002 198,
2387 3932 2456 3982 n⁰
2490 3921 2696 4002 10⁷⁷.)

696 4089 947 4161 Datum
979 4088 1260 4181 Foggie,
1299 4088 1516 4159 XXIII
1539 4085 1877 4179 januarii,
1912 4085 2287 4159 indictione
2321 4084 2439 4158 111.

713 4562 1175 4669 Fridericu8‚
1213 4563 1738 4648 Romanorum
1790 4562 2233 4670 imperator,
2271 4558 2618 4669 Philippo
2659 4560 2756 4642 de
2797 4557 3229 4644 Brundusio
3267 4559 3416 4671 ju—

606 4695 757 4778 dici
800 4694 882 4776 in
938 4695 1302 4780 vicariatu
1356 4695 1782 4805 Pandulphi
1826 4695 1922 4778 de
1969 4692 2364 4776 Fasanella
2413 4692 2732 4775 mandat
2778 4703 2865 4776 ut
2920 4693 3020 4776 ad
3078 4693 3419 4803 requisi-

3498 3016 3556 3060 28
3569 3012 3785 3068 januarii.

3538 4579 3633 4633 1³0oe

3404 4667 3411 4674 .
3498 4635 3552 4677 10
3573 4580 3803 4679 rastrix-'tt
