<?xml version="1.0" encoding="UTF-8"?>
<!DOCTYPE html PUBLIC "-//W3C//DTD XHTML 1.0 Transitional//EN"
    "http://www.w3.org/TR/xhtml1/DTD/xhtml1-transitional.dtd">
<html xmlns="http://www.w3.org/1999/xhtml" xml:lang="en" lang="en">
 <head>
  <title>
</title>
<meta http-equiv="Content-Type" content="text/html;charset=utf-8" />
  <meta name='ocr-system' content='tesseract 3.04.00' />
  <meta name='ocr-capabilities' content='ocr_page ocr_carea ocr_par ocr_line ocrx_word'/>
</head>
<body>
  <div class='ocr_page' id='page_1' title='image "./historiadiploma00degoog_0489.png"; bbox 0 0 4364 5738; ppageno 0'>
   <div class='ocr_carea' id='block_1_1' title="bbox 569 531 3390 629">
    <p class='ocr_par' dir='ltr' id='par_1_1' title="bbox 569 531 3390 629">
     <span class='ocr_line' id='line_1_1' title="bbox 569 531 3390 629; baseline -0.008 -16"><span class='ocrx_word' id='word_1_1' title='bbox 569 553 773 615; x_wconf 62' lang='lat' dir='ltr'><strong>lamet.</strong></span> <span class='ocrx_word' id='word_1_2' title='bbox 805 551 899 629; x_wconf 88' lang='lat'><strong>5.]</strong></span> <span class='ocrx_word' id='word_1_3' title='bbox 1464 539 1861 603; x_wconf 77' lang='lat' dir='ltr'>HISTORIA</span> <span class='ocrx_word' id='word_1_4' title='bbox 1905 535 2501 599; x_wconf 77' lang='lat' dir='ltr'><strong>n1PLoMATch.</strong></span> <span class='ocrx_word' id='word_1_5' title='bbox 3274 531 3390 592; x_wconf 77' lang='lat'><strong>471</strong></span> 
     </span>
    </p>
   </div>
   <div class='ocr_carea' id='block_1_2' title="bbox 572 664 3407 2132">
    <p class='ocr_par' dir='ltr' id='par_1_2' title="bbox 572 664 3407 2132">
     <span class='ocr_line' id='line_1_2' title="bbox 572 664 3390 781; baseline -0.008 -23"><span class='ocrx_word' id='word_1_6' title='bbox 572 694 719 758; x_wconf 87' lang='lat' dir='ltr'><strong>tum</strong></span> <span class='ocrx_word' id='word_1_7' title='bbox 758 683 1028 781; x_wconf 82' lang='lat' dir='ltr'><strong>possint</strong></span> <span class='ocrx_word' id='word_1_8' title='bbox 1069 699 1356 777; x_wconf 91' lang='lat' dir='ltr'><strong>operam</strong></span> <span class='ocrx_word' id='word_1_9' title='bbox 1396 675 1776 750; x_wconf 79' lang='lat' dir='ltr'><strong>exhibeant</strong></span> <span class='ocrx_word' id='word_1_10' title='bbox 1816 672 2194 746; x_wconf 89' lang='lat' dir='ltr'><strong>efficacem.</strong></span> <span class='ocrx_word' id='word_1_11' title='bbox 2231 670 2407 756; x_wconf 89' lang='lat' dir='ltr'><strong>Quia</strong></span> <span class='ocrx_word' id='word_1_12' title='bbox 2441 680 2674 742; x_wconf 89' lang='lat' dir='ltr'><strong>tamen</strong></span> <span class='ocrx_word' id='word_1_13' title='bbox 2690 722 2710 760; x_wconf 92' lang='lat'><strong>,</strong></span> <span class='ocrx_word' id='word_1_14' title='bbox 2741 667 2921 739; x_wconf 89' lang='lat' dir='ltr'><strong>sicut</strong></span> <span class='ocrx_word' id='word_1_15' title='bbox 2958 664 3390 760; x_wconf 80' lang='lat' dir='ltr'><strong>accepimus,</strong></span> 
     </span>
     <span class='ocr_line' id='line_1_3' title="bbox 572 794 3397 883; baseline -0.008 0"><span class='ocrx_word' id='word_1_16' title='bbox 572 809 983 883; x_wconf 88' lang='lat' dir='ltr'><strong>dilectorum</strong></span> <span class='ocrx_word' id='word_1_17' title='bbox 1015 804 1328 877; x_wconf 84' lang='lat' dir='ltr'><strong>fidelium</strong></span> <span class='ocrx_word' id='word_1_18' title='bbox 1353 812 1747 874; x_wconf 90' lang='lat' dir='ltr'><strong>nostrorum</strong></span> <span class='ocrx_word' id='word_1_19' title='bbox 1776 796 2282 871; x_wconf 87' lang='lat' dir='ltr'><strong>Ravennatium</strong></span> <span class='ocrx_word' id='word_1_20' title='bbox 2309 794 2650 867; x_wconf 85' lang='lat' dir='ltr'><strong>auxilium</strong></span> <span class='ocrx_word' id='word_1_21' title='bbox 2672 800 2912 864; x_wconf 87' lang='lat' dir='ltr'><strong>contra</strong></span> <span class='ocrx_word' id='word_1_22' title='bbox 2941 811 3062 862; x_wconf 89' lang='lat' dir='ltr'><strong>eos</strong></span> <span class='ocrx_word' id='word_1_23' title='bbox 3093 809 3244 861; x_wconf 89' lang='lat' dir='ltr'><strong>esse</strong></span> <span class='ocrx_word' id='word_1_24' title='bbox 3271 809 3397 883; x_wconf 90' lang='lat' dir='ltr'><strong>pre</strong></span> 
     </span>
     <span class='ocr_line' id='line_1_4' title="bbox 574 911 3396 1027; baseline -0.009 -21"><span class='ocrx_word' id='word_1_25' title='bbox 574 932 823 1007; x_wconf 90' lang='lat' dir='ltr'><strong>ceteris</strong></span> <span class='ocrx_word' id='word_1_26' title='bbox 852 938 1323 1027; x_wconf 90' lang='lat' dir='ltr'><strong>opportunum</strong></span> <span class='ocrx_word' id='word_1_27' title='bbox 1332 974 1829 998; x_wconf 90' lang='grc'><strong>.......</strong></span> <span class='ocrx_word' id='word_1_28' title='bbox 1841 974 1862 1012; x_wconf 87' lang='grc'><em>,</em></span> <span class='ocrx_word' id='word_1_29' title='bbox 1895 941 2026 993; x_wconf 89' lang='lat' dir='ltr'><strong>nos</strong></span> <span class='ocrx_word' id='word_1_30' title='bbox 2052 920 2152 993; x_wconf 90' lang='lat' dir='ltr'><strong>eis</strong></span> <span class='ocrx_word' id='word_1_31' title='bbox 2174 940 2387 1014; x_wconf 87' lang='lat' dir='ltr'><strong>super</strong></span> <span class='ocrx_word' id='word_1_32' title='bbox 2411 918 2546 990; x_wconf 90' lang='lat' dir='ltr'><strong>hoc</strong></span> <span class='ocrx_word' id='word_1_33' title='bbox 2573 925 2847 989; x_wconf 87' lang='lat' dir='ltr'><strong>nostras</strong></span> <span class='ocrx_word' id='word_1_34' title='bbox 2873 913 3173 1006; x_wconf 78' lang='lat' dir='ltr'><strong>dirigere</strong></span> <span class='ocrx_word' id='word_1_35' title='bbox 3209 911 3396 983; x_wconf 90' lang='lat' dir='ltr'><strong>litte·</strong></span> 
     </span>
     <span class='ocr_line' id='line_1_5' title="bbox 574 1035 3400 1151; baseline -0.007 -23"><span class='ocrx_word' id='word_1_36' title='bbox 574 1077 690 1128; x_wconf 89' lang='lat' dir='ltr'><strong>ras</strong></span> <span class='ocrx_word' id='word_1_37' title='bbox 735 1054 1071 1151; x_wconf 80' lang='lat' dir='ltr'><strong>speciales</strong></span> <span class='ocrx_word' id='word_1_38' title='bbox 1114 1073 1291 1146; x_wconf 90' lang='lat' dir='ltr'><strong>quas</strong></span> <span class='ocrx_word' id='word_1_39' title='bbox 1339 1048 1604 1121; x_wconf 87' lang='lat' dir='ltr'><strong>eisdem</strong></span> <span class='ocrx_word' id='word_1_40' title='bbox 1651 1067 1779 1142; x_wconf 88' lang='lat' dir='ltr'><strong>per</strong></span> <span class='ocrx_word' id='word_1_41' title='bbox 1828 1054 1898 1117; x_wconf 90' lang='lat' dir='ltr'><strong>te</strong></span> <span class='ocrx_word' id='word_1_42' title='bbox 1944 1066 2041 1116; x_wconf 83' lang='lat' dir='ltr'><strong>ex</strong></span> <span class='ocrx_word' id='word_1_43' title='bbox 2079 1054 2280 1140; x_wconf 85' lang='lat' dir='ltr'><strong>parte</strong></span> <span class='ocrx_word' id='word_1_44' title='bbox 2322 1052 2563 1115; x_wconf 89' lang='lat' dir='ltr'><strong>nostra</strong></span> <span class='ocrx_word' id='word_1_45' title='bbox 2612 1039 2913 1136; x_wconf 87' lang='lat' dir='ltr'><strong>petimus</strong></span> <span class='ocrx_word' id='word_1_46' title='bbox 2954 1047 3029 1109; x_wconf 89' lang='lat' dir='ltr'><strong>et</strong></span> <span class='ocrx_word' id='word_1_47' title='bbox 3073 1035 3400 1109; x_wconf 88' lang='lat' dir='ltr'><strong>volumus</strong></span> 
     </span>
     <span class='ocr_line' id='line_1_6' title="bbox 575 1158 3401 1276; baseline -0.008 -23"><span class='ocrx_word' id='word_1_48' title='bbox 575 1178 960 1276; x_wconf 88' lang='lat' dir='ltr'><strong>presentari</strong></span> <span class='ocrx_word' id='word_1_49' title='bbox 976 1229 997 1267; x_wconf 99' lang='lat'><strong>,</strong></span> <span class='ocrx_word' id='word_1_50' title='bbox 1036 1175 1393 1263; x_wconf 87' lang='lat' dir='ltr'><strong>volumus,</strong></span> <span class='ocrx_word' id='word_1_51' title='bbox 1430 1181 1501 1243; x_wconf 90' lang='lat' dir='ltr'><strong>et</strong></span> <span class='ocrx_word' id='word_1_52' title='bbox 1548 1168 1961 1241; x_wconf 88' lang='lat' dir='ltr'><strong>mandamus</strong></span> <span class='ocrx_word' id='word_1_53' title='bbox 2009 1177 2090 1239; x_wconf 93' lang='lat' dir='ltr'><strong>ut</strong></span> <span class='ocrx_word' id='word_1_54' title='bbox 2140 1166 2234 1240; x_wconf 93' lang='lat' dir='ltr'><strong>ad</strong></span> <span class='ocrx_word' id='word_1_55' title='bbox 2282 1187 2365 1238; x_wconf 89' lang='lat' dir='ltr'><strong>ea</strong></span> <span class='ocrx_word' id='word_1_56' title='bbox 2410 1164 2704 1237; x_wconf 78' lang='lat' dir='ltr'><strong>feliciter</strong></span> <span class='ocrx_word' id='word_1_57' title='bbox 2750 1159 3168 1261; x_wconf 84' lang='lat' dir='ltr'><strong>exequenda</strong></span> <span class='ocrx_word' id='word_1_58' title='bbox 3213 1158 3401 1253; x_wconf 90' lang='lat' dir='ltr'><strong>ipsos</strong></span> 
     </span>
     <span class='ocr_line' id='line_1_7' title="bbox 576 1282 3398 1385; baseline -0.007 -9"><span class='ocrx_word' id='word_1_59' title='bbox 576 1303 855 1375; x_wconf 90' lang='lat' dir='ltr'><strong>nomine</strong></span> <span class='ocrx_word' id='word_1_60' title='bbox 886 1309 1125 1372; x_wconf 92' lang='lat' dir='ltr'><strong>nostro</strong></span> <span class='ocrx_word' id='word_1_61' title='bbox 1159 1295 1543 1369; x_wconf 87' lang='lat' dir='ltr'><strong>secundum</strong></span> <span class='ocrx_word' id='word_1_62' title='bbox 1585 1294 1908 1365; x_wconf 87' lang='lat' dir='ltr'><strong>collatam</strong></span> <span class='ocrx_word' id='word_1_63' title='bbox 1942 1291 2067 1363; x_wconf 88' lang='lat' dir='ltr'><strong>tibi</strong></span> <span class='ocrx_word' id='word_1_64' title='bbox 2102 1312 2146 1362; x_wconf 92' lang='lat' dir='ltr'><strong>a</strong></span> <span class='ocrx_word' id='word_1_65' title='bbox 2182 1292 2331 1363; x_wconf 87' lang='lat' dir='ltr'><strong>Deo</strong></span> <span class='ocrx_word' id='word_1_66' title='bbox 2362 1286 2804 1385; x_wconf 81' lang='lat' dir='ltr'><strong>prudentiam</strong></span> <span class='ocrx_word' id='word_1_67' title='bbox 2844 1304 3130 1357; x_wconf 88' lang='lat' dir='ltr'><strong>moneas</strong></span> <span class='ocrx_word' id='word_1_68' title='bbox 3164 1282 3398 1356; x_wconf 88' lang='lat' dir='ltr'><strong>effica-</strong></span> 
     </span>
     <span class='ocr_line' id='line_1_8' title="bbox 577 1407 3402 1511; baseline -0.008 -11"><span class='ocrx_word' id='word_1_69' title='bbox 577 1427 750 1500; x_wconf 81' lang='lat' dir='ltr'><strong>citer</strong></span> <span class='ocrx_word' id='word_1_70' title='bbox 783 1435 856 1497; x_wconf 89' lang='lat' dir='ltr'><strong>et</strong></span> <span class='ocrx_word' id='word_1_71' title='bbox 880 1423 1195 1496; x_wconf 90' lang='lat' dir='ltr'><strong>inducas.</strong></span> <span class='ocrx_word' id='word_1_72' title='bbox 1230 1421 1638 1491; x_wconf 84' lang='lat' dir='ltr'><strong>Nostrorum</strong></span> <span class='ocrx_word' id='word_1_73' title='bbox 1685 1437 1965 1511; x_wconf 88' lang='lat' dir='ltr'><strong>quoque</strong></span> <span class='ocrx_word' id='word_1_74' title='bbox 2008 1425 2292 1486; x_wconf 84' lang='lat' dir='ltr'><strong>actuum</strong></span> <span class='ocrx_word' id='word_1_75' title='bbox 2337 1422 2592 1485; x_wconf 89' lang='lat' dir='ltr'><strong>statum</strong></span> <span class='ocrx_word' id='word_1_76' title='bbox 2635 1421 2707 1483; x_wconf 91' lang='lat' dir='ltr'><strong>et</strong></span> <span class='ocrx_word' id='word_1_77' title='bbox 2748 1410 3047 1504; x_wconf 79' lang='lat' dir='ltr'><strong>qualiter</strong></span> <span class='ocrx_word' id='word_1_78' title='bbox 3075 1407 3402 1480; x_wconf 88' lang='lat' dir='ltr'><strong>Sueviam</strong></span> 
     </span>
     <span class='ocr_line' id='line_1_9' title="bbox 577 1530 3402 1633; baseline -0.007 -12"><span class='ocrx_word' id='word_1_79' title='bbox 577 1548 923 1623; x_wconf 80' lang='lat' dir='ltr'><strong>hostiliter</strong></span> <span class='ocrx_word' id='word_1_80' title='bbox 969 1545 1416 1632; x_wconf 75' lang='lat' dir='ltr'><strong>invadamuS‚</strong></span> <span class='ocrx_word' id='word_1_81' title='bbox 1455 1542 1603 1633; x_wconf 89' lang='lat' dir='ltr'><strong>jam</strong></span> <span class='ocrx_word' id='word_1_82' title='bbox 1648 1541 1791 1611; x_wconf 81' lang='lat' dir='ltr'><strong>fere</strong></span> <span class='ocrx_word' id='word_1_83' title='bbox 1840 1539 2164 1612; x_wconf 90' lang='lat' dir='ltr'><strong>omnibus</strong></span> <span class='ocrx_word' id='word_1_84' title='bbox 2211 1536 2398 1607; x_wconf 92' lang='lat' dir='ltr'><strong>illius</strong></span> <span class='ocrx_word' id='word_1_85' title='bbox 2438 1545 2620 1607; x_wconf 88' lang='lat' dir='ltr'><strong>terre</strong></span> <span class='ocrx_word' id='word_1_86' title='bbox 2664 1532 3014 1605; x_wconf 90' lang='lat' dir='ltr'><strong>nobilibus</strong></span> <span class='ocrx_word' id='word_1_87' title='bbox 3052 1530 3144 1603; x_wconf 91' lang='lat' dir='ltr'><strong>ad</strong></span> <span class='ocrx_word' id='word_1_88' title='bbox 3184 1531 3402 1627; x_wconf 89' lang='lat' dir='ltr'><strong>pedes</strong></span> 
     </span>
     <span class='ocr_line' id='line_1_10' title="bbox 579 1655 3407 1757; baseline -0.007 -13"><span class='ocrx_word' id='word_1_89' title='bbox 579 1683 816 1744; x_wconf 90' lang='lat' dir='ltr'><strong>nostre</strong></span> <span class='ocrx_word' id='word_1_90' title='bbox 842 1667 1270 1742; x_wconf 84' lang='lat' dir='ltr'><strong>celsitudinis</strong></span> <span class='ocrx_word' id='word_1_91' title='bbox 1302 1664 1675 1753; x_wconf 90' lang='lat' dir='ltr'><strong>inclinatis,</strong></span> <span class='ocrx_word' id='word_1_92' title='bbox 1706 1662 1980 1757; x_wconf 89' lang='lat' dir='ltr'><strong>etquid</strong></span> <span class='ocrx_word' id='word_1_93' title='bbox 2011 1662 2101 1734; x_wconf 89' lang='lat' dir='ltr'><strong>de</strong></span> <span class='ocrx_word' id='word_1_94' title='bbox 2137 1672 2256 1734; x_wconf 90' lang='lat' dir='ltr'><strong>tuo</strong></span> <span class='ocrx_word' id='word_1_95' title='bbox 2289 1671 2360 1733; x_wconf 90' lang='lat' dir='ltr'><strong>et</strong></span> <span class='ocrx_word' id='word_1_96' title='bbox 2386 1659 2678 1732; x_wconf 90' lang='lat' dir='ltr'><strong>aliorum</strong></span> <span class='ocrx_word' id='word_1_97' title='bbox 2710 1655 3257 1729; x_wconf 88' lang='lat' dir='ltr'><strong>Lombardorum</strong></span> <span class='ocrx_word' id='word_1_98' title='bbox 3286 1674 3407 1726; x_wconf 90' lang='lat' dir='ltr'><strong>ne·</strong></span> 
     </span>
     <span class='ocr_line' id='line_1_11' title="bbox 580 1780 3405 1886; baseline -0.007 -19"><span class='ocrx_word' id='word_1_99' title='bbox 580 1794 771 1886; x_wconf 82' lang='lat' dir='ltr'><strong>gotio</strong></span> <span class='ocrx_word' id='word_1_100' title='bbox 811 1794 880 1864; x_wconf 91' lang='lat' dir='ltr'><strong>in</strong></span> <span class='ocrx_word' id='word_1_101' title='bbox 925 1791 1122 1864; x_wconf 88' lang='lat' dir='ltr'><strong>brevi</strong></span> <span class='ocrx_word' id='word_1_102' title='bbox 1168 1787 1410 1886; x_wconf 68' lang='lat' dir='ltr'><strong>agere}</strong></span> <span class='ocrx_word' id='word_1_103' title='bbox 1424 1789 1913 1882; x_wconf 87' lang='lat' dir='ltr'><strong>disponamus,</strong></span> <span class='ocrx_word' id='word_1_104' title='bbox 1949 1784 2074 1857; x_wconf 91' lang='lat' dir='ltr'><strong>tibi</strong></span> <span class='ocrx_word' id='word_1_105' title='bbox 2127 1804 2341 1878; x_wconf 89' lang='lat' dir='ltr'><strong>quam</strong></span> <span class='ocrx_word' id='word_1_106' title='bbox 2385 1782 2525 1855; x_wconf 88' lang='lat' dir='ltr'><strong>cito</strong></span> <span class='ocrx_word' id='word_1_107' title='bbox 2569 1802 2698 1877; x_wconf 92' lang='lat' dir='ltr'><strong>per</strong></span> <span class='ocrx_word' id='word_1_108' title='bbox 2736 1780 3083 1852; x_wconf 86' lang='lat' dir='ltr'><strong>solemnes</strong></span> <span class='ocrx_word' id='word_1_109' title='bbox 3129 1785 3405 1850; x_wconf 83' lang='lat' dir='ltr'><strong>nostros</strong></span> 
     </span>
     <span class='ocr_line' id='line_1_12' title="bbox 580 1911 1704 1989; baseline -0.006 -1"><span class='ocrx_word' id='word_1_110' title='bbox 580 1916 864 1989; x_wconf 87' lang='lat' dir='ltr'><strong>nuntios</strong></span> <span class='ocrx_word' id='word_1_111' title='bbox 897 1915 1294 1988; x_wconf 88' lang='lat' dir='ltr'><strong>curabimus</strong></span> <span class='ocrx_word' id='word_1_112' title='bbox 1325 1911 1704 1984; x_wconf 88' lang='lat' dir='ltr'><strong>destinare.</strong></span> 
     </span>
     <span class='ocr_line' id='line_1_13' title="bbox 677 1962 2979 2132; baseline -0.005 -21"><span class='ocrx_word' id='word_1_113' title='bbox 677 2041 929 2111; x_wconf 86' lang='lat' dir='ltr'><strong>Datum</strong></span> <span class='ocrx_word' id='word_1_114' title='bbox 966 2039 1220 2110; x_wconf 86' lang='lat' dir='ltr'><strong>Wartlt</strong></span> <span class='ocrx_word' id='word_1_115' title='bbox 1240 2033 1377 2132; x_wconf 69' lang='lat'><strong>(⁴),</strong></span> <span class='ocrx_word' id='word_1_116' title='bbox 1414 2033 1637 2130; x_wconf 89' lang='lat' dir='ltr'><strong>pridie</strong></span> <span class='ocrx_word' id='word_1_117' title='bbox 1667 2030 2003 2104; x_wconf 86' lang='lat' dir='ltr'><strong>kalendas</strong></span> <span class='ocrx_word' id='word_1_118' title='bbox 2034 1962 2452 2119; x_wconf 78' lang='lat' dir='ltr'><strong>decembriS,</strong></span> <span class='ocrx_word' id='word_1_119' title='bbox 2485 2026 2861 2099; x_wconf 85' lang='lat' dir='ltr'><strong>indictione</strong></span> <span class='ocrx_word' id='word_1_120' title='bbox 2891 2026 2979 2099; x_wconf 87' lang='lat' dir='ltr'><strong>V.</strong></span> 
     </span>
    </p>
   </div>
   <div class='ocr_carea' id='block_1_3' title="bbox 584 2595 3406 2974">
    <p class='ocr_par' dir='ltr' id='par_1_3' title="bbox 584 2595 3406 2974">
     <span class='ocr_line' id='line_1_14' title="bbox 691 2595 3406 2707; baseline 0 -26"><span class='ocrx_word' id='word_1_121' title='bbox 691 2598 1153 2707; x_wconf 79' lang='lat' dir='ltr'><strong>FridericuS,</strong></span> <span class='ocrx_word' id='word_1_122' title='bbox 1205 2599 1720 2681; x_wconf 89' lang='lat' dir='ltr'><strong>Romanorum</strong></span> <span class='ocrx_word' id='word_1_123' title='bbox 1771 2597 2213 2706; x_wconf 88' lang='lat' dir='ltr'><strong>imperator,</strong></span> <span class='ocrx_word' id='word_1_124' title='bbox 2284 2596 2544 2678; x_wconf 88' lang='lat' dir='ltr'><strong>scribit</strong></span> <span class='ocrx_word' id='word_1_125' title='bbox 2597 2595 2903 2679; x_wconf 88' lang='lat' dir='ltr'><strong>Ezelino</strong></span> <span class='ocrx_word' id='word_1_126' title='bbox 2921 2658 2945 2704; x_wconf 92' lang='lat'><strong>,</strong></span> <span class='ocrx_word' id='word_1_127' title='bbox 3011 2595 3406 2682; x_wconf 87' lang='lat' dir='ltr'><strong>Saracenis</strong></span> 
     </span>
     <span class='ocr_line' id='line_1_15' title="bbox 584 2727 3406 2838; baseline -0.001 -23"><span class='ocrx_word' id='word_1_128' title='bbox 584 2730 881 2815; x_wconf 88' lang='lat' dir='ltr'><strong>Siciliae</strong></span> <span class='ocrx_word' id='word_1_129' title='bbox 927 2732 1028 2813; x_wconf 89' lang='lat' dir='ltr'><strong>ad</strong></span> <span class='ocrx_word' id='word_1_130' title='bbox 1081 2731 1445 2813; x_wconf 89' lang='lat' dir='ltr'><strong>mandata</strong></span> <span class='ocrx_word' id='word_1_131' title='bbox 1490 2755 1629 2811; x_wconf 86' lang='lat' dir='ltr'><strong>sua</strong></span> <span class='ocrx_word' id='word_1_132' title='bbox 1681 2729 1929 2812; x_wconf 91' lang='lat' dir='ltr'><strong>redire</strong></span> <span class='ocrx_word' id='word_1_133' title='bbox 1974 2729 2290 2830; x_wconf 75' lang='lat' dir='ltr'><strong>coactiS,</strong></span> <span class='ocrx_word' id='word_1_134' title='bbox 2336 2754 2490 2810; x_wconf 90' lang='lat' dir='ltr'><strong>non</strong></span> <span class='ocrx_word' id='word_1_135' title='bbox 2536 2727 2701 2837; x_wconf 89' lang='lat' dir='ltr'><strong>jam</strong></span> <span class='ocrx_word' id='word_1_136' title='bbox 2756 2728 3020 2811; x_wconf 87' lang='lat' dir='ltr'><strong>adesse</strong></span> <span class='ocrx_word' id='word_1_137' title='bbox 3071 2729 3406 2838; x_wconf 77' lang='lat' dir='ltr'><strong>impedi-</strong></span> 
     </span>
     <span class='ocr_line' id='line_1_16' title="bbox 586 2861 2595 2974; baseline -0.001 -29"><span class='ocrx_word' id='word_1_138' title='bbox 586 2876 841 2948; x_wconf 89' lang='lat' dir='ltr'><strong>menta</strong></span> <span class='ocrx_word' id='word_1_139' title='bbox 878 2890 1075 2974; x_wconf 88' lang='lat' dir='ltr'><strong>quae</strong></span> <span class='ocrx_word' id='word_1_140' title='bbox 1112 2890 1341 2948; x_wconf 90' lang='lat' dir='ltr'><strong>suum</strong></span> <span class='ocrx_word' id='word_1_141' title='bbox 1376 2862 1456 2943; x_wconf 90' lang='lat' dir='ltr'><strong>in</strong></span> <span class='ocrx_word' id='word_1_142' title='bbox 1495 2861 1791 2944; x_wconf 86' lang='lat' dir='ltr'><strong>Italiam</strong></span> <span class='ocrx_word' id='word_1_143' title='bbox 1820 2862 2146 2945; x_wconf 87' lang='lat' dir='ltr'><strong>reditum</strong></span> <span class='ocrx_word' id='word_1_144' title='bbox 2187 2862 2595 2945; x_wconf 87' lang='lat' dir='ltr'><strong>retardent.</strong></span> 
     </span>
    </p>
   </div>
   <div class='ocr_carea' id='block_1_4' title="bbox 749 3077 3407 3368">
    <p class='ocr_par' dir='ltr' id='par_1_4' title="bbox 749 3077 3407 3368">
     <span class='ocr_line' id='line_1_17' title="bbox 749 3077 3407 3159; baseline 0.001 -19"><span class='ocrx_word' id='word_1_145' title='bbox 749 3077 937 3158; x_wconf 82' lang='lat' dir='ltr'><strong>(Edit.</strong></span> <span class='ocrx_word' id='word_1_146' title='bbox 965 3081 1026 3137; x_wconf 88' lang='lat' dir='ltr'><strong>ln</strong></span> <span class='ocrx_word' id='word_1_147' title='bbox 1053 3077 1221 3138; x_wconf 72' lang='lat' dir='ltr'><strong>Petri</strong></span> <span class='ocrx_word' id='word_1_148' title='bbox 1245 3077 1314 3137; x_wconf 77' lang='lat' dir='ltr'><strong>de</strong></span> <span class='ocrx_word' id='word_1_149' title='bbox 1354 3078 1485 3139; x_wconf 74' lang='lat' dir='ltr'><strong>Vin.</strong></span> <span class='ocrx_word' id='word_1_150' title='bbox 1509 3078 1703 3156; x_wconf 70' lang='lat' dir='ltr'><strong>epist„</strong></span> <span class='ocrx_word' id='word_1_151' title='bbox 1735 3078 1840 3140; x_wconf 86' lang='lat' dir='ltr'><strong>lib.</strong></span> <span class='ocrx_word' id='word_1_152' title='bbox 1866 3080 1957 3156; x_wconf 91' lang='lat'><strong>11,</strong></span> <span class='ocrx_word' id='word_1_153' title='bbox 1984 3095 2117 3156; x_wconf 88' lang='lat' dir='ltr'><strong>cap.</strong></span> <span class='ocrx_word' id='word_1_154' title='bbox 2142 3077 2447 3151; x_wconf 77' lang='lat' dir='ltr'><strong>xu30011.</strong></span> <span class='ocrx_word' id='word_1_155' title='bbox 2480 3095 2615 3139; x_wconf 91' lang='lat' dir='ltr'><strong>cum</strong></span> <span class='ocrx_word' id='word_1_156' title='bbox 2644 3078 2773 3139; x_wconf 88' lang='lat' dir='ltr'><strong>cod.</strong></span> <span class='ocrx_word' id='word_1_157' title='bbox 2800 3080 2948 3140; x_wconf 84' lang='lat' dir='ltr'><strong>Bibl.</strong></span> <span class='ocrx_word' id='word_1_158' title='bbox 2984 3081 3200 3155; x_wconf 66' lang='lat' dir='ltr'><strong>Paris„</strong></span> <span class='ocrx_word' id='word_1_159' title='bbox 3217 3079 3407 3159; x_wconf 74' lang='lat' dir='ltr'><strong>fonds</strong></span> 
     </span>
     <span class='ocr_line' id='line_1_18' title="bbox 827 3179 3400 3262; baseline 0.002 -19"><span class='ocrx_word' id='word_1_160' title='bbox 827 3179 1596 3260; x_wconf 67' lang='lat' dir='ltr'><strong>Sciat-Germain—Harlay,</strong></span> <span class='ocrx_word' id='word_1_161' title='bbox 1627 3192 1696 3241; x_wconf 82' lang='lat' dir='ltr'><strong>n⁰</strong></span> <span class='ocrx_word' id='word_1_162' title='bbox 1725 3191 1867 3259; x_wconf 83' lang='grc'><strong><em>455,</em></strong></span> <span class='ocrx_word' id='word_1_163' title='bbox 1897 3190 1956 3243; x_wconf 88' lang='lat' dir='ltr'><strong>et</strong></span> <span class='ocrx_word' id='word_1_164' title='bbox 1984 3200 2116 3244; x_wconf 78' lang='lat' dir='ltr'><strong>ane.</strong></span> <span class='ocrx_word' id='word_1_165' title='bbox 2135 3180 2322 3262; x_wconf 75' lang='lat' dir='ltr'><strong>fonds</strong></span> <span class='ocrx_word' id='word_1_166' title='bbox 2350 3180 2530 3259; x_wconf 78' lang='lat' dir='ltr'><strong>latin,</strong></span> <span class='ocrx_word' id='word_1_167' title='bbox 2560 3193 2626 3243; x_wconf 82' lang='lat' dir='ltr'><strong>n⁰</strong></span> <span class='ocrx_word' id='word_1_168' title='bbox 2656 3193 2844 3260; x_wconf 80' lang='lat'><strong>85673</strong></span> <span class='ocrx_word' id='word_1_169' title='bbox 2874 3202 3014 3245; x_wconf 90' lang='lat' dir='ltr'><strong>cum</strong></span> <span class='ocrx_word' id='word_1_170' title='bbox 3041 3186 3154 3247; x_wconf 89' lang='lat' dir='ltr'><strong>hoc</strong></span> <span class='ocrx_word' id='word_1_171' title='bbox 3182 3188 3356 3248; x_wconf 83' lang='lat' dir='ltr'><strong>titulo</strong></span> <span class='ocrx_word' id='word_1_172' title='bbox 3384 3206 3400 3247; x_wconf 74' lang='lat' dir='ltr'>z</span> 
     </span>
     <span class='ocr_line' id='line_1_19' title="bbox 826 3285 2275 3368; baseline 0.001 -20"><span class='ocrx_word' id='word_1_173' title='bbox 826 3286 1157 3348; x_wconf 59' lang='grc' dir='ltr'><strong>Μῶν-ἰσων</strong></span> <span class='ocrx_word' id='word_1_174' title='bbox 1178 3289 1494 3367; x_wconf 75' lang='lat' dir='ltr'><strong>imperator</strong></span> <span class='ocrx_word' id='word_1_175' title='bbox 1519 3289 1645 3368; x_wconf 77' lang='lat' dir='ltr'><strong>reqi</strong></span> <span class='ocrx_word' id='word_1_176' title='bbox 1674 3285 1949 3348; x_wconf 68' lang='lat' dir='ltr'><strong>Sardinia</strong></span> <span class='ocrx_word' id='word_1_177' title='bbox 1961 3285 2102 3365; x_wconf 78' lang='lat' dir='ltr'><strong>filio</strong></span> <span class='ocrx_word' id='word_1_178' title='bbox 2124 3287 2275 3367; x_wconf 70' lang='lat' dir='ltr'><strong>mo.)</strong></span> 
     </span>
    </p>
   </div>
   <div class='ocr_carea' id='block_1_5' title="bbox 586 3473 3408 4430">
    <p class='ocr_par' dir='ltr' id='par_1_5' title="bbox 586 3473 3408 4430">
     <span class='ocr_line' id='line_1_20' title="bbox 683 3473 3403 3568; baseline 0.001 -22"><span class='ocrx_word' id='word_1_179' title='bbox 683 3475 992 3562; x_wconf 87' lang='lat' dir='ltr'><strong>Qualiter</strong></span> <span class='ocrx_word' id='word_1_180' title='bbox 1013 3483 1173 3568; x_wconf 88' lang='lat' dir='ltr'><strong>post</strong></span> <span class='ocrx_word' id='word_1_181' title='bbox 1193 3474 1551 3545; x_wconf 84' lang='lat' dir='ltr'><strong>obtentam</strong></span> <span class='ocrx_word' id='word_1_182' title='bbox 1573 3494 1799 3567; x_wconf 89' lang='lat' dir='ltr'><strong>nuper</strong></span> <span class='ocrx_word' id='word_1_183' title='bbox 1824 3473 1913 3545; x_wconf 90' lang='lat' dir='ltr'><strong>de</strong></span> <span class='ocrx_word' id='word_1_184' title='bbox 1942 3473 2372 3567; x_wconf 90' lang='lat' dir='ltr'><strong>proditorum</strong></span> <span class='ocrx_word' id='word_1_185' title='bbox 2396 3484 2794 3546; x_wconf 87' lang='lat' dir='ltr'><strong>nostrorum</strong></span> <span class='ocrx_word' id='word_1_186' title='bbox 2815 3476 3080 3546; x_wconf 87' lang='lat' dir='ltr'><strong>insania</strong></span> <span class='ocrx_word' id='word_1_187' title='bbox 3103 3478 3403 3550; x_wconf 86' lang='lat' dir='ltr'><strong>nefanda</strong></span> 
     </span>
     <span class='ocr_line' id='line_1_21' title="bbox 586 3594 3408 3694; baseline -0 -22"><span class='ocrx_word' id='word_1_188' title='bbox 586 3599 972 3689; x_wconf 83' lang='lat' dir='ltr'><strong>victoriam,</strong></span> <span class='ocrx_word' id='word_1_189' title='bbox 998 3598 1273 3670; x_wconf 87' lang='lat' dir='ltr'><strong>fortuna</strong></span> <span class='ocrx_word' id='word_1_190' title='bbox 1300 3595 1593 3667; x_wconf 89' lang='lat' dir='ltr'><strong>celebris</strong></span> <span class='ocrx_word' id='word_1_191' title='bbox 1619 3594 1891 3667; x_wconf 88' lang='lat' dir='ltr'><strong>noviter</strong></span> <span class='ocrx_word' id='word_1_192' title='bbox 1916 3596 2169 3667; x_wconf 90' lang='lat' dir='ltr'><strong>nostris</strong></span> <span class='ocrx_word' id='word_1_193' title='bbox 2200 3597 2633 3691; x_wconf 86' lang='lat' dir='ltr'><strong>processibus</strong></span> <span class='ocrx_word' id='word_1_194' title='bbox 2664 3620 2841 3690; x_wconf 90' lang='lat' dir='ltr'><strong>quos</strong></span> <span class='ocrx_word' id='word_1_195' title='bbox 2873 3598 3107 3669; x_wconf 84' lang='lat' dir='ltr'><strong>divina</strong></span> <span class='ocrx_word' id='word_1_196' title='bbox 3134 3621 3408 3694; x_wconf 87' lang='lat' dir='ltr'><strong>semper</strong></span> 
     </span>
     <span class='ocr_line' id='line_1_22' title="bbox 589 3716 3405 3817; baseline 0.001 -23"><span class='ocrx_word' id='word_1_197' title='bbox 589 3722 956 3795; x_wconf 88' lang='lat' dir='ltr'><strong>clementia</strong></span> <span class='ocrx_word' id='word_1_198' title='bbox 987 3719 1353 3793; x_wconf 87' lang='lat' dir='ltr'><strong>comitatur</strong></span> <span class='ocrx_word' id='word_1_199' title='bbox 1386 3719 1729 3808; x_wconf 90' lang='lat' dir='ltr'><strong>arriserit,</strong></span> <span class='ocrx_word' id='word_1_200' title='bbox 1767 3729 1884 3790; x_wconf 89' lang='lat' dir='ltr'><strong>tue</strong></span> <span class='ocrx_word' id='word_1_201' title='bbox 1916 3716 2268 3790; x_wconf 83' lang='lat' dir='ltr'><strong>fidelitatis</strong></span> <span class='ocrx_word' id='word_1_202' title='bbox 2298 3719 2565 3791; x_wconf 91' lang='lat' dir='ltr'><strong>auditui</strong></span> <span class='ocrx_word' id='word_1_203' title='bbox 2599 3721 2902 3816; x_wconf 90' lang='lat' dir='ltr'><strong>presenti</strong></span> <span class='ocrx_word' id='word_1_204' title='bbox 2933 3723 3113 3817; x_wconf 78' lang='lat' dir='ltr'><strong>stylo</strong></span> <span class='ocrx_word' id='word_1_205' title='bbox 3156 3721 3405 3797; x_wconf 88' lang='lat' dir='ltr'><strong>letifico</strong></span> 
     </span>
     <span class='ocr_line' id='line_1_23' title="bbox 590 3839 3403 3938; baseline 0.001 -22"><span class='ocrx_word' id='word_1_206' title='bbox 590 3845 1027 3918; x_wconf 79' lang='lat' dir='ltr'><strong>nunciamus,</strong></span> <span class='ocrx_word' id='word_1_207' title='bbox 1042 3843 1229 3913; x_wconf 88' lang='lat' dir='ltr'><strong>Licet</strong></span> <span class='ocrx_word' id='word_1_208' title='bbox 1259 3841 1444 3913; x_wconf 90' lang='lat' dir='ltr'><strong>enim</strong></span> <span class='ocrx_word' id='word_1_209' title='bbox 1465 3860 1557 3911; x_wconf 85' lang='lat' dir='ltr'><strong>ex</strong></span> <span class='ocrx_word' id='word_1_210' title='bbox 1581 3839 1874 3912; x_wconf 89' lang='lat' dir='ltr'><strong>diversis</strong></span> <span class='ocrx_word' id='word_1_211' title='bbox 1905 3842 2167 3913; x_wconf 88' lang='lat' dir='ltr'><strong>caussis</strong></span> <span class='ocrx_word' id='word_1_212' title='bbox 2195 3852 2266 3913; x_wconf 90' lang='lat' dir='ltr'><strong>et</strong></span> <span class='ocrx_word' id='word_1_213' title='bbox 2292 3843 2590 3932; x_wconf 90' lang='lat' dir='ltr'><strong>casibus,</strong></span> <span class='ocrx_word' id='word_1_214' title='bbox 2610 3844 2862 3935; x_wconf 89' lang='lat' dir='ltr'><strong>quibus</strong></span> <span class='ocrx_word' id='word_1_215' title='bbox 2885 3845 3147 3938; x_wconf 90' lang='lat' dir='ltr'><strong>pectori</strong></span> <span class='ocrx_word' id='word_1_216' title='bbox 3168 3854 3403 3919; x_wconf 89' lang='lat' dir='ltr'><strong>nostro</strong></span> 
     </span>
     <span class='ocr_line' id='line_1_24' title="bbox 589 3963 3404 4069; baseline 0 -29"><span class='ocrx_word' id='word_1_217' title='bbox 589 3968 915 4069; x_wconf 87' lang='lat' dir='ltr'><strong>continue</strong></span> <span class='ocrx_word' id='word_1_218' title='bbox 944 3966 1230 4037; x_wconf 88' lang='lat' dir='ltr'><strong>materia</strong></span> <span class='ocrx_word' id='word_1_219' title='bbox 1258 3963 1692 4057; x_wconf 78' lang='lat' dir='ltr'><strong>cogitationis</strong></span> <span class='ocrx_word' id='word_1_220' title='bbox 1719 3963 2129 4055; x_wconf 86' lang='lat' dir='ltr'><strong>infunditur,</strong></span> <span class='ocrx_word' id='word_1_221' title='bbox 2153 3965 2583 4060; x_wconf 90' lang='lat' dir='ltr'><strong>proditorum</strong></span> <span class='ocrx_word' id='word_1_222' title='bbox 2617 3967 2921 4063; x_wconf 87' lang='lat' dir='ltr'><strong>ipsorum</strong></span> <span class='ocrx_word' id='word_1_223' title='bbox 2950 3967 3404 4061; x_wconf 88' lang='lat' dir='ltr'><strong>deprimenda</strong></span> 
     </span>
     <span class='ocr_line' id='line_1_25' title="bbox 587 4087 3405 4184; baseline 0.001 -23"><span class='ocrx_word' id='word_1_224' title='bbox 587 4091 893 4184; x_wconf 89' lang='lat' dir='ltr'><strong>nequitia</strong></span> <span class='ocrx_word' id='word_1_225' title='bbox 916 4089 1116 4184; x_wconf 89' lang='lat' dir='ltr'><strong>quasi</strong></span> <span class='ocrx_word' id='word_1_226' title='bbox 1143 4108 1389 4161; x_wconf 88' lang='lat' dir='ltr'><strong>caussa</strong></span> <span class='ocrx_word' id='word_1_227' title='bbox 1421 4087 1752 4183; x_wconf 91' lang='lat' dir='ltr'><strong>precipua</strong></span> <span class='ocrx_word' id='word_1_228' title='bbox 1781 4087 2173 4180; x_wconf 88' lang='lat' dir='ltr'><strong>specialiter</strong></span> <span class='ocrx_word' id='word_1_229' title='bbox 2201 4087 2538 4160; x_wconf 90' lang='lat' dir='ltr'><strong>hactenus</strong></span> <span class='ocrx_word' id='word_1_230' title='bbox 2566 4089 3128 4161; x_wconf 88' lang='lat' dir='ltr'><strong>meditationibus</strong></span> <span class='ocrx_word' id='word_1_231' title='bbox 3152 4091 3405 4163; x_wconf 91' lang='lat' dir='ltr'><strong>nostris</strong></span> 
     </span>
     <span class='ocr_line' id='line_1_26' title="bbox 589 4209 3400 4305; baseline 0.001 -20"><span class='ocrx_word' id='word_1_232' title='bbox 589 4228 1018 4302; x_wconf 88' lang='lat' dir='ltr'><strong>occurreret,</strong></span> <span class='ocrx_word' id='word_1_233' title='bbox 1060 4224 1130 4285; x_wconf 89' lang='lat' dir='ltr'><strong>et</strong></span> <span class='ocrx_word' id='word_1_234' title='bbox 1164 4222 1418 4284; x_wconf 88' lang='lat' dir='ltr'><strong>statum</strong></span> <span class='ocrx_word' id='word_1_235' title='bbox 1452 4222 1765 4284; x_wconf 88' lang='lat' dir='ltr'><strong>nostrum</strong></span> <span class='ocrx_word' id='word_1_236' title='bbox 1799 4209 1870 4280; x_wconf 94' lang='lat' dir='ltr'><strong>in</strong></span> <span class='ocrx_word' id='word_1_237' title='bbox 1918 4232 2134 4302; x_wconf 82' lang='lat' dir='ltr'><strong>regno</strong></span> <span class='ocrx_word' id='word_1_238' title='bbox 2167 4210 2394 4282; x_wconf 92' lang='lat' dir='ltr'><strong>Sicilie</strong></span> <span class='ocrx_word' id='word_1_239' title='bbox 2426 4212 2814 4284; x_wconf 88' lang='lat' dir='ltr'><strong>necessario</strong></span> <span class='ocrx_word' id='word_1_240' title='bbox 2858 4213 3219 4305; x_wconf 72' lang='lat' dir='ltr'><strong>retineret,</strong></span> <span class='ocrx_word' id='word_1_241' title='bbox 3256 4215 3400 4287; x_wconf 78' lang='lat' dir='ltr'><strong>suf·</strong></span> 
     </span>
     <span class='ocr_line' id='line_1_27' title="bbox 590 4333 3403 4430; baseline 0.001 -22"><span class='ocrx_word' id='word_1_242' title='bbox 590 4338 988 4430; x_wconf 78' lang='lat' dir='ltr'><strong>fragabatur</strong></span> <span class='ocrx_word' id='word_1_243' title='bbox 1020 4336 1184 4409; x_wconf 86' lang='lat' dir='ltr'><strong>huic</strong></span> <span class='ocrx_word' id='word_1_244' title='bbox 1208 4356 1453 4408; x_wconf 86' lang='lat' dir='ltr'><strong>verum</strong></span> <span class='ocrx_word' id='word_1_245' title='bbox 1485 4344 1719 4406; x_wconf 90' lang='lat' dir='ltr'><strong>tamen</strong></span> <span class='ocrx_word' id='word_1_246' title='bbox 1749 4333 1885 4404; x_wconf 89' lang='lat' dir='ltr'><strong>alia</strong></span> <span class='ocrx_word' id='word_1_247' title='bbox 1916 4333 2091 4405; x_wconf 91' lang='lat' dir='ltr'><strong>ratio</strong></span> <span class='ocrx_word' id='word_1_248' title='bbox 2125 4353 2266 4405; x_wconf 93' lang='lat' dir='ltr'><strong>non</strong></span> <span class='ocrx_word' id='word_1_249' title='bbox 2295 4334 2524 4406; x_wconf 92' lang='lat' dir='ltr'><strong>minus</strong></span> <span class='ocrx_word' id='word_1_250' title='bbox 2555 4336 2877 4429; x_wconf 82' lang='lat' dir='ltr'><strong>evidens,</strong></span> <span class='ocrx_word' id='word_1_251' title='bbox 2901 4339 3403 4412; x_wconf 88' lang='lat' dir='ltr'><strong>Saracenorum</strong></span> 
     </span>
    </p>
   </div>
   <div class='ocr_carea' id='block_1_6' title="bbox 666 4634 3151 4713">
    <p class='ocr_par' dir='ltr' id='par_1_6' title="bbox 666 4634 3151 4713">
     <span class='ocr_line' id='line_1_28' title="bbox 666 4634 3151 4713; baseline 0.002 -19"><span class='ocrx_word' id='word_1_252' title='bbox 666 4641 742 4711; x_wconf 73' lang='lat' dir='ltr'><strong>(t)</strong></span> <span class='ocrx_word' id='word_1_253' title='bbox 775 4641 982 4698; x_wconf 86' lang='lat' dir='ltr'><strong>Nomen</strong></span> <span class='ocrx_word' id='word_1_254' title='bbox 1003 4639 1282 4711; x_wconf 79' lang='lat' dir='ltr'><strong>mutilum,</strong></span> <span class='ocrx_word' id='word_1_255' title='bbox 1312 4652 1480 4712; x_wconf 88' lang='lat' dir='ltr'><strong>quum</strong></span> <span class='ocrx_word' id='word_1_256' title='bbox 1505 4636 1749 4695; x_wconf 82' lang='lat' dir='ltr'><strong>videatur</strong></span> <span class='ocrx_word' id='word_1_257' title='bbox 1773 4650 1895 4693; x_wconf 79' lang='lat' dir='ltr'><strong>esse</strong></span> <span class='ocrx_word' id='word_1_258' title='bbox 1924 4634 2238 4710; x_wconf 73' lang='lat' dir='ltr'><strong>Wartburq,</strong></span> <span class='ocrx_word' id='word_1_259' title='bbox 2269 4651 2366 4695; x_wconf 84' lang='lat' dir='ltr'><strong>arx</strong></span> <span class='ocrx_word' id='word_1_260' title='bbox 2394 4637 2673 4698; x_wconf 83' lang='lat' dir='ltr'><strong>notissima</strong></span> <span class='ocrx_word' id='word_1_261' title='bbox 2696 4641 2848 4713; x_wconf 73' lang='lat' dir='ltr'><strong>Juxta</strong></span> <span class='ocrx_word' id='word_1_262' title='bbox 2874 4641 3151 4701; x_wconf 80' lang='lat' dir='ltr'><strong>Eisenach.</strong></span> 
     </span>
    </p>
   </div>
   <div class='ocr_carea' id='block_1_7' title="bbox 3567 2592 3713 2648">
    <p class='ocr_par' dir='ltr' id='par_1_7' title="bbox 3567 2592 3713 2648">
     <span class='ocr_line' id='line_1_29' title="bbox 3567 2592 3713 2648; baseline 0.007 -13"><span class='ocrx_word' id='word_1_263' title='bbox 3567 2592 3713 2648; x_wconf 71' lang='lat' dir='ltr'><strong>[clm</strong></span> 
     </span>
    </p>
   </div>
   <div class='ocr_carea' id='block_1_8' title="bbox 3485 2645 3796 2700">
    <p class='ocr_par' dir='ltr' id='par_1_8' title="bbox 3485 2645 3796 2700">
     <span class='ocr_line' id='line_1_30' title="bbox 3485 2645 3796 2700; baseline 0.003 -11"><span class='ocrx_word' id='word_1_264' title='bbox 3485 2658 3569 2690; x_wconf 79' lang='lat' dir='ltr'><strong>nov</strong></span> <span class='ocrx_word' id='word_1_265' title='bbox 3542 2645 3796 2700; x_wconf 66' lang='lat' dir='ltr'><strong>vetabam-1</strong></span> 
     </span>
    </p>
   </div>
  </div>
 </body>
</html>
