4364 5738
588 561 788 618 Isntcr.
819 557 912 636 2.]
1497 557 1888 620 HISTORIA
1938 554 2532 619 DIPLOMATICA.
3301 552 3415 613 169

588 714 717 764 nos
755 702 824 764 et
859 693 1238 766 Ecclesiam
1279 715 1405 789 per
1451 695 1774 766 comitem
1821 694 2288 766 Tholosanum
2331 693 2647 781 vertitur,
2700 711 3058 784 speramus
3103 699 3413 784 optatam

587 838 830 911 pacem
884 818 959 887 in
1012 817 1334 913 proximo
1384 839 1886 890 successuram.
1943 819 2156 891 Porro
2212 839 2372 889 cum
2433 815 2700 912 imperii
2755 814 3102 911 principes
3150 813 3413 887 nobilia

587 942 901 1014 membra
929 941 1068 1013 sint
1099 943 1408 1038 corporis
1436 943 1654 1015 nostri
1681 944 1751 1013 in
1785 943 2038 1036 quibus
2075 941 2452 1037 imperialis
2485 939 2688 1011 sedes
2706 939 3026 1032 jungitur
3054 938 3407 1033 potestati,

590 1060 715 1161 [et]
754 1065 845 1136 ad
882 1085 965 1136 ea
1003 1086 1140 1158 que
1182 1066 1384 1137 nobis
1416 1067 1863 1157 incumbunt,
1901 1064 2713 1160 continguntimperiu'm
2742 1072 2814 1134 et
2853 1063 3244 1158 specialiter
3275 1063 3412 1133 sin·

587 1188 789 1280 gulos
825 1211 907 1260 ac
941 1191 1358 1282 generaliter
1384 1193 1775 1283 universos,
1816 1191 2239 1286 presentiam
2267 1189 2577 1262 omnium
2609 1187 2980 1259 conveniat
3010 1184 3111 1282 (a)
3144 1187 3408 1257 instan-

588 1311 736 1383 cius
776 1334 1109 1405 evocare,
1148 1324 1227 1385 ut
1266 1315 1456 1410 quod
1501 1316 1722 1408 tangit
1756 1336 1999 1388 omnes
2023 1316 2114 1386 ab
2145 1314 2470 1386 omnibus
2504 1313 2962 1407 approbetur3
3002 1310 3408 1382 industriam

472 1513 477 1518 ,
590 1445 778 1508 tuam
825 1437 1189 1509 hortamur
1232 1448 1494 1511 attente
1542 1441 1870 1533 quatinus
1919 1436 2136 1538 [cum]
2176 1438 2267 1510 ad
2313 1436 2748 1509 tractandum
2782 1433 2878 1533 (b)
2926 1436 3015 1508 de
3062 1434 3411 1506 communi

590 1558 854 1632 honore
896 1571 967 1633 et
1005 1561 1305 1634 utilitate
1347 1572 1582 1634 nostra
1624 1572 1695 1634 et
1735 1563 2162 1659 principum,
2208 1562 2603 1654 generalem
2650 1559 2910 1632 curiam
2962 1557 3150 1653 apud
3196 1559 3410 1630 Vero·

588 1704 752 1754 nam
784 1684 1091 1757 indicere
1121 1707 1623 1783 proponamus,
1664 1687 1844 1758 utin
1879 1696 2020 1758 tam
2054 1685 2396 1781 solempni
2426 1695 2497 1757 et
2521 1684 2744 1757 arduo
2772 1683 3052 1776 negotio
3083 1681 3275 1776 quod
3307 1695 3412 1754 est

587 1829 805 1904 prope
859 1809 1216 1904 proprium
1268 1811 1734 1901 singulorum,
1786 1810 2132 1904 presentia
2151 1863 2171 1901 ,
2224 1810 2513 1882 consilio
2563 1819 2634 1880 et
2680 1829 2969 1880 assensu
3020 1807 3409 1902 principum

586 1933 1026 2027 perfruamur
1060 1931 1178 2028 (c),
1215 1933 1307 2005 ad
1342 1932 1662 2005 eamdem
1698 1935 1960 2004 curiam
1989 1934 2440 2029 solempniter
2472 1933 2651 2004 sicut
2684 1941 2953 2005 tantum
2986 1932 3188 2004 decet
3217 1932 3410 2028 prin-

587 2057 813 2150 cipem
845 2078 1176 2150 prepares
1209 2066 1278 2127 te
1311 2065 1721 2146 venturum,
1758 2067 1839 2128 ut
1868 2058 1940 2127 in
1987 2057 2280 2127 termino
2313 2077 2521 2148 quem
2567 2057 2639 2126 in
2682 2056 3132 2148 sequentibus
3167 2055 3412 2126 litteris

589 2178 712 2248 tibi
753 2178 1164 2250 duxerimus
1218 2178 1735 2274 prefigendum,
1782 2180 2200 2275 presentiam
2244 2187 2435 2249 tuam
2484 2178 2577 2250 ad
2623 2177 2939 2249 eamdem
2988 2185 3126 2247 tam
3170 2177 3409 2248 utilem

588 2322 800 2394 quam
840 2303 1299 2374 necessariam
1351 2304 1612 2375 habere
1665 2304 2011 2398 possimus
2050 2314 2122 2375 et
2175 2301 2493 2374 instantis
2537 2301 2864 2374 desiderii
2910 2310 3198 2373 tractata
3252 2321 3410 2394 spes

588 2424 883 2498 fideliter
908 2427 1364 2521 compleatur.

694 2978 1157 3084 FridericuS,
1206 2979 1725 3062 Romanorum
1781 2981 2223 3088 imperator,
2281 2982 2499 3063 Petro
2553 2982 2649 3064 de
2699 2982 2934 3065 Vinea
2987 2994 3062 3067 et
3104 2986 3407 3069 Taddeo

587 3111 683 3191 de
731 3109 1006 3193 Suessa
1055 3137 1379 3220 magnae
1414 3114 1668 3196 curiae
1705 3140 1888 3197 suae
1918 3113 2305 3222 judicibus
2338 3122 2744 3197 tractatum
2781 3126 2855 3198 et
2895 3142 3403 3201 consumma—

588 3241 874 3324 tionem
912 3243 1119 3352 pacis
1165 3242 1359 3324 inter
1406 3242 1821 3326 Ecclesiam
1871 3255 1947 3328 et
1990 3245 2399 3353 imperium
2436 3247 2876 3353 committit,
2932 3259 3007 3331 et
3039 3250 3404 3360 quicquid

585 3374 729 3482 ipsi
769 3374 1254 3458 tractaverint
1290 3401 1335 3478 a
1373 3400 1454 3457 se
1490 3386 1746 3457 ratum
1779 3375 2218 3459 habendum
2256 3377 2680 3486 pollicetur.

741 3591 987 3665 (laedit.
1019 3607 1094 3651 ex
1122 3592 1330 3651 rotulis
1360 3592 1843 3653 cluniacensibus
1869 3609 2053 3652 manu
2079 3593 2381 3655 Lamberti
2414 3595 2487 3657 de
2513 3594 2722 3655 Bai-ive
2746 3599 3036 3675 exaratis,
3066 3604 3125 3657 et
3154 3600 3220 3657 iu
3254 3598 3399 3659 bibl.

821 3695 1013 3757 Cesar.
1047 3697 1237 3769 Paris.
1267 3700 1602 3775 asservatis,
1636 3699 1827 3758 rotulo
1853 3697 2152 3777 septimo.)

679 3882 1097 3973 FridericuS,
1129 3883 1255 3953 Dei
1293 3884 1513 3975 gratia
1548 3884 2017 3955 Romanorum
2058 3883 2434 3979 imperator
2482 3905 2756 3981 semper
2795 3895 3165 3976 augustus,
3203 3889 3401 3958 Jeru-

583 4005 798 4075 salem
830 4015 902 4077 et
931 4005 1159 4077 Sicilie
1191 4028 1346 4078 rex.
1389 4008 1520 4097 Per
1557 4027 1845 4103 presens
1881 4006 2216 4102 scriptum
2251 4016 2494 4077 notum
2531 4006 2680 4078 fieri
2712 4010 3033 4080 volumus
3063 4008 3403 4081 universis

581 4128 768 4219 quod
810 4149 940 4200 nos
985 4129 1073 4201 de
1120 4127 1260 4200 fide
1292 4137 1365 4201 et
1403 4129 2023 4225 circumspectione
2067 4130 2552 4223 magistrorum
2587 4130 2662 4201 P.
2705 4129 2793 4201 de
2830 4129 3049 4203 Vinea
3087 4142 3157 4204 et
3187 4134 3265 4206 T.
3314 4135 3402 4207 de

580 4253 830 4324 Suessa
865 4273 1114 4345 magne
1148 4253 1337 4324 curie
1364 4263 1599 4326 nostre
1632 4254 1978 4345 judicum,
2013 4253 2427 4326 dilectorum
2454 4252 2766 4325 fidelium
2798 4265 3219 4347 nostrorum,
3247 4258 3399 4354 ple-

661 4436 744 4516 (a)
790 4438 860 4498 Iu
888 4439 1115 4512 codice,
1144 4447 1401 4503 conetur.

661 4542 742 4623 (b)
785 4545 1013 4606 Ibidem
1026 4591 1043 4624 ,
1076 4553 1413 4608 tractatum.

660 4650 733 4728 (ο)
785 4652 1044 4729 laidem,
1066 4651 1436 4732 perfruatur,

736 4756 842 4820 VI.
3004 4772 3081 4824 υ

3577 3005 3704 3057 Apud

3546 3056 3580 3098 Δ
3613 3069 3741 3101 uam-

3496 3121 3581 3162 peu
3611 3116 3761 3155 entem
3773 3143 3789 3166 ,

3524 3163 3576 3205 12
3595 3167 3761 3210 martii.
