4364 5738
543 583 750 644 unm.
779 579 873 657 5.]
1440 570 1837 633 ms‘romA
1886 572 2480 636 mnoMAncA.
3251 567 3378 632 483

1923 813 2008 885 11.

647 997 780 1068 Pro
815 1003 1012 1090 parte
1038 991 1426 1066 communis
1455 990 1664 1064 castri
1694 990 1922 1064 Plebis
1956 989 2268 1064 fidelium
2303 1000 2699 1063 nostrorum
2734 1011 2896 1061 cum
2923 989 3212 1083 querela
3243 988 3376 1062 fuit

551 1140 779 1213 nuper
805 1117 1202 1213 expositum
1228 1137 1462 1188 coram
1499 1114 1701 1188 nobis
1728 1114 1921 1208 quod
1953 1124 2057 1206 tu,
2089 1125 2397 1210 potestas
2426 1114 2741 1207 ejusdem
2766 1113 3000 1204 castri,
3030 1135 3172 1187 non
3200 1134 3372 1186 con·

554 1251 786 1315 tentus
817 1241 1068 1313 salario
1094 1239 1286 1335 quod
1312 1238 1443 1334 ipsi
1476 1238 1725 1310 ceteris
1757 1238 2216 1333 potestatibus
2239 1259 2481 1310 eorum
2508 1237 2788 1319 solitum
2815 1237 3080 1310 dabant
3104 1245 3176 1309 et
3205 1236 3375 1310 dare

554 1363 934 1453 debebant,
971 1362 1329 1456 compellis
1359 1382 1480 1433 eos
1512 1362 1736 1454 majus
1774 1361 1898 1433 tibi
1930 1361 2259 1434 salarium
2296 1360 2658 1433 exhibere.
2690 1361 3027 1447 Quocirca
3058 1358 3375 1433 fidelitati

555 1498 673 1561 tue
704 1486 1151 1583 precipiendo
1182 1484 1594 1557 mandamus
1629 1495 1975 1578 quatenus
2003 1485 2227 1558 dictos
2265 1483 2507 1556 fideles
2546 1494 2820 1557 nostros
2858 1484 2951 1557 ad
2989 1485 3216 1576 majus
3252 1484 3376 1557 tibi

554 1611 885 1685 salarium
922 1609 1433 1700 exhibendum,
1474 1617 1718 1681 contra
1763 1609 2055 1680 formam
2096 1608 2334 1681 statuti
2379 1608 2690 1703 ipsorum
2733 1607 2952 1696 soliti,
2999 1629 3140 1680 non
3182 1629 3374 1681 com-

555 1736 801 1832 pellas.
851 1732 1190 1805 Nolumus
1227 1732 1483 1803 etenim
1532 1730 1772 1803 fideles
1822 1740 2096 1804 nostros
2141 1730 2468 1803 indebitis
2511 1730 3031 1825 gravaminibus
3073 1731 3254 1805 affici
3306 1740 3378 1804 et

553 1858 844 1932 insolitis
875 1856 1206 1929 molestiis
1237 1855 1624 1949 aggravari.

1350 2381 1574 2444 ΑΝΝΟ
1627 2382 1830 2444 1247.
1872 2417 1954 2429 —
1987 2383 2478 2447 mmc‘rlomz
2525 2384 2587 2447 5.

1701 2624 1816 2641 '‚‚.-

668 2886 1150 2969 Innocentius
1194 2914 1395 2997 papa
1433 2889 1738 2974 Oddoni
1776 2891 2212 2975 Tusculano
2248 2891 2601 3001 episcopo
2645 2892 3122 3001 Apostolieae
3166 2895 3381 2978 Sedis
3493 2913 3724 2967 Lndw-

562 3016 814 3126 legato
876 3019 1365 3126 conqueritur
1435 3020 1531 3103 de
1602 3020 2137 3106 afflictionibus
2200 3021 2577 3105 Ecclesiae
2636 3051 2834 3133 quae
2889 3052 2934 3107 a
3005 3025 3383 3112 Friderico
3477 2968 3747 3011 nemum

564 3150 802 3258 impio
872 3150 1221 3233 lacessita
1290 3179 1497 3234 nunc
1568 3154 1664 3237 ab
1742 3156 1926 3263 ipsis
1996 3156 2351 3239 fidelibus
2422 3157 2851 3267 impetitur,
2919 3164 3385 3273 mandatque

567 3282 954 3390 quomodo
1005 3282 1390 3390 agendum
1441 3283 1538 3366 sit
1596 3286 1957 3369 adversus
2019 3286 2346 3371 barones
2399 3289 2759 3373 Franciae
2820 3292 3257 3378 libertatum
3311 3305 3385 3379 et

566 3412 1139 3495 immunitatum
1174 3413 1553 3497 Ecclesiae
1585 3414 2011 3499 violatores.

731 3626 920 3709 (Edit.
951 3645 1049 3706 ap.
1081 3628 1308 3706 Vnam,
1336 3627 1572 3691 Archiv.
1603 3627 1937 3692 administr.
1969 3629 2041 3690 de
2059 3631 2272 3706 Reims,
2300 3638 2349 3695 t.
2383 3634 2433 3707 1,
2461 3644 2521 3695 2·
2547 3643 2729 3713 part„
2760 3652 2821 3713 p.
2850 3645 2993 3711 691,
3021 3654 3095 3698 ex
3124 3640 3382 3704 chartul.

809 3736 987 3796 lacer.
1030 3736 1331 3809 Laudun„
1361 3746 1426 3797 n⁰
1454 3746 1515 3799 5.
1547 3769 1629 3835 -j-
1658 3738 2080 3817 Fragmentum
2107 3757 2344 3817 quoque
2379 3741 2654 3802 exhibuit
2686 3742 3015 3822 Gunnann,
3047 3741 3278 3805 cartul.
3316 3743 3387 3808 de

807 3838 1016 3923 l'dqlise
1051 3842 1454 3904 Notre-Dame
1488 3841 1560 3902 de
1606 3844 1808 3918 Paris,
1855 3851 1905 3905 t.
1952 3843 2044 3922 11,
2093 3861 2154 3922 p.
2200 3854 2339 3908 389.
2386 3846 2477 3909 Cf.
2530 3848 2887 3925 Burnum,
2930 3846 3151 3910 Annal.
3194 3847 3381 3913 eccles.

809 3948 887 4008 ad
926 3964 1069 4008 ann.
1123 3957 1302 4026 1247,
1347 3949 1417 4026 §s
1446 3950 1739 4011 XLIX-
1773 3950 1914 4011 LIII
1935 3993 1953 4022 ,
1982 3968 2057 4011 ex
2085 3953 2257 4028 epist.
2289 3953 2496 4017 curial.
2526 3955 2599 4014 αἱ·
2638 3962 2713 4014 35
2744 3960 2803 4014 et
2831 3956 2973 4032 36.)

670 4133 1149 4225 InnocentiuS,
1203 4144 1374 4225 etc.,
1422 4137 1802 4209 venerabili
1852 4137 2045 4210 fratri
2088 4136 2415 4234 episcopo
2455 4140 2953 4212 Tusculanensi
2996 4142 3390 4239 Apostolice

572 4254 771 4327 Sedis
801 4257 1031 4353 legato
1066 4260 1361 4331 salutem
1394 4270 1465 4331 et
1495 4262 1941 4356 apostolicam
1975 4261 2563 4358 benedictionem.
2601 4263 2938 4358 Angustie
2966 4268 3184 4343 nobis
3229 4281 3394 4343 sunt

572 4379 882 4473 undique
934 4382 1104 4454 dum
1162 4385 1624 4478 persecutoris
1677 4385 1985 4457 Ecclesie
2033 4385 2387 4457 crudelem
2453 4387 2878 4482 impietatem
2929 4394 3386 4488 attendimuS,

575 4500 744 4573 dum
788 4504 1101 4595 ejusdem
1150 4529 1364 4602 opera
1409 4530 1546 4601 que
1596 4507 1691 4580 ad
1737 4508 2254 4581 absorbendum
2304 4531 2458 4582 eam
2498 4532 2627 4607 per
2660 4534 2736 4584 se
2775 4534 2860 4586 ac
2908 4518 3219 4591 membra
3267 4541 3394 4593 sua

573 4625 734 4697 totis
775 4626 1038 4699 viribus
1089 4629 1343 4720 inhiat,
1393 4631 1813 4723 cogitamu33
1870 4632 1998 4705 sed
2046 4632 2223 4704 illud
2268 4655 2396 4706 nos
2445 4636 2688 4729 pungit
2736 4640 3184 4733 profundiuS,
3234 4642 3395 4715 ferit
