4364 5738
1014 591 1147 660 Μ
1936 627 1943 636 ·
2013 593 2449 660 rmnssmcl
2497 598 2848 661 summm
3452 600 3619 679 [Aur.
3655 598 3826 663 1946,

1016 732 1257 805 nicare
1287 733 1641 824 versutiis,
1678 733 2048 825 cujuslibet
2086 733 2236 828 spei
2276 733 2640 807 frustratos
2679 735 3016 829 imagine,
3058 734 3512 827 reliquerunt.
3545 735 3635 807 Et
3678 756 3832 806 cum

1020 872 1164 929 non
1194 852 1329 928 nisi
1364 852 1434 927 in
1469 856 1744 928 dnobus
1770 855 2101 951 predictis
2139 857 2384 928 castris
2416 868 2720 949 tantum,
2759 859 2958 930 Scale
3006 857 3329 930 videlicet
3369 867 3442 929 et
3476 858 3830 953 Capuacii,

1022 996 1101 1054 se
1140 991 1399 1053 temere
1432 990 1639 1077 prout
1676 980 2077 1075 scripsimus
2122 990 2631 1076 receptassent,
2681 1003 2902 1053 unum
2950 1001 3041 1053 ex
3072 982 3315 1053 castris
3365 980 3534 1076 ipsis
3570 982 3838 1053 Scalam

1022 1103 1373 1196 videlicet,
1411 1105 1775 1177 Thomasio
1803 1104 1894 1175 de
1926 1105 2180 1176 Sancto
2211 1105 2546 1178 Severino
2576 1116 2646 1178 et
2673 1105 2815 1178 filio
2849 1107 3024 1199 ejus,
3060 1104 3527 1201 proditoribus
3557 1105 3832 1194 nostris,

1024 1228 1284 1301 ibidem
1347 1229 1566 1300 nostri
1620 1228 1915 1300 carceris
1970 1229 2291 1300 custodie
2336 1231 2744 1325 mancipatis
2765 1283 2785 1321 ,
2838 1228 3148 1302 fidelium
3201 1236 3598 1300 nostrorum
3649 1228 3841 1320 regni

1023 1361 1349 1449 prompta
1402 1352 1685 1424 devotio
1741 1372 1869 1446 per
1916 1351 2189 1423 virilem
2245 1361 2315 1423 et
2375 1354 2750 1425 instantem
2809 1351 3399 1447 expugnationem
3449 1351 3698 1446 ipsius,
3752 1350 3840 1422 ad

1025 1476 1405 1569 majestatis
1446 1485 1683 1547 nostre
1721 1475 2104 1548 dominium
2146 1475 2525 1549 revocavit.
2571 1475 2659 1548 Et
2704 1476 2804 1548 sic
2843 1476 3116 1570 reliquo
3154 1482 3425 1546 tantum
3474 1496 3568 1546 ex
3607 1470 3846 1546 castris

1027 1598 1231 1694 ipsiS,
1271 1598 1610 1694 Capuacio
1643 1596 1937 1687 scilicet,
1976 1598 2069 1670 ad
2099 1599 2380 1671 ultionis
2412 1600 2725 1693 ejusdem
2763 1600 3082 1694 proxime
3123 1597 3409 1671 dimisso
3446 1597 3835 1691 diffugium,

1030 1720 1223 1816 qnod
1252 1720 1698 1814 circumcingi
1729 1732 2122 1794 nostrorum
2160 1720 2470 1795 fidelium
2502 1725 2689 1795 clara
2722 1722 3096 1795 devotione
3128 1720 3650 1812 mandavimus,
3684 1740 3842 1817 pro-

1031 1844 1292 1919 ditores
1319 1845 1637 1940 predicti,
1672 1846 1925 1939 quibus
1954 1847 2146 1917 nulla
2177 1848 2637 1943 prospicimus
2668 1847 3125 1939 suffragatura
3158 1845 3493 1936 remedia,
3531 1845 3726 1917 velut
3757 1864 3844 1915 ex

1033 1968 1305 2041 duobus
1344 1965 1673 2063 predictis
1720 1968 2001 2060 castris,
2055 1990 2216 2039 cum
2260 1971 2395 2042 alia
2441 1971 2712 2042 munire
2745 1971 3247 2063 nequiverunt,
3293 1989 3437 2040 uno
3469 1977 3542 2040 et
3587 1967 3846 2038 fortiori

1031 2091 1345 2189 perdite,
1378 2113 1627 2164 manus
1675 2101 1949 2164 nostras
1992 2092 2295 2185 effugere
2342 2115 2485 2166 non
2516 2094 2874 2167 valebunt.
2921 2093 3009 2164 Et
3052 2092 3152 2164 sic
3196 2101 3336 2163 tam
3359 2093 3550 2184 justo
3587 2090 3847 2183 judicio

1033 2231 1245 2309 quam
1274 2215 1534 2307 veloci,
1572 2215 1661 2288 de
1698 2215 2163 2311 proditoribus
2196 2217 2568 2289 nominatis
2613 2226 2686 2289 et
2719 2237 2962 2289 eorum
2994 2216 3410 2310 sequacibus
3437 2216 3706 2287 ultione
3739 2235 3845 2286 re-

1034 2350 1271 2435 cepta,
1310 2338 1409 2412 sic
1439 2341 1511 2411 in
1556 2340 1754 2412 brevi
1787 2338 2200 2413 confidimus
2232 2340 2324 2412 de
2352 2348 2690 2437 perpetua
2731 2341 2929 2434 regni
2959 2341 3178 2412 nostri
3216 2339 3584 2411 securitate
3623 2337 3848 2432 dispo-

1034 2482 1237 2556 nere,
1272 2473 1350 2535 ut
1383 2460 1584 2537 nobis
1625 2472 1695 2534 et
1725 2464 2239 2536 successoribus
2268 2465 2523 2537 nostris
2553 2465 2626 2535 in
2659 2485 2876 2556 regno
2910 2465 3023 2535 vel
3058 2472 3260 2534 extra
3301 2482 3596 2554 regnum
3636 2482 3844 2554 agen·

1035 2585 1261 2676 tibus,
1322 2585 1516 2658 nulla
1579 2607 1862 2681 prorsus
1922 2587 1995 2658 in
2054 2595 2412 2682 posterum
2470 2587 2811 2660 dubitatio
2874 2587 3329 2679 relinquatur.
3398 2587 3554 2657 Non
3622 2593 3846 2656 tamen

1034 2719 1403 2806 propterea
1458 2707 1640 2781 circa
1685 2710 2236 2804 persecutionem
2289 2720 2685 2783 nostrorum
2725 2710 3088 2783 rebellium
3128 2709 3460 2783 omissum
3505 2709 3654 2780 fore
3696 2727 3845 2778 cre·

1038 2832 1218 2907 datis
1242 2843 1560 2907 nostrum
1592 2833 2021 2929 propositum
2054 2835 2164 2906 vel
2200 2834 2635 2927 aliquatenus
2669 2832 3134 2906 intermissum
3153 2887 3172 2924 ,
3208 2832 3377 2926 quin
3405 2852 3531 2927 per
3563 2831 3850 2904 dilectos

1038 2956 1217 3030 filios
1241 2966 1517 3030 nostros
1538 2958 1910 3029 Henricum
1946 2958 2286 3029 illustrem
2316 2979 2550 3050 regem
2575 2958 2920 3048 Sardinie,
2951 2958 3021 3029 in
3055 2958 3249 3028 Italie
3288 2957 3599 3051 partibus
3637 2975 3847 3047 gene·

1039 3081 1259 3151 ralem
1284 3079 1620 3172 legatum,
1645 3088 1716 3150 et
1744 3078 2166 3151 Fridericum
2192 3079 2281 3151 de
2312 3080 2706 3171 Antiochia,
2737 3080 2980 3153 Tuscie
3010 3081 3325 3176 partibus
3357 3079 3848 3175 presidentem,

1040 3221 1407 3298 quousque
1451 3223 1579 3274 nos
1617 3202 1814 3293 regni
1849 3203 2067 3273 nostri
2106 3211 2291 3273 statu
2336 3224 2498 3275 cum
2547 3205 2947 3275 salubritate
2990 3203 3362 3298 disposite,
3408 3202 3856 3297 personaliter

1040 3323 1488 3414 accedamus,
1544 3324 2109 3419 deputaverimus
2170 3327 2434 3399 Italiam
2501 3327 3064 3421 gubernandam,
3123 3335 3205 3397 ut
3268 3326 3368 3397 sic
3427 3325 3856 3421 proditorum

1039 3450 1434 3520 nostrorum
1476 3456 1546 3520 et
1584 3448 1946 3520 rebellium
1992 3448 2321 3542 reliquias
2364 3449 2434 3520 in
2466 3450 2777 3523 adventu
2824 3458 3064 3522 nostro
3107 3440 3511 3521 continuato
3551 3448 3856 3543 potentie

1038 3578 1275 3644 nostre
1321 3568 1574 3644 malleo
1612 3574 2052 3644 conteramus
2072 3626 2092 3664 ,
2152 3572 2345 3666 quod
2397 3574 2777 3668 potentiam
2835 3582 3141 3646 nostram
3163 3626 3183 3664 ,
3239 3593 3450 3665 quam
3502 3573 3684 3644 sicut
3731 3590 3856 3665 pro

1040 3704 1230 3769 certo
1270 3694 1733 3791 comperimus
1754 3749 1775 3787 ,
1812 3696 2101 3769 occultis
2143 3705 2215 3768 et
2254 3698 2477 3790 longis
2515 3697 2783 3769 insidiis
2821 3707 3283 3793 procurarunt
3326 3696 3627 3786 conteri,
3671 3695 3852 3766 fruc·

1039 3828 1310 3892 tuosam
1350 3819 1480 3891 sibi
1522 3818 1668 3891 tore
1710 3840 1851 3891 non
1896 3820 2202 3891 sentiant
2241 3847 2259 3890 ε
2298 3820 2467 3913 quin
2509 3821 2739 3915 potius
2778 3820 2870 3894 de
2910 3829 3148 3891 nostra
3201 3820 3508 3914 presenti
3552 3818 3856 3913 potentia

1039 3940 1357 4034 doleant,
1400 3963 1800 4037 quanquam
1838 3942 1909 4013 in
1947 3942 2264 4015 absentia
2297 3944 2706 4035 glorientur,
2741 3953 2820 4015 ut
2851 3953 3014 4040 pote
3054 3965 3215 4015 cum
3250 3942 3426 4013 nihil
3472 3963 3566 4014 ex
3607 3942 3694 4013 iis
3722 3962 3856 4035 que

1040 4065 1317 4140 noviter
1347 4075 1779 4139 emerserunt
1802 4064 2316 4160 magnificentie
2350 4073 2583 4138 nostre
2621 4067 3034 4159 decreverit,
3068 4067 3235 4138 etin
3268 4068 3465 4138 nullo
3494 4073 3859 4161 propterea

1040 4187 1134 4262 sit
1158 4197 1475 4262 nostrum
1508 4189 1810 4261 erarium
1843 4188 2287 4262 diminutum.
2329 4189 2470 4262 Sed
2503 4200 2697 4264 tanto
2731 4192 2951 4284 magis
2983 4201 3088 4263 est
3126 4191 3423 4263 adaucta
3459 4200 3697 4262 nostra
3728 4209 3854 4284 po·

1045 4313 1262 4384 tentia
1291 4312 1588 4405 viribus,
1633 4322 1825 4387 tanto
1862 4314 2036 4386 facte
2067 4323 2230 4385 sunt
2259 4314 2502 4387 divitie
2538 4313 2896 4407 largiores,
2938 4325 3200 4409 quanto
3229 4324 3518 4410 propter
3553 4312 3854 4385 enormi-

1042 4441 1256 4506 tatem
1287 4437 1657 4528 excogitati
1690 4438 2039 4530 facinoris,
2077 4456 2218 4532 que
2249 4447 2407 4534 post
2441 4438 2632 4533 pacis
2671 4447 2944 4531 gustate
2973 4438 3413 4511 dulcedinem
3448 4457 3855 4529 guerrarum

1043 4555 1318 4631 excidia
1370 4557 1644 4654 populis
1683 4559 2106 4652 minabatur,
2152 4560 2337 4633 circa
2385 4580 2514 4633 nos
2562 4570 2956 4633 nostrorum
2997 4559 3314 4632 fidelium
3331 4612 3351 4650 ,
3396 4559 3523 4632 sed
3564 4560 3854 4656 popula·

1038 4680 1224 4755 rium
1262 4679 1568 4754 maxime
1603 4681 1822 4777 magis
1859 4692 1964 4755 est
2002 4703 2296 4756 accensa
2326 4683 2608 4757 devotio
2641 4681 2956 4777 fidesque
2985 4682 3282 4755 firmata.
3319 4684 3431 4755 Ex
3465 4682 3853 4775 adjectione
