4364 5738
565 605 770 666 imm.
801 600 901 681 4.]
1457 593 1853 660 rus-roma
1898 593 2494 658 cinomanna,
3263 594 3385 658 359

564 758 761 829 mus,
797 755 973 832 quas
1013 754 1142 830 per
1174 733 1521 828 quoslibet
1560 727 1803 805 fideles
1840 742 2116 805 nostros
2145 731 2635 804 inviolabiliter
2666 729 3101 802 decrevimus
3144 731 3384 804 obser·

569 863 758 953 vari3
795 859 1150 934 devotioni
1179 867 1409 930 vestre
1438 855 1729 928 firmiter
1750 857 2197 950 injungentes
2222 855 2549 948 quatinus
2584 855 2767 949 ipsas
2793 874 2921 949 per
2950 875 3075 926 vos
3113 855 3381 951 specia-

569 985 726 1057 liter
786 981 1183 1056 executioni
1245 977 1478 1053 debite
1542 980 2043 1053 demandantes
2072 1032 2091 1070 ,
2159 989 2576 1050 statutorum
2638 983 3022 1049 vestrorum
3091 1000 3382 1051 numero

568 1108 866 1179 libenter
908 1114 981 1178 et
1022 1103 1334 1176 hilariter
1374 1104 1761 1196 aggregetis
1813 1123 1932 1175 eas
1971 1124 2131 1174 cum
2177 1100 2453 1174 statutis
2499 1100 2795 1191 eisdem,
2825 1111 2907 1172 ut
2942 1102 3131 1172 nulla
3173 1101 3262 1172 sit
3309 1102 3382 1172 in

567 1229 977 1302 executione
1012 1226 1399 1318 diversitaS‚
1422 1236 1490 1297 et
1515 1226 1584 1296 in
1609 1249 1829 1297 unum
1856 1248 2107 1322 corpus
2133 1225 2351 1318 redigi
2379 1223 2731 1316 facientes,
2756 1247 2929 1319 quas
2959 1234 3263 1320 potestas
3284 1223 3385 1320 (a)

568 1352 841 1425 futurus
867 1349 1160 1444 quilibet
1190 1350 1310 1443 qui
1337 1373 1465 1445 pro
1499 1360 1806 1446 tempore
1834 1348 2095 1421 civitati
2124 1329 2484 1445 prefuerit,
2507 1350 2689 1420 inter
2715 1349 2850 1421 alia
2874 1359 3133 1421 statuta
3156 1359 3387 1422 vestra

560 1477 750 1569 juret
780 1497 856 1547 se
891 1472 1178 1544 firmiter
1208 1482 1670 1545 servaturum.
1707 1474 2042 1545 Volumus
2070 1473 2280 1545 etiam
2314 1484 2385 1544 et
2419 1473 2830 1544 mandamus
2853 1484 2935 1544 ut
2964 1470 3128 1544 fidei
3151 1482 3382 1547 vestre

567 1597 1027 1671 constantiam
1059 1596 1242 1667 circa
1271 1606 1508 1668 nostra
1539 1597 1847 1687 servitia,
1884 1606 2094 1691 prout
2120 1597 2448 1691 temporis
2476 1597 2774 1690 qualitas
2808 1596 3027 1688 exigit
3059 1607 3132 1669 et
3160 1597 3383 1691 impe·

569 1721 756 1793 rialis
803 1720 1118 1814 exposcit
1160 1720 1536 1791 auctoritas
1546 1773 1570 1809 1,
1608 1719 2027 1810 excitanteS,
2066 1719 2248 1792 ciroe
2299 1720 2697 1792 renovanda
2750 1719 3100 1792 fidelitatis
3148 1721 3381 1794 debite

569 1852 999 1915 sacramenta
1029 1843 1232 1915 nobis
1261 1851 1333 1913 et
1363 1842 1721 1914 karissimo
1749 1841 1894 1913 fflio
1919 1852 2157 1915 nostro
2186 1843 2502 1916 Conrado
2538 1840 2654 1938 (b)
2687 1844 2801 1914 cui
2824 1843 3002 1936 juris
3033 1844 3219 1936 rigor
3245 1844 3379 1915 im·

569 1968 742 2062 perii
777 1965 1068 2040 Romani
1102 1965 1452 2057 fastigium
1486 1986 1613 2058 per
1647 1965 1991 2056 legitimos
2029 1965 2335 2036 tramites
2373 1974 2661 2060 paterne
2702 1965 3153 2038 successionis
3183 1966 3379 2037 attri-

566 2091 744 2179 buit,
784 2100 857 2163 et
885 2089 1369 2161 universorum
1415 2088 1680 2182 imperii
1720 2087 2109 2182 principum
2154 2087 2248 2158 ad
2282 2109 2458 2180 quos
2495 2088 2766 2182 imperii
2809 2088 2899 2160 de
2927 2091 3085 2180 jure
3118 2099 3383 2183 spectat

569 2213 845 2302 electio,
877 2212 1306 2304 singulorum
1333 2211 1769 2282 concorditer
1793 2210 2061 2282 munita
2090 2210 2489 2301 signaculiS,
2524 2220 2732 2303 prout
2760 2211 2831 2280 in
2858 2212 3191 2283 concione
3221 2233 3381 2283 nos·

572 2348 676 2408 tra
715 2335 994 2430 publice
1037 2333 1615 2406 ambasiatoribus
1654 2333 1901 2404 vestris
1944 2333 2381 2427 presentibus
2420 2333 2558 2425 legi
2603 2333 3119 2424 mandavimuS‚
3153 2335 3381 2405 muni-

568 2472 802 2530 menta
838 2459 1122 2553 publica
1159 2459 1490 2529 roborant
1522 2458 1931 2550 dignitatem
1960 2453 2078 2552 (c).
2116 2456 2227 2527 Sic
2257 2477 2385 2528 vos
2409 2457 2618 2548 igitur
2647 2467 2869 2528 mater
2899 2457 3048 2551 ipsa
3083 2456 3379 2532 fidelitas

568 2595 878 2678 promtos
917 2593 991 2654 et
1029 2592 1306 2676 paratos
1346 2581 1672 2654 ostendat
1707 2581 1889 2652 utin
1925 2579 2354 2653 celsitudinis
2391 2589 2629 2651 nostre
2659 2582 3005 2676 presentia
3041 2603 3177 2674 que
3207 2580 3379 2654 flde-

569 2707 737 2777 lium
781 2704 1208 2800 gratificatur
1243 2705 1639 2800 aspectibus
1663 2758 1683 2795 ,
1724 2704 1938 2799 ipsius
1980 2704 2213 2798 operis
2260 2701 2566 2775 efficacia
2615 2725 2740 2776 vos
2796 2704 3381 2783 commendabiles

570 2837 1023 2925 representet.
1055 2831 1282 2925 Super
1308 2829 1564 2923 quibus
1586 2828 1920 2922 quicquid
1945 2827 2296 2901 Iohannes
2327 2828 2417 2901 de
2445 2828 2763 2919 Materio,
2787 2828 3192 2923 capitaneus
3221 2849 3379 2901 ves·

575 2965 677 3024 ter
697 2951 753 3049 (l
771 2952 829 3048 ),
852 2954 1148 3025 dilectus
1175 2952 1398 3025 fidelis
1420 2962 1683 3045 noster,
1697 2952 1896 3025 vobis
1912 2952 2169 3024 dixerit
2187 2962 2259 3024 et
2284 2952 2743 3042 mandaverit,
2768 2952 3067 3025 credatis
3094 2950 3383 3024 firmiter

570 3087 642 3149 et
672 3074 1041 3149 efficaciter
1064 3076 1406 3171 impleatis
1434 3075 1567 3171 (d).

675 3623 1098 3710 Fridericus
1112 3690 1139 3736 ,
1215 3624 1734 3710 Romanorum
1807 3628 2253 3737 imperator,
2321 3630 2637 3711 mandat
2706 3629 2863 3710 suis
2937 3629 3373 3738 justiciariis
3461 3659 3758 3716 [sermm]

650 3811 3372 3898 (a)Legimr1neodBreslav.etStuug.quarpotoetamprmnmotquicivitatibu

567 3918 706 3997 ipris
719 3937 995 3998 processu
1018 3916 1330 4003 [temporis]
1344 3919 1710 4001 prefuerint,
1739 3923 1896 3983 inter
1926 3964 2212 3984 .....
2226 3923 2440 4004 jun-au
2467 3964 2748 3987 .....
2781 3929 3126 3988 mauros

650 4020 730 4103 (b)
775 4025 1034 4086 Additur
1067 4030 1133 4087 ln
1167 4027 1466 4088 codicibus
1500 4029 1779 4089 eisdem.
1810 4029 2201 4089 Romanorum
2238 4032 2306 4089 in
2329 4046 2518 4109 reqsm
2558 4025 2729 4089 electo
2770 4045 2990 4108 smper
3023 4035 3276 4109 auqusto
3315 4036 3370 4090 et

569 4130 734 4210 reqm'
757 4126 1216 4209 lerosolymitani
1238 4128 1452 4193 heredi.

650 4234 725 4314 (ο)
775 4236 954 4299 {hest
976 4239 1060 4299 lbi
1082 4237 1332 4301 verbum
1357 4240 1518 4318 quod
1542 4247 1709 4319 regat
1729 4238 1880 4300 circa
1898 4238 2238 4300 renovanda
2262 4242 2651 4310 saa-amenta,
2679 4255 3034 4316 sensumque
3051 4236 3365 4317 compleat.

652 4339 738 4418 (d)
779 4343 939 4403 Haec
974 4344 1207 4443 ultima,
1243 4348 1463 4406 scillcet
1496 4362 1535 4406 a
1569 4347 1764 4408 verbis
1797 4336 1970 4425 super
2003 4343 2237 4425 qtdbus,
2278 4345 2551 4405 addimus
2586 4361 2663 4405 ex
2693 4345 2926 4405 duobus
2950 4346 3168 4406 eisdem
3203 4347 3369 4407 codi-

569 4443 756 4504 cibus.

643 4678 716 4750 (t)
751 4679 914 4753 Cujus
939 4696 1065 4739 vero
1089 4683 1322 4741 civitatis
1342 4685 1431 4742 vel
1458 4684 1730 4743 districtus
1752 4685 1834 4743 vir
1858 4684 1946 4744 ille
1971 4689 2097 4742 tunc
2118 4683 2376 4759 temporis
2398 4684 2712 4760 capitaneus
2730 4683 2918 4760 fuerit,
2943 4687 3233 4746 nescimus.
