4364 5738
1010 570 1133 639 sss
2007 568 2442 639 nmmum
2493 569 2843 640 sunum
3459 574 3626 657 [sn.
3661 577 3838 642 ιω.

968 694 975 703 ’
1013 708 1342 784 ducatum
1370 711 1659 781 Bavarie
1686 719 1757 780 et
1790 709 2046 782 dictam
2062 711 2439 783 Marchiam
2462 734 2638 805 quos
2663 711 2979 783 tenebat:
3008 730 3149 804 qua
3172 709 3642 804 resignatione
3667 716 3844 787 facta

1013 858 1181 908 mox
1222 832 1523 907 eundem
1560 831 1888 906 ducatum
1928 835 2218 907 Bavarie
2262 836 2333 907 in
2381 836 2795 908 beneficium
2840 835 3260 908 contulimus
3302 834 3464 909 duci
3501 834 3838 931 Saxonie;

1014 960 1366 1056 predictus
1391 980 1561 1031 vero
1594 958 1743 1030 dux
1770 958 2071 1031 Saxonie
2101 959 2308 1032 cessit
2339 970 2412 1031 et
2440 952 2862 1031 renuntiavit
2893 956 3083 1030 omni
3108 952 3252 1052 juri
3285 966 3355 1032 et
3383 962 3640 1034 actioni
3667 984 3843 1056 quas

1016 1081 1319 1154 habebat
1353 1080 1447 1154 ad
1483 1082 1738 1154 dictam
1769 1082 2143 1155 Marcbiam
2182 1105 2343 1155 cum
2378 1084 2703 1155 omnibus
2738 1083 2880 1154 suis
2911 1083 3188 1175 juribus
3220 1094 3292 1155 et
3321 1081 3700 1156 beneficiis.
3740 1086 3840 1157 Ne

1012 1216 1249 1277 autem
1276 1205 1351 1276 in
1383 1202 1519 1276 hoc
1545 1205 1728 1277 facto
1761 1204 1984 1277 honor
2014 1206 2337 1305 etvgloria
2369 1208 2599 1302 patrui
2634 1206 2853 1279 nostri
2884 1206 3217 1277 carissimi
3244 1207 3681 1299 aliquatenus
3712 1208 3839 1279 mi-

1014 1339 1295 1419 nuatur,
1316 1327 1404 1399 de
1432 1328 1720 1400 consilio
1749 1338 1821 1399 et
1846 1329 2112 1421 judicio
2155 1329 2573 1425 principum,
2614 1330 2864 1402 illustri
2895 1329 3275 1402 wladislao
3306 1331 3486 1403 duce
3516 1330 3840 1403 Bohemie

1014 1451 1431 1522 sententiam
1464 1448 1947 1545 promulgante
1980 1473 2190 1545 quam
2224 1450 2437 1526 ceteri
2466 1453 2815 1549 principes
2850 1454 3360 1549 approbabant,
3404 1454 3836 1527 marchiona-

1017 1585 1162 1647 tum
1182 1574 1458 1646 Austrie
1479 1586 1547 1646 et
1565 1575 1821 1646 dictam
1836 1574 2209 1648 Marchiam
2242 1598 2453 1672 supra
2474 1577 2784 1649 Anasum
2813 1577 3390 1649 commutavimus
3412 1577 3485 1647 in
3509 1578 3834 1649 ducatum

1016 1692 1477 1791 eumdemque
1516 1697 1841 1769 ducatum
1875 1699 2007 1770 sub
2034 1699 2437 1794 subscriptis
2451 1698 2754 1791 juribus,
2782 1699 3136 1794 principiis
3151 1709 3221 1770 et
3247 1699 3486 1791 gratiis
3517 1692 3834 1771 omnibus

1015 1820 1424 1893 liberalitate
1453 1822 1740 1893 Cesarea
1774 1822 2192 1897 contulimus
2221 1823 2531 1919 predicto
2562 1824 2884 1895 Heinrico
2915 1831 3155 1894 nostro
3181 1834 3431 1917 patruo
3456 1824 3830 1913 carissime,

1016 1940 1356 2040 prenobili
1385 1966 1507 2016 sue
1537 1946 1739 2016 uxori
1758 1942 2115 2018 Theodore
2148 1952 2221 2018 et
2251 1942 2487 2019 liberis
2518 1946 3074 2019 eorumdem.0b
3090 1940 3508 2038 singularem
3532 1946 3836 2019 savorem

1014 2090 1154 2163 quo
1187 2090 1348 2161 erga
1378 2068 1892 2141 dilectissimum
1927 2080 2252 2164 patruum
2285 2076 2598 2143 nostrum
2616 2069 3011 2141 Heinricum
3037 2069 3314 2141 Austrie
3333 2067 3669 2166 (ducem),
3694 2071 3839 2162 ejus

1014 2194 1479 2266 conthoralem
1535 2193 1960 2289 prenobilem
2003 2193 2438 2266 Theodoram
2486 2204 2557 2266 et
2600 2210 2839 2266 eorum
2887 2210 3321 2266 successores
3362 2210 3636 2266 necnon
3679 2208 3837 2286 erga

1016 2324 1267 2387 terram
1304 2312 1579 2387 Austrie
1625 2338 1762 2408 que
1805 2315 2069 2411 clipeus
2117 2327 2189 2387 et
2230 2334 2352 2387 cor
2391 2316 2568 2387 sacri
2609 2310 2901 2387 Romani
2945 2315 3218 2410 imperii
3264 2332 3415 2387 esse
3461 2316 3838 2387 dinoscitur

1012 2438 1374 2528 afficimur,
1419 2430 1508 2510 de
1543 2437 1830 2510 consilio
1867 2448 1939 2510 et
1978 2454 2264 2510 assensu
2303 2438 2691 2535 principum
2734 2439 3030 2534 imperii,
3065 2439 3268 2510 dictis
3311 2434 3724 2532 conjugibus
3768 2449 3838 2509 et

1014 2583 1255 2633 eorum
1298 2560 1367 2631 in
1411 2558 1659 2633 eodem
1711 2561 1968 2633 ducatu
2027 2562 2540 2634 successoribus
2599 2580 2876 2635 necnon
2931 2572 3292 2658 pretaxate
3335 2572 3517 2635 terre
3561 2561 3835 2634 Austris

1012 2682 1417 2757 subnotatas
1449 2684 1998 2775 constitutiones,
2033 2683 2515 2757 concessiones
2549 2691 2620 2757 et
2651 2682 2923 2757 indulta
2949 2687 3359 2758 auctoritate
3386 2684 3723 2781 imperiali
3762 2686 3833 2755 in

1003 2807 1162 2898 jura
1198 2809 1404 2903 plena
1446 2816 1516 2879 et
1551 2816 1888 2903 perpetua
1920 2806 2238 2879 redactas
2268 2803 2684 2880 donavimus
2720 2808 3101 2880 liberaliter
3132 2808 3372 2901 vigore
3413 2808 3835 2904 presentium

1013 2941 1083 3002 et
1116 2930 1481 3003 donamus.
1507 2925 1733 3002 Primo
1766 2931 2049 3025 quidem
2082 2931 2274 3024 quod
2306 2932 2458 3003 dux
2484 2931 2760 3003 Austrie
2792 2927 3151 3024 quibusvis
3177 2932 3505 3003 subsidiis
3539 2949 3664 3002 seu
3698 2945 3836 3002 scr·

1010 3055 1205 3125 viciis
1235 3077 1376 3126 non
1406 3064 1703 3145 tenetur,
1726 3075 1854 3125 nec
1884 3073 2036 3125 esse
2062 3053 2272 3126 debet
2294 3056 2643 3127 obnoxius
2666 3071 2863 3125 sacro
2889 3056 3200 3128 Romano
3223 3055 3513 3150 imperio
3535 3071 3667 3126 nec
3688 3053 3832 3126 cui—

1010 3194 1218 3270 quam
1240 3175 1437 3248 alteri
1459 3173 1587 3245 nisi
1615 3197 1697 3247 ea
1727 3175 1814 3248 de
1842 3175 1948 3248 sui
1966 3176 2231 3248 arbitrii
2247 3180 2487 3249 fecerit
2512 3178 2856 3267 libertate,
2877 3193 2962 3250 eo
2981 3188 3278 3273 excepto
3293 3178 3638 3251 duntaxat
3650 3176 3835 3270 quod

1011 3295 1300 3393 imperio
1348 3296 1608 3370 servire
1658 3300 2004 3371 tenebitur
2038 3301 2106 3370 in
2144 3295 2515 3394 Ungaria‘m
2563 3301 2932 3374 duodecim
2970 3302 3138 3373 viris
3168 3294 3450 3372 armatis
3480 3315 3610 3395 per
3638 3316 3832 3371 man·

1011 3437 1164 3493 sum
1192 3439 1408 3493 unum
1443 3422 1573 3494 sub
1605 3423 1930 3517 expensis
1956 3419 2372 3519 propriis‚'in
2402 3426 2553 3516 ejus
2585 3425 2685 3497 rei
2718 3417 3136 3497 evidentiam
3164 3435 3245 3496 nt
3269 3423 3592 3519 princeps
3613 3424 3830 3518 impe—

1010 3546 1093 3617 rii
1126 3546 1556 3636 dinoscatur3
1604 3563 1735 3617 nec
1774 3563 1900 3642 pro
1947 3547 2420 3620 conducendis
2453 3548 2673 3620 feodis
2699 3541 3062 3641 ‚requirere
3104 3563 3228 3619 seu
3262 3547 3595 3619 accedere
3627 3545 3836 3618 debet

1009 3669 1376 3765 imperium
1419 3680 1619 3742 extra
1668 3673 1891 3742 metas
1932 3670 2238 3763 Austris,
2271 3687 2516 3743 verum
2567 3672 2638 3742 in
2689 3681 2869 3742 terra
2913 3668 3196 3742 Austris
3238 3670 3368 3742 sibi
3414 3663 3674 3742 debent
3710 3683 3836 3741 sua

1008 3792 1213 3865 feoda
1244 3795 1540 3866 conferri
1571 3815 1694 3890 per
1720 3794 2087 3889 imperium
2112 3803 2184 3866 et
2213 3794 2464 3886 locat-ig
2491 3794 2681 3888 quod
2712 3794 2771 3865 si
2800 3794 2930 3866 sibi
2957 3794 3408 3886 denegarent,
3428 3793 3523 3865 ab
3548 3786 3835 3887 imperio

1008 3918 1318 4011 requirat
1356 3929 1427 3989 et
1471 3915 1707 4010 exigat
1757 3917 2132 3989 literatorie
2185 3917 2363 3988 trina
2410 3918 2600 4008 vice;
2637 3932 2779 4010 quo
2823 3918 3006 3990 facto
3044 3918 3232 4010 juste
3286 3914 3670 4010 possidebit
3709 3927 3836 3985 sun

1006 4038 1210 4113 feoda
1256 4040 1404 4112 sine
1446 4039 1705 4112 offensa
1753 4035 2022 4136 imperii
2068 4055 2152 4112 ac
2197 4039 2253 4111 si
2297 4055 2380 4111 ea
2423 4040 2877 4134 corporaliter
2912 4038 3384 4112 conduxisset.
3421 4039 3586 4109 Dux
3628 4036 3831 4108 etiam

1008 4157 1283 4235 Austrie
1319 4185 1460 4236 non
1494 4169 1768 4236 tenetur
1797 4164 2102 4259 aliquam
2134 4162 2398 4235 curiam
2436 4162 2769 4235 accedere
2814 4163 3114 4235 edictam
3143 4179 3272 4258 per
3301 4161 3673 4257 imperium
3708 4173 3833 4230 seu

1010 4287 1323 4377 quemvis
1350 4285 1562 4358 alium
1590 4287 1720 4358 nisi
1743 4287 1927 4359 ultro
1956 4297 2027 4357 et
2056 4287 2144 4359 de
2175 4303 2302 4357 sua
2329 4286 2570 4357 fecerit
2595 4288 2955 4359 voluntate
2975 4337 2996 4379 ,
3029 4286 3535 4388 imperiumque
3563 4283 3831 4355 nullum

1009 4401 1287 4478 feodum
1314 4408 1569 4481 habere
1601 4408 1811 4481 debet
1837 4409 2111 4481 Austrie
2144 4409 2217 4480 in
2250 4408 2530 4480 ducatu.
2561 4407 2632 4479 Si
2663 4425 2834 4481 vero
2867 4409 3191 4505 princeps
3218 4408 3470 4502 aliquis
3501 4401 3617 4480 vel
3655 4406 3824 4478 alta·

1007 4517 1151 4600 rius
1180 4539 1399 4601 status
1432 4551 1726 4626 persona
1755 4532 2006 4604 nobilis
2022 4532 2138 4603 vel
2167 4531 2515 4624 ignobilis,
2557 4533 3057 4626 cujuscumque
3087 4530 3506 4606 conditionis
3533 4529 3826 4615 existat,

1008 4651 1297 4725 haberet
1320 4653 1392 4725 in
1421 4654 1607 4726 dicto
1633 4654 1891 4728 ducatu
1923 4656 2394 4752 possessiones
2419 4655 2510 4727 ab
2537 4655 2688 4750 ipso
2708 4656 2867 4748 jure
2896 4648 3151 4730 feodali
3179 4650 3829 4751 dependenteulm
