4364 5738
1097 580 1221 644 390
2100 573 2532 636 nmmum
2580 573 2929 636 suenum
3535 574 3705 654 [Aa.
3737 576 3911 644 lm.

1101 727 1270 788 tem.
1323 715 1465 786 Nos
1524 723 1754 785 tamen
1811 710 2074 783 nedum
2118 710 2345 781 illatas
2386 709 2990 781 dissimulabamus
3041 708 3361 801 injurias,
3413 730 3663 781 verum
3710 711 3911 788 etim

1099 838 1366 910 servire
1411 837 1541 909 sibi
1589 836 1720 908 sub
1759 832 2046 907 infinitis
2087 833 2443 905 laboribus
2487 833 2739 906 nostris
2782 841 2856 904 et
2897 832 3290 927 sumptibus
3327 832 3748 925 nitebamur,
3787 855 3909 910 nos

1098 961 1521 1058 opponendo
1572 958 1899 1032 Romanis
1950 978 2080 1053 pro
2131 957 2655 1052 recuperatione
2705 954 2972 1048 jurium
3032 956 3338 1028 Ecclesie
3357 1009 3379 1047 ,
3436 978 3577 1050 que
3622 958 3907 1033 Romani

1098 1085 1395 1181 predicti
1445 1084 1765 1177 nequiter
1829 1089 2276 1176 occuparant.
2335 1080 2503 1152 Cum
2562 1079 2815 1172 quibus
2867 1079 3310 1174 postmodum
3367 1101 3547 1174 papa
3607 1081 3907 1176 precatus

1098 1230 1341 1305 pacem
1374 1205 1790 1303 composuit,
1823 1204 2023 1276 nobis
2048 1203 2283 1275 insciis
2317 1213 2387 1275 et
2413 1204 2850 1298 contemptis.
2878 1203 3028 1274 Nec
3058 1201 3237 1275 illud
3266 1202 3588 1295 ignorare
3617 1224 3750 1278 vos
3785 1223 3904 1299 pa·

1097 1333 1311 1404 timnr
1339 1330 1637 1426 qualiter
1668 1328 1867 1400 nobis
1906 1327 1996 1401 de
2032 1326 2346 1422 predicto
2392 1326 2679 1399 servitio
2719 1326 2969 1398 diebus
3006 1335 3170 1398 ante
3207 1326 3547 1421 proximis
3579 1327 3906 1402 receden-

1100 1457 1284 1529 tibus
1316 1455 1389 1526 in
1425 1452 1880 1525 Theutoniam
1920 1450 2011 1522 ad
2049 1450 2537 1543 corrigendum
2569 1449 2872 1520 Heinrici
2910 1449 3355 1545 primogeniti
3380 1447 3504 1521 filii
3539 1449 3764 1524 nostri
3799 1470 3906 1522 er·

1098 1598 1326 1665 rores,
1382 1575 1640 1650 favoris
1685 1575 1792 1646 sui
1840 1573 2055 1646 literis
2094 1573 2670 1672 precedentibuS,
2725 1572 2995 1645 occulte
3054 1572 3386 1644 nuncium
3428 1570 3523 1644 ad
3567 1572 3909 1668 principes

1099 1700 1472 1774 destinavit
1517 1725 1536 1769 :
1597 1719 1729 1796 per
1775 1719 1985 1793 quem
2026 1695 2384 1770 mandavit
2421 1694 2688 1769 eisdem
2730 1706 2810 1767 ut
2857 1696 3126 1769 nullum
3173 1697 3264 1771 de
3304 1693 3464 1768 filiis
3503 1696 3760 1770 nostris
3797 1697 3905 1767 vel

1099 1826 1190 1899 de
1216 1845 1471 1918 genere
1505 1833 1743 1895 nostro
1773 1822 1846 1892 in
1886 1842 2125 1913 regem
2161 1820 2295 1892 sibi
2327 1829 2797 1909 assumerent,
2846 1829 3055 1915 prout
3089 1819 3299 1892 iidem
3333 1819 3681 1918 principes
3712 1818 3906 1891 nobis

1098 1947 1543 2047 postmodum
1594 1946 2018 2034 retulerunt,
2062 1953 2137 2015 et
2175 1942 2276 2014 sic
2308 1963 2524 2035 quem
2576 1963 2705 2038 pro
2749 1942 3064 2036 impenso
3107 1940 3393 2014 servitio
3439 1942 3722 2036 publice
3760 1963 3906 2014 cre-

1094 2073 1434 2146 debamus
1463 2070 1721 2141 habere
1755 2067 2128 2163 propitium
2147 2118 2167 2156 ,
2201 2066 2497 2138 latenter
2526 2065 2920 2138 invenimus
2941 2064 3335 2156 inimicum3
3366 2066 3669 2160 qualiter
3702 2065 3903 2139 etiam

1096 2195 1355 2294 paratis
1386 2194 1587 2266 nobis
1622 2193 1695 2264 in
1722 2192 1984 2263 ltaliam
2019 2189 2448 2262 descendere
2479 2210 2608 2285 pro
2639 2188 3135 2284 mcnperandis
3164 2208 3304 2263 non
3335 2189 3568 2263 minus
3602 2189 3906 2262 Ecclesie

1094 2342 1308 2414 quam
1338 2317 1609 2412 imperii
1634 2316 1937 2408 juribus,
1980 2336 2110 2410 pro
2146 2312 2598 2385 ultramarino
2633 2312 2915 2404 negotio
2946 2310 3384 2406 procurando
3417 2321 3493 2386 et
3519 2311 3906 2385 ordinando

1094 2452 1278 2514 statu
1324 2438 1612 2536 pacifico
1665 2437 1967 2529 regionis
2016 2437 2232 2532 ipsius
2252 2488 2272 2526 ,
2317 2435 2503 2507 misit
2546 2434 2749 2507 nobis
2789 2434 3073 2508 obviam
3117 2433 3518 2531 episcopum
3561 2433 3904 2506 Penestn’-

1093 2588 1299 2656 num,
1345 2564 1758 2635 nunciorum
1811 2570 2206 2632 nostrorum
2253 2558 2800 2631 contradictione
2850 2567 3286 2653 contempta,
3329 2556 3454 2651 qui
3489 2578 3634 2630 non
3680 2556 3902 2652 ipsum

1092 2678 1288 2761 velut
1332 2686 1690 2758 inimicum
1742 2694 2092 2774 nostrum,
2149 2682 2276 2754 sed
2320 2681 2682 2754 Antiochie
2730 2680 3194 2776 patriarcham
3240 2681 3438 2754 velut
3484 2681 3789 2753 amicum
3829 2681 3900 2753 in

1091 2811 1552 2884 transmarino
1592 2808 1871 2901 negotio
1905 2806 2365 2901 requisierant
2400 2825 2529 2901 pro
2572 2806 2799 2898 legato
2842 2831 2860 2876 z
2901 2804 3028 2899 qui
3066 2804 3590 2900 prenominatus
3639 2804 3899 2901 episco-

1091 2959 1224 3032 pus
1253 2958 1298 3009 a
1327 2934 1699 3007 devotione
1730 2942 1967 3005 nostra
2002 2932 2338 3005 Mutinam
2380 2929 2674 3001 tentavit
2711 2938 3030 3000 avertere
3061 2939 3136 3001 et
3168 2928 3622 3021 Placentiam,
3653 2928 3730 3000 in
3765 2948 3899 3023 qua

1088 3061 1288 3132 velut
1318 3056 1727 3150 originarius
1760 3057 1946 3146 ejus,
1983 3054 2402 3126 munitiones
2438 3075 2613 3148 quas
2653 3062 2928 3147 poterat
2965 3052 3328 3126 evidenter
3367 3053 3627 3125 avertit
3665 3062 3897 3125 contra

1090 3204 1258 3270 nos,
1304 3202 1393 3251 ne
1462 3178 1749 3249 transire
1800 3199 2196 3272 posscmuS,
2256 3197 2656 3271 quanquam
2699 3176 2830 3248 hec
2867 3178 3124 3250 frustra
3166 3176 3537 3249 tentaverit
3573 3176 3894 3249 Lombar-

1088 3306 1344 3379 dorum
1366 3301 1752 3373 exercitum
1781 3299 2295 3394 congregando.
2335 3301 2637 3372 Obtenta
2668 3300 2923 3373 deinde
2950 3321 3111 3371 cum
3140 3300 3406 3373 auxilio
3431 3300 3639 3392 Regis
3659 3320 3894 3392 regum

1091 3430 1182 3504 de
1210 3426 1828 3501 mediolanensium
1861 3425 2199 3521 pravitate
2239 3425 2565 3514 victoria,
2599 3424 2771 3496 dnm
2811 3424 3182 3496 Lombardi
3221 3433 3462 3496 contra
3493 3444 3629 3495 nos
3660 3435 3733 3495 et
3767 3423 3891 3496 im·

1091 3554 1361 3651 perium
1391 3552 1482 3623 de
1520 3551 1827 3645 ipsorum
1862 3548 2254 3620 resistentia
2299 3547 2784 3642 desperarent,
2818 3546 2913 3619 ad
2955 3548 3260 3620 eundem
3298 3546 3738 3643 pontificem,
3775 3547 3891 3640 qui

1087 3700 1210 3751 eos
1244 3679 1480 3748 favore
1520 3674 1803 3768 palliato
1841 3681 2283 3767 protexerat,
2313 3671 2770 3763 defugerunt,
2819 3683 3207 3744 asserentes
3235 3671 3426 3765 quod
3462 3671 3600 3743 nisi
3636 3671 3821 3767 ipsos
3843 3692 3889 3742 a

1086 3803 1288 3875 nobis
1324 3820 1503 3895 papa
1546 3798 1856 3892 prefatus
1900 3805 1973 3868 et
2010 3797 2258 3868 fratres
2297 3795 2579 3889 publica
2619 3794 3026 3867 defensione
3067 3794 3569 3885 defenderent,
3599 3795 3698 3868 ad
3730 3816 3887 3868 nos·

1084 3937 1270 3998 tmm
1309 3934 1378 3997 et
1418 3920 1688 4017 imperii
1725 3920 1953 3992 redire
1982 3918 2368 3993 dominium
2401 3927 2815 4011 cogerentur
2820 3969 3881 3990 ..............

1175 4049 1449 4147 (Cetera
1484 4042 1800 4141 desunt.)

701 4541 992 4599 [Februario-2
1183 4514 1637 4619 Fridericus,
1668 4514 2185 4596 Romanorum
2223 4466 2665 4619 imperator,
2699 4508 3008 4618 regibus
3047 4519 3127 4593 et
3160 4507 3630 4617 principibus
3673 4466 3876 4594 orbis

1070 4649 1338 4737 scribit
1370 4646 1580 4758 quod
1619 4644 1763 4727 sibi
1808 4645 1886 4726 in
1919 4644 2360 4728 defensione
2395 4643 2689 4752 jurium
2728 4640 3261 4750 temporalium
3303 4651 3571 4725 contra
3606 4662 3875 4750 papam
