4364 5738
1019 591 1100 651 48
2010 586 2441 648 FRIDERICI
2489 588 2836 649 sssctmm
3459 589 3620 671 [Asu.
3657 591 3833 653 1242.

1184 774 1376 854 (Edit.
1401 791 1498 851 ap.
1530 773 1754 846 Lumo,
1784 772 2201 847 Reiehsarchiv,
2232 784 2274 835 t.
2308 775 2492 851 xm,
2522 794 2582 853 p.
2618 772 2757 837 341.
2787 809 2871 821 -
2896 777 3192 855 Bossnr,
3225 775 3488 854 Securis,
3528 795 3588 854 p.
3623 788 3739 840 238
3778 787 3839 841 et

1261 890 1401 960 256,
1437 889 1495 941 et
1522 883 1583 940 ln
1613 877 1886 962 Apoloqie
1913 878 2016 940 der
2043 879 2224 942 stadt
2254 878 2421 956 Οόἱη,
2451 899 2516 958 p.
2548 880 2638 960 9.)

1115 1092 1497 1165 Fridericus
1533 1092 1913 1185 secundus,
1963 1092 2200 1164 divina
2246 1093 2524 1165 favente
2555 1095 2924 1167 clementia
2964 1095 3431 1166 Romanorum
3466 1094 3841 1188 imperator

1021 1237 1294 1311 semper
1331 1227 1691 1308 augustus,
1736 1218 2117 1289 Jerusalem
2160 1227 2233 1287 et
2262 1216 2490 1289 Sicilie
2525 1239 2680 1289 rex.
2718 1218 2788 1289 Si
2821 1229 3216 1289 nostrorum
3250 1218 3494 1288 merita
3530 1216 3837 1289 fidelium

1019 1341 1308 1432 exigunt
1332 1352 1412 1412 ut
1441 1339 1777 1412 beneficia
1809 1338 2163 1412 beneficiis
2194 1342 2657 1432 cumulemus,
2690 1342 2910 1412 multo
2944 1350 3299 1432 gratanter
3338 1340 3732 1413 inducimur
3760 1351 3839 1414 ut

1017 1486 1138 1537 eos
1172 1466 1242 1534 in
1275 1464 1835 1536 concessionibus
1871 1474 1942 1535 et
1969 1464 2421 1556 indulgentiis
2458 1465 2557 1536 eis
2593 1464 2792 1536 factis
2821 1464 2913 1536 ab
2944 1463 3478 1559 archiepiscopis
3511 1473 3582 1535 et
3617 1464 3839 1536 domi·

1018 1589 1126 1661 nis
1154 1588 1555 1660 eorumdem
1603 1597 1794 1660 tanto
1825 1599 2059 1660 nostre
2091 1587 2636 1662 confirmationis
2681 1598 2752 1660 et
2789 1589 3011 1680 gratie
3041 1588 3420 1684 privilegiis
3446 1589 3839 1660 muniamus

1018 1721 1281 1806 quanto
1319 1721 1553 1783 nostra
1595 1712 1906 1803 interest,
1959 1711 2139 1784 sicut
2173 1713 2424 1784 ceteris
2471 1713 2915 1807 prerogativa
2961 1712 3250 1784 dominii
3297 1713 3832 1807 preeminemus,

1018 1846 1242 1908 ratum
1305 1836 1563 1907 habere
1606 1835 1797 1929 quod
1850 1836 2111 1909 faciunt
2165 1847 2238 1909 et
2294 1835 2570 1908 firmum
2633 1857 2879 1931 gerere
2926 1836 3121 1931 quod
3185 1836 3596 1909 decernunt.
3662 1837 3838 1907 Hinc

1019 1972 1127 2032 est
1155 1961 1363 2053 igitur
1391 1960 1581 2052 quod
1614 1960 1957 2055 presentis
1989 1960 2226 2055 scripti
2270 1962 2446 2033 serie
2489 1971 2737 2035 notum
2777 1960 2927 2033 fieri
2972 1962 3297 2033 volumus
3323 1960 3663 2032 universis
3696 1970 3837 2030 tam

1017 2085 1452 2180 presentibus
1474 2106 1683 2177 quam
1713 2084 1963 2156 futuris
1983 2083 2308 2157 fidelihus
2333 2086 2586 2158 nostris
2608 2086 2800 2179 quod
2817 2085 3120 2178 judiceS,
3145 2084 3410 2157 scabini
3437 2095 3510 2155 et
3533 2083 3838 2155 universi

1014 2209 1202 2281 cives
1233 2210 1671 2282 Colonienses
1717 2207 1959 2281 fideles
1986 2210 2205 2282 nostri
2239 2219 2473 2282 nostre
2505 2209 3078 2305 supplicaverunt
3125 2207 3457 2280 attentius
3494 2207 3838 2298 majestati

1012 2334 1338 2427 quatinus
1365 2334 1828 2406 concessionis
1859 2342 1931 2405 et
1963 2333 2394 2427 indulgentie
2431 2334 2755 2427 paginam
2787 2355 2999 2425 quam
3037 2331 3375 2404 Henricus
3412 2331 3838 2404 Coloniensis

1013 2460 1276 2531 electus
1308 2458 1407 2528 eis
1444 2456 1766 2546 indulsit,
1808 2456 1897 2527 de
1930 2467 2166 2528 nostra
2205 2457 2370 2551 ipsis
2399 2456 2622 2547 gratia
2664 2455 3073 2529 confirmare
3105 2456 3584 2547 dignaremur3
3637 2456 3838 2547 cujus

1016 2590 1217 2653 tenor
1256 2602 1383 2673 per
1414 2580 1648 2652 omnia
1679 2580 1832 2649 talis
1865 2589 1971 2650 est
2003 2605 2021 2649 ε

1110 2705 1448 2775 Henricus
1473 2704 1594 2773 Dei
1627 2702 1848 2795 gratia
1896 2712 2134 2774 sancte
2163 2703 2588 2775 Coloniensis
2618 2704 2908 2776 ecclesie
2941 2704 3204 2775 electus
3248 2702 3833 2796 archiepiscopus,

1014 2829 1206 2901 Italie
1251 2825 1934 2916 archicancellarius,
1971 2827 2293 2899 omnibus
2343 2838 2483 2899 tam
2528 2827 2971 2923 presentibus
3003 2848 3215 2922 quam
3248 2825 3495 2897 futuris
3526 2825 3618 2898 ad
3660 2845 3837 2919 quos

1015 2974 1301 3048 presens
1331 2952 1664 3046 scriptum
1701 2953 2121 3045 pervenerit,
2159 2973 2367 3025 omne
2404 2954 2664 3025 bonum
2700 2953 2773 3024 in
2804 2962 3249 3048 perpetuum.
3290 2950 3591 3043 Dignum
3624 2959 3731 3021 est
3766 2959 3836 3021 et

1015 3099 1057 3148 a
1103 3076 1388 3147 rationis
1437 3075 1707 3145 tramite
1740 3094 1880 3146 non
1915 3072 2263 3147 discordat
2289 3084 2368 3146 ut
2408 3096 2527 3148 eos
2562 3076 2685 3169 qui
2721 3076 2793 3146 in
2831 3074 3113 3146 servitio
3150 3083 3388 3146 nostro
3428 3082 3500 3144 et
3544 3073 3831 3144 ecclesie

1014 3199 1436 3273 Coloniensis
1473 3196 1768 3269 fideliter
1796 3199 2115 3270 laborant
2141 3208 2215 3269 et
2242 3210 2664 3289 constanter,
2709 3198 3027 3293 ampliori
3067 3197 3428 3269 affectione
3466 3197 3833 3289 diligamus

1016 3332 1088 3393 et
1126 3322 1306 3393 circa
1340 3342 1581 3392 eorum
1626 3321 2129 3415 promotionem
2163 3331 2235 3394 et
2264 3322 2802 3394 consuetudines
2836 3309 3219 3393 laudabiles
3257 3329 3328 3391 et
3355 3320 3513 3412 jura
3552 3339 3831 3391 conser-

1011 3445 1244 3518 vanda
1276 3466 1561 3540 operam
1593 3444 2047 3516 adhibeamus
2082 3445 2461 3517 efficacem.
2493 3447 2661 3518 Inde
2679 3456 2787 3517 est
2807 3445 3171 3539 quodcum
3194 3443 3571 3539 predilecta
3590 3442 3832 3515 civitas

1015 3577 1249 3638 nostra
1303 3567 1728 3639 Coloniensis
1775 3568 1977 3639 nobis
2031 3578 2102 3639 et
2155 3568 2766 3663 predecessoribus
2806 3568 3060 3640 nostris
3116 3568 3402 3639 consilio
3459 3577 3530 3637 et
3571 3565 3830 3638 auxilio

1012 3714 1289 3787 semper
1315 3691 1538 3763 fidelis
1569 3692 1879 3763 extiterit
1911 3702 1983 3762 et
2008 3693 2289 3781 existat,
2325 3693 2413 3764 de
2446 3714 2789 3765 consensu
2833 3703 2904 3764 et
2936 3693 3124 3765 bona
3154 3693 3508 3764 voluntate
3542 3689 3828 3762 ecclesie

1011 3827 1082 3889 et
1108 3817 1413 3912 priorum
1434 3816 1944 3888 Coloniensium
1958 3817 2488 3910 recognovimus
2504 3818 2813 3911 predicte
2833 3816 3092 3889 civitati
3109 3816 3267 3908 jura
3291 3837 3413 3886 sua
3445 3824 3513 3885 et
3536 3835 3829 3886 consue-

1012 3942 1285 4013 tudines
1306 3961 1467 4011 suas
1498 3940 1942 4034 approbataS,
1980 3940 2369 4035 specialiter
2395 3941 2603 4011 etiam
2639 3951 2778 4011 tam
2815 3962 2944 4012 nos
2973 3961 3180 4034 quam
3216 3938 3399 4010 dicta
3436 3937 3726 4009 ecclesia
3759 3946 3829 4008 et

1013 4064 1274 4157 priores
1332 4062 1860 4154 recognovimus
1913 4074 1983 4134 et
2033 4064 2591 4154 recognoscimus
2649 4064 2877 4136 eidem
2939 4063 3201 4135 civitati
3259 4061 3829 4134 consuetudinem

1008 4188 1366 4278 antiquam
1402 4197 1472 4258 et
1489 4186 1629 4278 juri
1657 4207 2030 4258 consonam
2064 4212 2080 4256 ε
2117 4188 2324 4258 talem
2352 4187 2679 4260 videlicet
2704 4188 2895 4283 quod
2922 4189 3156 4259 nullus
3182 4187 3438 4258 civium
3467 4184 3829 4258 Colonien-

1008 4311 1187 4382 sium
1229 4331 1355 4404 pro
1387 4310 1639 4382 delicto
1680 4312 1824 4384 sive
1865 4311 2150 4383 crimine
2182 4312 2362 4384 infra
2396 4312 2748 4385 Coloniam
2789 4323 2861 4384 et
2908 4312 3235 4384 terminos
3280 4310 3494 4405 ipsius
3532 4308 3828 4380 civitatis

1007 4434 1129 4528 qui
1159 4433 1484 4505 dicuntur
1507 4435 1782 4507 Burban
1811 4436 2174 4509 commisso
2208 4438 2321 4509 vel
2357 4437 2549 4530 quod
2594 4437 2846 4509 dicitur
2885 4436 3363 4525 commissum,
3396 4444 3598 4505 extra
3627 4432 3825 4505 Colo-

1007 4559 1194 4630 niam
1226 4579 1269 4629 a
1311 4558 1511 4630 nobis
1544 4559 1657 4629 vel
1704 4560 2216 4632 successorihus
2247 4561 2501 4633 nostris
2534 4562 2606 4632 in
2634 4563 2753 4654 jus
2787 4572 3079 4634 vocetur
3114 4581 3244 4632 nec
3272 4559 3365 4631 ab
3391 4558 3626 4651 aliquo
3657 4578 3825 4628 con·

1004 4683 1349 4772 veniatur,
1386 4682 1512 4754 sed
1539 4702 1667 4753 nos
1692 4692 1763 4752 et
1794 4703 2224 4756 successores
2257 4685 2475 4758 nostri
2502 4685 2575 4756 in
2605 4686 2859 4780 palatio
2897 4694 3136 4757 nostro
3161 4681 3439 4755 Colonie
3475 4679 3824 4776 presidere
