4364 5738
510 566 716 626 hmcr,
748 562 844 640 4,]
1416 553 1814 617 HISTORIA
1864 555 2460 620 meMATch.
3225 553 3349 624 39'7

514 697 826 786 mientis,
853 694 1092 769 dotata
1118 691 1189 763 in
1224 690 1541 786 patribus
1569 711 1654 762 ac
1685 690 2344 785 incomparabilibus
2368 692 2761 784 margaritis
2786 714 2871 768 ac
2896 691 3176 768 vivifico
3200 699 3354 790 ejus

518 820 856 914 sanguine
886 820 960 891 in
989 816 1152 890 filiis
1185 814 1507 888 dedicata
1535 824 1720 888 terre
1746 815 2180 911 principibus
2207 816 2598 890 constitutis
2625 817 2787 909 jure
2813 818 3007 912 viget
3033 830 3106 893 et
3129 820 3354 917 impe-

521 956 630 1020 rat
652 945 917 1038 ubique
943 951 1286 1014 terrarum
1315 947 1554 1012 sancta
1587 948 1811 1011 mater
1839 940 2145 1012 Ecclesia
2173 940 2546 1033 generaliS,
2568 962 2726 1013 cum
2760 942 3011 1015 nobilis
3037 943 3108 1014 in
3136 945 3355 1039 portis
3464 919 3484 939 ⁶

518 1070 629 1144 vir
658 1069 811 1161 ejus
847 1066 1116 1140 ratione
1144 1062 1620 1159 plasmationis
1656 1071 1730 1134 et
1757 1061 2258 1158 redemptionis
2289 1064 2596 1138 misterio
2630 1085 2761 1161 per
2799 1065 3042 1139 mundi
3078 1067 3355 1166 climata

520 1193 757 1286 vigeat
800 1192 1003 1263 Iesus
1053 1186 1395 1277 Christus,
1436 1206 1565 1280 per
1615 1205 1827 1278 quem
1879 1186 2114 1258 omnia
2166 1187 2636 1281 potentialiter
2688 1189 3174 1283 predicantur3
3228 1212 3358 1286 per

521 1318 750 1412 ipsum
784 1315 842 1387 si
875 1313 1162 1409 quidem
1203 1331 1404 1403 reges
1437 1320 1764 1402 regnant,
1797 1310 2074 1406 abipso
2107 1313 2335 1383 omnis
2367 1320 2672 1406 potestas
2698 1314 3143 1407 progreditur
3176 1316 3355 1389 etin

524 1442 675 1536 ipso
704 1438 1042 1527 vivimus,
1081 1456 1448 1508 movemur
1486 1444 1556 1505 et
1595 1456 1873 1525 sumus,
1908 1434 2108 1525 cujus
2155 1443 2464 1530 potestas
2508 1436 2820 1509 continet
2847 1457 2892 1509 a
2924 1439 3097 1510 mari
3130 1460 3355 1532 usque

522 1564 617 1636 ad
642 1582 837 1634 mare
866 1570 935 1632 et
964 1580 1008 1631 a
1037 1557 1323 1629 flumine
1350 1577 1572 1649 usque
1599 1557 1691 1629 ad
1727 1556 2058 1630 terminos
2084 1557 2273 1630 orbis
2295 1569 2523 1648 terre,
2553 1561 2753 1653 cujus
2780 1562 3119 1655 sapientia
3145 1541 3362 1635 terra-x

525 1710 682 1758 rum
712 1684 1072 1756 summitas
1102 1692 1312 1775 atque
1349 1685 1656 1754 celorum
1691 1681 2029 1753 stabilitas
2065 1681 2138 1752 in
2175 1681 2614 1755 ordinatione
2655 1684 3002 1774 consistit,
3033 1686 3124 1759 de
3156 1689 3359 1779 cujus

530 1809 869 1883 thesauris
908 1807 1099 1881 venti
1131 1806 1571 1878 ineffabiliter
1614 1807 2099 1899 producuntur
2131 1814 2203 1877 et
2231 1807 2326 1878 ad
2353 1808 2552 1898 cujus
2582 1818 2830 1880 nutum
2861 1807 3041 1881 fiunt
3071 1820 3141 1882 et
3173 1811 3356 1884 facta

530 1944 695 2006 sunt
722 1932 1075 2004 universa.
1098 1929 1249 2002 Filii
1268 1938 1503 1999 autem
1538 1928 1689 2020 ejus
1721 1950 1932 2022 super
1952 1950 2234 2000 omnem
2269 1938 2525 2001 terram
2556 1931 2871 2003 obtinent
2893 1933 3360 2030 principatum

528 2078 567 2129 a
597 2065 797 2151 patre
822 2054 1054 2147 gracie
1084 2051 1497 2143 virtutisque
1524 2060 1834 2139 auctore,
1870 2051 2004 2122 illis
2030 2061 2370 2147 potestate
2399 2055 2651 2126 collata
2673 2064 2754 2125 ut
2774 2058 3078 2128 evellant
3103 2068 3175 2129 et
3204 2058 3357 2130 des-

532 2189 793 2269 truant,
826 2177 1155 2252 edificent
1186 2186 1398 2268 atque
1433 2176 1774 2269 plantent.
1822 2176 2079 2247 Rerum
2106 2197 2387 2268 quoque
2416 2179 2847 2271 possessione
2886 2203 3026 2252 non
3061 2182 3253 2253 tenui
3285 2195 3357 2257 et

528 2302 910 2376 innumeris
938 2301 1321 2374 honoribus
1348 2300 1656 2370 exaltata
1690 2298 1979 2369 fratrum
2008 2308 2080 2371 et
2100 2299 2485 2372 amicorum
2511 2302 2663 2393 ejus
2687 2303 2806 2394 qui
2829 2305 3062 2398 sponsi
3099 2305 3360 2377 faciunt

529 2430 987 2516 voluntatem,
1011 2424 1298 2497 illustris
1329 2436 1609 2494 caterva
1640 2423 1896 2494 letatur
1917 2423 2087 2496 dum
2114 2423 2319 2495 nimis
2353 2446 2475 2518 pre
2512 2426 2761 2498 ceteris
2794 2425 3111 2500 honorati
3143 2429 3359 2501 dilec-

535 2552 792 2626 tionem
828 2547 983 2642 ejus
1008 2549 1332 2620 omnibus
1363 2556 1824 2641 anteponunt.
1846 2547 2027 2619 Talis
2060 2546 2271 2639 igitur
2297 2555 2368 2617 et
2403 2548 2574 2619 tanti
2610 2549 2844 2643 sponsi
2877 2550 2966 2621 de
3000 2553 3200 2643 cujus
3232 2573 3360 2622 ex-

536 2674 860 2747 cellentia
892 2681 1031 2744 tam
1064 2672 1364 2763 gloriosa
1402 2679 1802 2760 narrantur,
1831 2669 2225 2742 diademate
2262 2670 2614 2762 insignita,
2651 2669 2952 2744 filiorum
2982 2674 3202 2765 gloria
3235 2675 3359 2748 de-

537 2806 807 2888 corata,
842 2795 1332 2868 nichilominus
1379 2793 1737 2866 fraternali
1786 2815 1871 2866 ac
1926 2794 2339 2895 dilectorum
2392 2796 2924 2891 obsequentium
2984 2797 3367 2873 munimine

536 2922 997 3010 circumfulta,
1016 2919 1264 3011 sagitte
1292 2918 1594 2991 volantis
1625 2940 1752 3014 per
1770 2918 1957 2990 diem
1976 2940 2102 2990 seu
2121 2918 2428 2991 demonii
2445 2920 2808 2993 meridiani
2823 2923 3368 3016 perambulantis

538 3049 610 3119 in
636 3043 939 3119 tenebris
971 3043 1355 3115 interibunt
1378 3040 1531 3138 (sic)
1559 3043 1650 3114 ab
1679 3043 1960 3114 incursu
1986 3065 2117 3115 nec
2142 3043 2468 3116 timebita
2486 3045 2728 3117 timore
2755 3055 3126 3137 nocturne,
3143 3047 3366 3141 ipsam

538 3169 891 3242 offendere
948 3176 1332 3259 satagente.
1384 3167 1604 3239 Immo
1655 3175 1846 3239 tanto
1900 3168 2123 3259 magis
2170 3167 2417 3241 insana
2465 3169 2965 3264 presumptoris
3017 3172 3367 3244 temeritas

533 3293 888 3385 judicatur
910 3301 1174 3384 quanto
1204 3298 1444 3361 contra
1466 3288 1954 3361 universorum
1979 3291 2333 3363 dominam
2361 3293 2622 3364 calcem
2649 3294 3115 3388 superbiendo
3139 3297 3370 3369 elevat

542 3428 615 3489 et
644 3425 950 3489 montem
981 3414 1170 3486 unde
1198 3414 1466 3485 cunctis
1492 3414 1688 3486 venit
1713 3415 2054 3487 auxilium
2074 3469 2093 3506 ,
2143 3427 2424 3509 tangere
2466 3438 2608 3488 non
2649 3418 3009 3508 formidat,
3045 3442 3206 3492 cum
3235 3441 3368 3493 nec

541 3542 632 3613 sit
665 3538 1004 3634 sapientia
1037 3558 1268 3629 neque
1305 3537 1641 3608 fortitudo
1683 3537 1916 3629 aliqua
1949 3550 2193 3610 contra
2215 3541 2466 3610 Deum.
2504 3541 2685 3610 Sane
2718 3560 2861 3631 quo
2893 3542 3137 3635 spiritu
3166 3543 3365 3615 duci·

544 3676 656 3738 tur
681 3665 775 3737 ad
805 3661 1257 3735 offensionem
1280 3669 1516 3731 sancte
1544 3659 1785 3731 matris
1807 3660 2115 3732 Ecclesie
2140 3673 2210 3734 et
2233 3670 2496 3755 quanta
2519 3661 2901 3733 temeritate
2929 3664 3190 3735 feratur
3214 3687 3370 3759 pro·

541 3788 824 3861 ditionis
851 3784 1065 3873 filius,
1084 3782 1489 3857 Antichristi
1513 3782 1755 3854 similis
1778 3792 1849 3853 et
1872 3804 2265 3877 precursor,
2288 3786 2408 3877 qui
2437 3807 2563 3880 per
2583 3785 3099 3877 ingratitudinis
3122 3788 3366 3860 vitium

537 3934 581 3984 a
610 3910 851 3984 matris
890 3909 1156 4003 gremio
1185 3929 1397 4001 quam
1428 3906 1695 4002 spernit
1724 3906 2111 4001 improvide
2149 3909 2451 3981 nutritus
2480 3909 2575 3980 ab
2605 3930 2688 3980 ea
2722 3917 2795 3980 et
2821 3909 3005 3980 ultra
3039 3910 3227 3982 vires
3258 3913 3367 3984 sui

540 4036 766 4108 meriti
796 4032 1355 4128 insuperabiliter
1385 4052 1510 4125 pre
1541 4030 1791 4103 ceteris
1822 4031 2206 4123 exaltatus,
2244 4054 2387 4103 non
2421 4032 2763 4103 immerito
2795 4032 3057 4104 divisus
3090 4034 3361 4128 existit,

545 4180 674 4254 per
696 4159 962 4232 litteras
987 4178 1149 4229 suas
1173 4155 1402 4244 vobis,
1421 4175 1620 4247 reges
1647 4163 1719 4226 et
1739 4155 2117 4251 principes,
2139 4156 2520 4227 destinatas
2548 4165 2706 4249 post
2737 4155 3184 4250 depositionis
3211 4180 3369 4231 sen·

550 4282 835 4354 tentiam
864 4303 1078 4376 quam
1112 4281 1182 4351 in
1221 4280 1450 4375 ipsum
1490 4278 1773 4351 tulimus
1804 4276 1907 4374 (a)
1934 4280 2027 4350 ob
2054 4279 2418 4349 innumera
2452 4278 2961 4373 nephandaque
2997 4279 3210 4376 ipsius
3240 4282 3364 4356 ssa·

550 4404 718 4496 gitia
746 4427 882 4498 que
913 4405 1174 4477 nedum
1203 4404 1275 4473 in
1304 4404 1768 4494 gubernatore
1791 4400 2091 4495 imperii,
2114 4422 2358 4473 verum
2391 4401 2599 4472 etiam
2633 4403 2910 4474 tolerari
2938 4426 3080 4478 non
3108 4378 3374 4515 debent·

638 4650 726 4733 (a)
768 4651 842 4713 In
868 4655 1151 4729 impresso
1172 4602 1465 4712 volumus.-
