4364 5738
1051 592 1174 654 532
2044 602 2475 669 vammum
2506 605 2871 669 'SECUNDI
2946 652 2960 660 .
3481 606 3641 693 [Ami.
3666 606 3861 670 1247}

1051 741 1120 802 et
1155 753 1284 805 nos
1324 734 1577 806 exinde
1609 735 1700 807 ad
1735 759 1816 809 ea
1849 760 1988 831 que
2027 741 2124 811 tui
2172 741 2451 816 honoris
2496 743 2924 817 incrementa
2964 743 3378 840 respiciunt,
3425 744 3584 818 licet
3622 746 3856 838 adjec-

1051 856 1236 930 tione
1265 859 1624 954 plenitudo
1655 884 1794 934 non
1826 874 2060 957 egeat,
2092 867 2335 940 fortius
2366 851 2855 961 astringamur.
3428 934 3440 941 .

1143 986 1391 1057 Datum
1423 986 1765 1081 Lugduni,
1804 989 2166 1064 1111nonas
2202 992 2392 1086 maii,
2428 994 2870 1090 pontificatus
2902 995 3118 1068 nostri
3149 1016 3334 1068 anno
3367 1003 3638 1089 quarto.

1487 1289 1794 1298 -————0-—4-

680 1555 947 1654 “mitt‘-
1056 1551 1060 1558 '
1152 1567 1613 1678 FridericuS,
1677 1571 2198 1656 Romanorum
2256 1575 2695 1682 imperator,
2754 1574 2840 1657 P.
2901 1574 2996 1657 de
3040 1572 3324 1656 Palude
3380 1595 3520 1654 suo
3564 1578 3639 1652 et
3695 1566 3851 1649 im—

1043 1703 1229 1811 perii
1257 1702 1533 1786 vicario
1572 1730 1617 1785 a
1652 1704 1880 1813 Papia
1919 1707 2265 1815 superius
2302 1708 2618 1790 mandat
2653 1718 2736 1791 ut
2760 1707 2957 1791 cives
2983 1707 3425 1817 PapienseS,
3459 1703 3522 1785 si
3551 1724 3850 1784 necesse

1043 1835 1309 1940 fuerit,
1353 1837 1826 1948 constringat
1868 1841 1967 1921 ad
2002 1866 2318 1922 censum
2355 1866 2490 1948 per
2525 1866 2653 1922 eos
2689 1866 2829 1949 pro
2877 1839 3045 1923 loco
3095 1838 3344 1922 Besati
3390 1832 3848 1919 monasterio

1041 1968 1294 2053 Sancti
1333 1971 1738 2054 Salvatoris
1784 1971 1879 2055 de
1927 1973 2157 2081 Papia
2194 1972 2534 2057 debitum
2572 1973 3139 2058 exsolvendum.
3806 1997 3846 2008 ‘·

1200 2186 1543 2267 (Memmflt-
1574 2204 1673 2265 ⁸1>-
1707 2186 2025 2267 ΒΟΒΗΜᾙΒ,
2054 2189 2279 2272 Requt.
2313 2190 2548 2270 imper„
2578 2208 2642 2269 p.
2673 2198 2813 2265 205,
2843 2199 2907 2250 n·
2939 2197 3125 2267 1128,
3155 2204 3232 2249 ex
3272 2190 3441 2266 copia
3473 2185 3741 2249 authent.
3770 2183 3845 2244 de

1274 2310 1435 2355 anno
1467 2299 1643 2368 1247,
1679 2301 1743 2354 ιι
1778 2296 1950 2374 mail,
1979 2295 2140 2373 apud
2166 2295 2461 2375 Papiam.)

1129 2483 1381 2555 Datum
1408 2481 1766 2575 Cremone‚
1798 2483 1859 2557 V
1894 2483 2086 2574 maii,
2116 2483 2357 2580 quinte
2383 2481 2801 2557 indictionis.

677 3052 910 3153 ffffi&
1133 3048 1615 3131 Innocentius
1672 3075 1869 3158 papa
1921 3050 2289 3131 cardinali
2347 3048 2601 3132 Sancti
2658 3046 2960 3158 Georgii
3011 3047 3109 3130 ad
3154 3045 3426 3130 Velum
3498 3045 3829 3128 Aureum

1026 3180 1342 3263 mandat
1394 3190 1480 3263 ut
1530 3181 1768 3289 possit
1821 3180 2159 3265 relaxare
2224 3183 2633 3266 sententias
2687 3181 2785 3265 ab
2844 3181 3078 3264 electo
3141 3179 3598 3264 Ferrariensi
3639 3178 3828 3260 latas

1024 3313 1120 3397 de
1172 3340 1327 3397 non
1391 3315 1906 3399 contrahendo
1981 3315 2464 3400 matrimonio
2523 3318 2718 3399 inter
2784 3316 3286 3425 Margaretam
3357 3311 3828 3424 imperatoris

1021 3447 1377 3531 Friderici
1419 3447 1655 3529 filiam
1709 3459 1784 3531 et
1820 3448 2217 3532 Albertum
2263 3449 2721 3533 marchionis
2769 3449 3167 3532 Misnensis
3211 3448 3499 3553 filium,
3546 3472 3694 3569 pro
3740 3470 3828 3529 eo

1022 3582 1232 3690 quod
1276 3580 1607 3690 puellam
1654 3583 2001 3664 eamdem
2047 3583 2527 3666 Hermannus
2575 3581 2887 3665 Alberto
2944 3584 3160 3666 tertio
3208 3581 3454 3690 gradu
3505 3583 3824 3663 attinens

1013 3713 1173 3824 jam
1232 3724 1405 3797 ante
1457 3716 1987 3823 desponsarat,
2041 3743 2283 3825 quum
2328 3716 2668 3800 marchio
2723 3716 3117 3800 Misnensis
3167 3715 3265 3798 ad
3318 3713 3821 3823 Apostolicam

1020 3848 1292 3931 Sedem
1356 3848 1841 3958 appellaverit
1908 3850 2239 3933 duorum
2309 3851 2912 3960 copulandorum
2980 3848 3439 3934 imbecillam
3507 3857 3819 3932 aetatem

1017 3983 1487 4093 exponendo.

1182 4200 1420 4274 (Inedit.
1455 4216 1531 4260 ex
1559 4202 1758 4279 regist.
1791 4201 1988 4261 Innoc.
2020 4217 2121 4278 pp.
2153 4201 2261 4277 lv,
2292 4203 2353 4260 in
2378 4201 2541 4261 arch.
2575 4201 2714 4265 Vat.
2745 4217 2885 4262 ann.
2917 4198 3027 4276 IV,
3056 4202 3227 4278 epist.
3261 4207 3402 4279 620,
3431 4197 3536 4259 rol.
3567 4206 3813 4276 383,ap.

1252 4305 1482 4366 collect.
1510 4306 1584 4367 de
1612 4307 1698 4368 La
1724 4307 1898 4366 Porta
1922 4307 2003 4367 du
2032 4307 2225 4381 Thau,
2256 4309 2319 4367 in
2346 4305 2498 4368 Bibl.
2531 4308 2727 4371 Cesar.
2759 4305 2976 4386 Paris.)

1109 4493 1577 4585 Innocentius,
1615 4504 1783 4586 etc„
1813 4493 2015 4567 Petro
2056 4495 2276 4567 sancti
2312 4496 2584 4590 Georgii
2615 4496 2707 4568 ad
2740 4495 2985 4567 Velum
3017 4494 3324 4566 Aureum
3350 4492 3643 4565 diacono
3668 4511 3815 4561 car-

1011 4617 1256 4711 dinali,
1274 4617 1668 4715 Apostolice
1696 4619 1895 4692 Sedis
1919 4621 2174 4713 legato,
2215 4630 2349 4694 etc.
2374 4621 2701 4694 Exhibita
2732 4620 2936 4693 nobis
2962 4620 3215 4693 nobilis
3245 4618 3377 4691 viri
3406 4613 3818 4688 marchionis

1006 4743 1368 4818 Misnensis
1411 4744 1653 4839 petitio
1696 4745 2095 4819 continebat
2141 4746 2371 4840 quod,
2410 4767 2568 4819 cum
2605 4747 2790 4820 idem
2824 4766 3061 4819 secum
3105 4752 3339 4818 teneat
3363 4743 3813 4835 margaretam
