4364 5738
738 1329 761 1372 1
764 1340 793 1370 ιι
807 1331 965 1372 euti-tn

705 1382 972 1479 mzlffim

714 1490 760 1531 tn
773 1488 937 1531 Colono
947 1517 963 1542 ‚

769 1542 909 1593 junio.

1081 539 1163 598 56
2075 541 2497 600 rmnmuct
2550 541 2894 602 saeuum
3516 545 3676 630 [Anu.
3715 548 3886 609 ιω.

1082 674 1286 747 tionis
1348 675 1710 749 millesimo
1797 676 2275 748 ducentesimo
2348 675 2878 767 quadragesimo
2948 677 3303 768 secundo,
3376 700 3610 752 mense
3671 683 3887 773 junii,

1079 798 1586 891 quintedecime
1614 800 2035 872 indictioniS.

1502 1077 2308 1087 0-——0—--—----=·—--—.-—--.-..-
2575 1076 3006 1083 .-<->„--,-—.-..,
3031 1077 3094 1082 ---
3125 1076 3142 1082 —
3175 1078 3184 1081 v
3216 1077 3248 1083 0-
3273 1077 3376 1083 2---2
3399 1076 3454 1085 ..-

1178 1326 1632 1430 FridericuS‚
1673 1326 2189 1408 Romanorum
2228 1321 2667 1431 imperator,
2701 1321 3046 1404 Heinrico
3073 1322 3612 1433 Bambergensi
3651 1324 3879 1406 electo

1073 1461 1208 1542 dat
1260 1458 1640 1540 licentiam
1705 1457 2026 1539 cudendi
2086 1467 2468 1537 monetam
2523 1478 2801 1535 novam
2859 1455 3064 1562 apud
3118 1454 3493 1538 Villacum
3551 1466 3625 1537 et
3680 1455 3878 1564 apud

1078 1590 1591 1698 Griven‚quae
1627 1587 2041 1669 Frisacensi
2080 1597 2427 1669 monetae
2464 1580 2968 1695 aequipolleat
3002 1585 3079 1667 in
3119 1588 3449 1695 pondere
3485 1599 3559 1670 et
3594 1588 3869 1670 valore.

1229 1790 1411 1866 (Edit.
1442 1792 1505 1849 tn
1532 1790 1856 1859 Lunnwm,
1901 1788 2119 1866 δατ-ἐμ.
2153 1803 2273 1847 rer.
2311 1782 2533 1858 Rama,
2565 1792 2613 1845 t.
2645 1787 2707 1860 1,
2741 1803 2800 1862 p.
2840 1795 3015 1847 11⁴8.
3040 1820 3121 1833 -
3156 1788 3381 1859 Lumo,
3413 1784 3617 1867 spicit.
3660 1783 3869 1863 eccles„

1307 1911 1443 1971 pars
1460 1895 1540 1966 11,
1563 1900 1610 1955 t.
1643 1895 1836 1967 xvll,
1864 1912 1925 1970 p.
1960 1903 2057 1954 80.
2093 1928 2174 1938 —
2211 1894 2597 1963 Hxnuonn,
2635 1892 2772 1953 cod.
2808 1893 3039 1969 probat.
3079 1895 3156 1954 ad
3192 1892 3428 1955 Deduct.
3477 1892 3618 1954 fiber
3662 1890 3865 1953 nau-tle.

1305 2011 1372 2060 11⁰
1403 2010 1500 2060 30.
1530 2031 1612 2045 -
1638 2001 2033 2071 Ussumnn,
2065 2000 2257 2079 Episc.
2299 1996 2527 2070 Bamh„
2555 2016 2611 2076 p.
2663 2006 2797 2059 152.
2822 2031 2898 2042 —
2928 1998 3266 2069 Homnvn,
3319 2001 3504 2061 Wien.
3540 1996 3872 2074 Archivfitr

1311 2105 1527 2178 Gau-Ia.⁹
1566 2107 1771 2184 Jahrg.
1809 2115 1982 2178 1826,
2026 2124 2086 2182 p.
2121 2114 2261 2178 612,
2305 2108 2367 2164 tn
2396 2112 2556 2165 nota.
2588 2136 2668 2148 —
2693 2105 2772 2164 Et
2793 2121 2891 2180 ap.
2924 2104 3186 2164 Monam.
3214 2105 3420 2180 Boion,
3450 2114 3596 2166 tom.
3641 2103 3865 2181 XXXI,

1302 2230 1439 2289 pars
1464 2213 1515 2285 1,
1545 2228 1607 2287 p.
1640 2220 1778 2285 575,
1814 2229 1847 2272 e
1872 2212 2004 2272 cod.
2039 2228 2167 2288 cop.
2203 2211 2381 2271 seculi
2410 2209 2602 2284 XIII.)

1157 2392 1624 2490 Fr(idericus)‚
1661 2394 1786 2466 Dei
1808 2395 2031 2485 gratia
2060 2396 2529 2467 Romanorum
2565 2394 2942 2488 imperator
2980 2415 3256 2491 semper
3285 2405 3643 2489 augustus,
3673 2398 3867 2468 Jeru-

1061 2521 1274 2592 salem
1296 2527 1368 2589 et
1392 2517 1620 2588 Sicilie
1645 2537 1799 2604 rex,
1814 2516 2155 2587 universis
2184 2516 2451 2611 imperii
2472 2515 2794 2589 fidelibus
2809 2528 3162 2612 presentes
3181 2519 3440 2589 litteras
3462 2518 3867 2613 inspecturis

1059 2641 1352 2734 gratiam
1376 2661 1571 2711 suam
1600 2649 1671 2710 et
1695 2660 1903 2711 omne
1932 2639 2272 2711 bonum.J
2278 2640 2444 2711 ustis
2459 2640 2766 2712 fidelium
2801 2614 2879 2713 et·
2900 2640 3306 2714 devotorum
3338 2651 3729 2713 nostrorum
3756 2661 3867 2736 pe-

1062 2764 1419 2837 titionibus
1448 2775 1764 2850 tenemur
1804 2763 2367 2837 condescendere
2412 2774 2484 2836 et
2519 2763 2885 2858 providere
2923 2766 3230 2860 ipsorum
3270 2764 3866 2838 commoditatibus

1060 2899 1132 2962 et
1161 2889 1572 2981 augmentis.
1600 2888 1775 2959 Hinc
1804 2899 1909 2959 est
1940 2888 2151 2980 igitur
2176 2888 2368 2981 quod
2391 2910 2519 2960 nos
2545 2889 2882 2960 habentes
2911 2910 3037 2985 pre
3066 2890 3285 2962 oculis
3311 2888 3564 2963 devota
3590 2890 3864 2961 servitia

1057 3036 1194 3108 que
1221 3013 1421 3084 nobis
1450 3022 1520 3083 et
1549 3012 2101 3106 progenitoribus
2129 3013 2380 3084 nostris
2408 3033 2449 3083 a
2473 3013 3032 3104 Babenbergensi
3051 3013 3341 3084 ecclesia
3365 3024 3526 3084 sunt
3556 3012 3863 3085 exhibita

1055 3147 1127 3209 et
1146 3158 1283 3229 que
1302 3136 1591 3207 dilectus
1602 3136 1923 3229 princeps
1943 3136 2543 3207 nosterHeinricus
2559 3136 2978 3208 venerabilis
2996 3136 3587 3228 Babenbergensis
3606 3138 3860 3210 electus

1054 3260 1125 3331 in
1149 3268 1351 3331 antea
1382 3259 1582 3331 nobis
1616 3258 1866 3352 poterit
1882 3257 2241 3346 exhibere,
2263 3269 2343 3331 ut
2370 3261 2660 3331 ecclesia
2681 3281 2804 3331 sua
2834 3281 2971 3352 que
2999 3259 3401 3355 precedenti
3436 3271 3745 3356 tempore
3774 3283 3861 3332 ex

1052 3383 1322 3454 malicia
1356 3382 1684 3475 temporis
1716 3390 1788 3452 et
1821 3403 1948 3476 pro
1982 3381 2259 3453 defectu
2290 3383 2586 3477 pastoris
2618 3382 2852 3454 idonei
2883 3383 2953 3453 in
2981 3384 3220 3454 multis
3250 3392 3505 3454 vexata
3534 3383 3765 3455 extitit
3795 3391 3861 3454 et

1053 3507 1325 3578 turbata
1356 3515 1427 3576 et
1453 3504 1650 3595 gravi
1686 3514 1791 3576 est
1823 3504 2215 3575 debitorum
2246 3526 2458 3576 onere
2491 3505 2831 3597 involuta,
2864 3505 3131 3578 facilius
3163 3507 3392 3578 valeat
3419 3506 3758 3602 respirare
3792 3513 3857 3577 et

1046 3631 1118 3702 in
1146 3640 1402 3701 statum
1431 3628 1792 3722 pristinum
1809 3628 2194 3719 reformari,
2225 3629 2472 3700 damus
2487 3629 2551 3700 ei
2573 3629 2918 3701 licentiam
2939 3628 3222 3724 utapud
3233 3630 3575 3734 villacum
3600 3649 3855 3702 novam

1045 3764 1395 3828 monetam
1461 3751 1621 3824 cudi
1672 3751 1879 3822 saciat
1926 3772 2063 3845 que
2103 3751 2484 3823 Frisacensi
2530 3762 2806 3824 monete
2853 3751 3276 3848 equipolleat
3318 3752 3389 3823 in
3432 3753 3742 3847 pondere
3788 3761 3853 3824 et

1043 3878 1309 3967 valore,
1346 3885 1416 3948 et
1442 3874 1632 3970 apud
1673 3874 1928 3945 Griven
1971 3873 2286 3946 eamdem
2333 3874 2462 3945 sibi
2498 3875 2791 3966 gratiam
2829 3875 2918 3946 de
2959 3875 3163 3946 simili
3208 3886 3487 3947 moneta
3533 3875 3851 3948 cudenda

1042 4000 1371 4073 duximus
1404 3997 1818 4071 faciendam.
1849 3998 2078 4083 Quare
2115 3997 2528 4068 mandamus
2578 4007 2648 4069 et
2684 3998 3104 4092 precipimus
3146 3998 3583 4071 universitati
3626 4010 3853 4071 vestre

1039 4133 1381 4216 quatenus
1413 4124 1646 4195 nullus
1678 4123 1767 4194 sit
1797 4121 2016 4214 quiin
2041 4120 2380 4192 cudendis
2413 4121 2708 4193 monetis
2739 4121 3096 4216 predictis,
3129 4121 3405 4212 dandis,
3440 4121 3851 4217 recipiendis

1036 4246 1201 4340 ipsis
1234 4245 1534 4318 denariis
1566 4255 1636 4318 et
1671 4244 2011 4340 ponendis
2027 4244 2310 4338 aliquod
2343 4244 2912 4338 impedimentum
2951 4246 3205 4317 inferre
3239 4255 3613 4340 presumat.
3647 4245 3851 4331 Quod

1033 4370 1155 4463 qui
1182 4369 1676 4463 presumpserit
1707 4368 2252 4460 indignationem
2268 4369 2481 4439 nostri
2505 4369 2824 4441 culminis
2852 4391 2925 4441 se
2951 4370 3227 4441 noverit
3253 4369 3718 4441 incursurum.
3739 4367 3848 4440 Ad

1033 4493 1232 4583 cujus
1288 4490 1385 4561 rei
1437 4491 1837 4561 memoriam
1891 4512 2174 4585 presens
2214 4493 2546 4587 scriptum
2597 4491 2746 4565 fieri
2797 4503 2868 4566 et
2911 4493 3287 4587 majestatis
3330 4502 3565 4566 nostre
3621 4491 3846 4587 sigillo

1024 4615 1355 4708 jussimus
1388 4613 1822 4686 communiri.
