4364 5738
704 3987 752 4046 [J
755 3987 884 4039 ullo.)

1009 608 1135 672 202
1895 680 1902 686 ,
2011 609 2441 675 rnrnsmcr
2489 611 2836 675 saeuum
3455 608 3621 690 [An.
3649 610 3829 673 12st

1014 743 1428 839 disponente
1444 743 1699 835 vocati,
1718 743 1899 816 adeo
1921 757 2283 819 mansuete
2302 747 2372 818 in
2395 746 2772 820 &amandis
2789 745 3095 818 Ecclesia
3120 744 3416 837 negotiis
3432 745 3837 819 noshabue·

1013 867 1265 959 rimuS,
1312 865 1385 938 in
1425 867 1612 940 bono
1655 869 1916 939 malum
1947 871 2156 961 juxta
2196 872 2491 943 verbum
2524 870 2839 967 Apostoli
2879 870 3162 941 vincere
3201 870 3604 965 cupientes,
3642 868 3836 964 qnod

1013 991 1216 1064 nobis
1235 991 1498 1065 exinde
1514 992 1793 1087 plurimi
1816 994 1905 1066 de
1928 994 2139 1065 nimie
2161 994 2571 1068 humilitatis
2585 993 2961 1067 instancias
2979 992 3078 1091 (Ρ)
3093 992 3592 1086 detrahebantg
3614 1012 3834 1089 quare

1011 1116 1088 1189 id
1128 1137 1270 1188 non
1304 1114 1637 1210 proficere
1679 1118 1804 1190 sed
1845 1118 2075 1214 potius
2115 1119 2394 1192 officere
2436 1119 2837 1211 videbatur,
2878 1140 3040 1191 cum
3080 1118 3354 1212 quoties
3387 1139 3628 1191 ansam
3660 1118 3832 1191 solvi

1011 1241 1293 1339 penitus
1335 1242 1817 1336 sperabamus,
1870 1252 2034 1315 mne
2078 1265 2205 1338 per
2245 1244 2795 1338 interiectionem
2839 1229 3184 1315 obstaculi
3232 1242 3402 1315 nodi
3452 1243 3837 1339 apparebat

1016 1365 1509 1439 indissolubilis
1552 1366 1879 1457 ligatura3
1927 1388 2055 1439 nos
2096 1367 2499 1461 diligentius
2533 1367 2974 1439 attendentes
3012 1366 3204 1461 quod
3236 1375 3494 1439 summ
3527 1367 3834 1441 Ecclesia

1015 1488 1288 1563 devotis
1313 1489 1510 1560 Sedis
1527 1488 1922 1582 Apostolice
1945 1511 2090 1562 non
2118 1501 2519 1586 poteramus
2542 1492 2785 1581 libere,
2806 1512 2968 1563 cum
2989 1490 3084 1563 de
3110 1490 3312 1562 nobis
3333 1490 3467 1563 ad
3444 1511 3636 1586 ipsos
3662 1491 3836 1564 liber

1016 1635 1160 1687 non
1191 1622 1375 1686 esset
1403 1614 1753 1706 transitus,
1777 1615 2134 1705 nunciare,
2155 1617 2495 1707 elegimus
2516 1616 2750 1712 potius
2777 1614 3209 1710 dispositioni
3234 1635 3365 1687 nos
3384 1614 3625 1687 divine
3651 1635 3836 1688 com·-

1017 1738 1293 1812 mittere
1325 1758 1536 1831 quam
1577 1739 1791 1809 artari
1830 1739 2057 1811 taliter
2101 1740 2172 1811 in
2212 1741 2665 1835 opprobrium
2696 1740 3157 1813 ecclesiastice
3194 1738 3554 1811 libertatis
3584 1740 3835 1835 Sioqne

1015 1864 1212 1958 apud
1231 1863 1590 1935 Civitatem
1607 1863 1927 1934 Veterem
1941 1861 2042 1960 (a)
2066 1863 2158 1937 ad
2177 1886 2387 1957 quam
2405 1865 2761 1961 inopinate
2783 1864 3301 1958 quodammodo
3312 1863 3836 1956 venimus,qnia

1017 1988 1120 2061 sic
1146 1985 1297 2059 fieri
1329 1996 1613 2083 propter
1637 1986 1981 2059 maliciam
2021 1988 2350 2083 temporis
2380 1990 2782 2084 oportebat,
2820 2010 3016 2060 mare
3046 1987 3274 2084 pridie
3318 1988 3649 2060 kalendas
3680 1985 3834 2081 julii

1022 2111 1502 2203 ascendenteS,
1523 2112 1815 2183 Januam
1834 2133 1994 2183 oum
2017 2122 2254 2183 nostra
2280 2124 2353 2184 et
2374 2113 2665 2184 fratrum
2683 2123 3078 2185 nostrorum
3105 2133 3189 2184 ac
3210 2112 3503 2184 aliorum
3522 2112 3834 2184 omnium

1021 2237 1143 2333 qui
1174 2237 1535 2309 nobiscum
1559 2245 1900 2308 venerant
1927 2236 2255 2308 comitiva
2286 2237 2495 2331 plena
2519 2236 2975 2332 prosperitate
2997 2234 3457 2331 applicuimus
3483 2246 3557 2307 et
3580 2237 3827 2308 salute.

1023 2361 1191 2434 Cum
1227 2382 1395 2456 ergo
1424 2382 1549 2454 per
1580 2360 1702 2430 Dei
1732 2359 2020 2452 gratiam
2044 2360 2193 2452 jam
2235 2359 2449 2430 simus
2481 2360 2553 2430 in
2592 2361 2745 2432 loco
2785 2361 2906 2432 ubi
2947 2361 3034 2433 de
3067 2370 3302 2432 vestro
3335 2358 3621 2432 consilio
3663 2380 3837 2452 quos

1021 2486 1356 2581 speciales
1387 2484 1566 2555 inter
1597 2484 1769 2554 alios
1800 2482 2090 2555 devotos
2122 2482 2322 2554 Sedis
2345 2483 2739 2577 Apostolioe
2764 2494 3195 2579 reputamuS,
3227 2504 3310 2555 ea
3337 2504 3474 2576 que
3509 2482 3601 2553 ad
3637 2483 3836 2553 exal·

1021 2610 1353 2682 tationem
1385 2606 1576 2696 fidei,
1603 2608 1865 2678 bonum
1900 2617 2152 2678 statum
2179 2608 2486 2679 Ecclesie
2518 2629 2601 2680 ac
2637 2609 3205 2703 tranquillitatem
3244 2607 3453 2678 totius
3487 2604 3837 2679 christiani

1020 2733 1260 2830 populi
1293 2732 1676 2828 pertinent,
1708 2752 1850 2824 quo
1892 2731 2173 2803 liberius
2206 2752 2291 2803 eo
2331 2732 2567 2803 utilius
2608 2730 2977 2828 disponere
3017 2733 3356 2827 possimus
3397 2741 3466 2802 et
3504 2738 3832 2821 tractare,

1020 2858 1541 2932 universitatem
1582 2865 1889 2928 vestram
1939 2877 2343 2946 monemus,
2392 2876 2719 2950 rogamus
2764 2863 2835 2928 et
2874 2852 3239 2929 hortamur
3282 2876 3412 2951 per
3458 2854 3836 2951 apostolica

1018 2983 1220 3057 vobis
1259 2983 1520 3076 scripta
1563 2981 1975 3053 mandantes
2019 2990 2369 3075 quatenus
2410 2979 2482 3051 in
2514 2978 2909 3076 Apostolice
2942 2977 3147 3053 Sedis
3190 2976 3563 3052 devotione
3611 2977 3840 3051 taliter

1018 3105 1346 3179 firmitate
1373 3104 1578 3178 solita
1604 3104 1989 3200 persistatis
2019 3104 2211 3196 qnod
2237 3122 2368 3176 nos
2394 3103 2519 3197 qni
2550 3104 2814 3174 bonum
2839 3111 3096 3176 statum
3123 3112 3431 3175 vestrum
3456 3110 3527 3173 et
3542 3100 3840 3174 aliorum

1019 3229 1436 3302 devotorum
1469 3227 1772 3300 Ecclesie
1806 3228 1965 3300 totis
1996 3227 2359 3299 conatibus
2387 3228 2748 3321 querimus
2778 3236 2854 3299 et
2888 3228 3236 3323 quietem,
3266 3226 3366 3299 ad
3404 3226 3838 3322 procuranda

1023 3362 1255 3426 vestra
1280 3351 1645 3424 commoda
1679 3352 1982 3423 strictius
2012 3352 2427 3445 obligemur.

1129 3961 1554 4046 Fridericus
1573 4019 1598 4065 ,
1664 3956 2184 4040 Romanorum
2247 3956 2689 4064 imperator,
2744 3951 2931 4062 regi,
2976 3952 3414 4061 Hungariae
3471 3950 3841 4061 significat

1023 4097 1217 4207 quid
1265 4095 1509 4205 egerit
1560 4091 1659 4174 ad
1704 4089 2152 4173 electionem
2209 4088 2388 4172 novi
2436 4086 2812 4197 pontificis
2867 4086 3464 4194 procurandam,
3518 4083 3843 4194 qualiter

1029 4231 1340 4313 demum
1377 4227 1612 4309 electo
1639 4249 1903 4334 pacem
1932 4221 2292 4305 obtulerit
2326 4232 2401 4305 et
2437 4247 2609 4330 spes
2644 4221 3092 4304 concordiae
3128 4219 3228 4304 ab
3262 4218 3621 4305 omnibus
3646 4242 3840 4302 oon-

1031 4369 1245 4468 cepta
1280 4358 1691 4442 evanuerit.

1193 4546 1382 4626 (Edit.
1411 4561 1513 4622 ap.
1542 4545 1705 4606 Par.
1729 4543 1804 4606 do
1832 4543 2181 4624 Vinaepfit„
2203 4544 2309 4605 ub.
2334 4542 2392 4622 1,
2419 4559 2475 4604 c.
2496 4541 2755 4621 xxm,
2776 4555 2914 4605 em
2936 4538 3054 4604 hoc
3069 4539 3248 4603 tituto
3277 4559 3294 4602 ε
3323 4536 3677 4610 maa-seue,
3690 4532 3845 4617 fide·

1115 4734 1199 4815 (a)
1243 4735 1314 4795 In
1340 4734 1625 4809 impresso
1651 4737 1930 4807 nostram,
1955 4730 2130 4790 male.
