4364 5738
948 610 1026 672 14
1938 600 2361 664 rainnmct
2412 604 2753 665 saeuum
3384 607 3546 689 [An.
3587 609 3761 671 1241.

946 742 1167 838 gratia
1237 734 1761 823 confirmantes,
1822 735 2012 806 salva
2085 735 2156 805 in
2225 738 2551 810 omnibus
2622 736 2961 833 imperiali
3025 739 3324 830 justitia.
3391 741 3771 817 Statuimus

950 869 1184 961 itaque
1241 872 1312 935 et
1350 859 1685 956 imperiali
1729 857 2076 930 sancimus
2124 859 2354 933 edicto
2402 860 2691 933 firmiter
2731 861 3172 953 injungentes
3217 875 3564 956 quatenus
3609 868 3767 938 nul-

951 993 1058 1063 lus
1085 989 1174 1060 sit
1204 987 1324 1080 qui
1358 996 1497 1056 tam
1538 982 1799 1054 dictum
1840 982 2162 1053 abbatem
2208 981 2484 1056 fidelem
2518 993 2835 1056 nostrum
2875 1005 3086 1076 quam
3130 1008 3564 1061 successores
3605 1012 3769 1064 suos

951 1135 1074 1186 seu
1138 1110 1522 1207 predictum
1591 1105 2083 1178 monasterium
2143 1106 2376 1179 Sancti
2434 1108 2809 1180 Salvatoris
2864 1119 3105 1180 contra
3161 1113 3501 1205 presentis
3563 1114 3772 1207 privi-

949 1235 1109 1327 legii
1145 1233 1360 1306 nostri
1395 1241 1705 1303 tenorem
1736 1250 1911 1299 ausu
1948 1231 2312 1302 temerario
2344 1230 2766 1323 inquietare,
2805 1232 3173 1304 molestare
3206 1254 3329 1305 seu
3361 1237 3770 1329 perturbare

948 1366 1328 1456 presumat.
1360 1353 1564 1442 Quod
1591 1353 1711 1446 qui
1738 1353 2236 1447 presumpserit
2267 1354 2813 1446 indignationem
2846 1354 3169 1428 culminis
3201 1358 3417 1430 nostri
3454 1380 3528 1430 se
3563 1381 3775 1433 nove-

948 1484 1040 1553 rit
1071 1482 1504 1552 incursurum
1533 1485 1603 1548 et
1628 1476 2129 1570 quinquaginta
2158 1477 2366 1550 libras
2400 1478 2550 1549 auri
2578 1478 2819 1572 optimi
2839 1500 2968 1572 pro
2991 1502 3173 1574 pena
3196 1482 3766 1575 compositurum,

949 1625 1244 1699 quarum
1272 1601 1608 1673 medietas
1635 1598 1802 1671 fisco
1834 1609 2069 1672 nostro
2101 1609 2172 1671 et
2204 1601 2466 1694 reliqua
2499 1602 2836 1673 medietas
2865 1603 3083 1697 passis
3116 1605 3438 1696 injuriam
3473 1607 3773 1701 applice-

951 1738 1088 1801 tur.
1120 1727 1232 1801 Ad
1269 1726 1476 1817 hujus
1507 1733 1740 1797 autem
1776 1724 2240 1795 innovationis
2282 1735 2517 1796 nostre
2564 1734 2634 1796 et
2678 1724 3220 1799 confirmationis
3265 1730 3666 1800 memoriam
3704 1739 3774 1800 et

951 1852 1167 1925 robur
1207 1860 1542 1945 perpetuo
1570 1848 1973 1937 valiturum,
2010 1869 2298 1942 presens
2335 1847 2771 1943 privilegium
2816 1847 2964 1921 fieri
3017 1862 3087 1922 et
3128 1852 3352 1944 sigillo
3396 1853 3778 1944 majestatis

950 1987 1185 2049 nostre
1205 1974 1534 2066 jussimus
1562 1970 1995 2043 communiri.

1047 2102 1264 2192 Hujus
1295 2099 1395 2170 rei
1432 2106 1640 2169 testes
1675 2105 1838 2167 sunt
1868 2095 2333 2168 Berthuoldus
2370 2096 2788 2169 venerabilis
2834 2095 3224 2193 patriarcha
3274 2096 3769 2191 Aquilejensis,

950 2226 1242 2298 dilectus
1269 2224 1591 2317 princeps
1610 2231 1875 2308 noster,
1904 2219 2249 2291 Berardus
2269 2221 2794 2293 Panormitanus
2822 2220 3405 2315 archiepiscopuS,
3424 2221 3776 2294 Odcrisius

952 2350 1316 2443 episcopus
1352 2345 1814 2433 Marsicanus‚
1845 2342 2184 2414 Henricus
2233 2342 2323 2414 de
2367 2345 2594 2415 Morra
2642 2365 2893 2436 magne
2943 2344 3134 2415 curie
3176 2352 3410 2416 nostre
3450 2345 3780 2437 magister

945 2472 1390 2565 justitiariuS,
1424 2468 1745 2539 Taddeus
1773 2467 1862 2538 de
1896 2466 2145 2537 Suessa
2173 2465 2485 2556 ejusdem
2520 2487 2770 2559 magne
2806 2467 2996 2539 curie
3028 2476 3264 2538 nostre
3285 2466 3548 2559 judex,
3589 2469 3775 2539 Hen-

955 2597 1138 2667 ricus
1174 2594 1262 2666 de
1288 2592 1571 2666 Catania
1597 2590 1772 2662 sacri
1805 2589 2073 2682 imperii
2107 2589 2657 2683 protonotariuS,
2696 2599 2766 2661 et
2795 2591 2912 2661 alii
2945 2592 3416 2686 quamplureS.

1053 2718 1340 2809 Signum
1358 2714 1618 2786 domini
1651 2712 1866 2784 nostri
1897 2711 2222 2784 Friderici
2256 2714 2569 2804 secundi,
2589 2714 2712 2785 Dei
2735 2715 2957 2806 grafia
2983 2714 3412 2787 invictissimi
3438 2714 3780 2786 Romano·

956 2867 1110 2919 rum
1141 2839 1571 2937 imperatoris
1597 2858 1872 2932 semper
1898 2835 2208 2930 augusti,
2229 2837 2599 2909 Ierusalem
2631 2847 2699 2909 et
2726 2837 2953 2909 Sicilie
2981 2837 3164 2931 regis
3193 2837 3773 2935 (Monoyramma).

1054 2968 1227 3040 Acta
1259 2975 1422 3039 sunt
1451 2963 1583 3036 hec
1612 2984 1797 3035 anno
1829 2962 2173 3034 dominice
2202 2962 2695 3034 incarnationis
2717 2963 3083 3035 millesimo
3112 2963 3587 3035 ducentesimo
3614 2984 3782 3056 qua·

958 3092 1347 3185 dragesimo
1379 3088 1637 3184 primo,
1670 3108 1906 3158 mense
1940 3085 2355 3177 decembriS,
2396 3086 2907 3178 quintodecimo
2943 3086 3367 3179 indictionis,
3399 3087 3777 3183 imperante

962 3216 1243 3289 domino
1279 3221 1516 3285 nostro
1564 3210 1926 3283 Frederico
1962 3211 2087 3282 Dei
2119 3212 2340 3302 gratia
2378 3210 2824 3283 invictissimo
2856 3212 3326 3283 Romanorum
3366 3211 3778 3307 imperatore

962 3360 1235 3432 semper
1276 3344 1610 3429 augusto,
1649 3335 2020 3405 Ierusalem
2075 3343 2145 3404 et
2193 3333 2420 3405 Sicilie
2467 3355 2670 3425 rege,
2711 3334 2983 3430 imperii
3031 3336 3181 3427 ejus
3222 3355 3409 3406 anno
3449 3335 3779 3407 vicesimo

962 3462 1308 3551 secundo,
1347 3458 1541 3550 regni
1573 3458 1944 3528 Ierusalem
1977 3457 2272 3551 septimo
2323 3456 2594 3529 decimo
2616 3509 2635 3548 ‚
2673 3458 2871 3550 regni
2912 3479 3080 3532 vero
3120 3459 3348 3532 Sicilie
3380 3459 3774 3553 quadrage-

961 3587 1138 3661 simo
1170 3593 1443 3678 quarto,
1482 3581 1793 3654 feliciter.
1829 3580 2079 3652 Amen.

1062 3704 1367 3806 [Datum]
1377 3758 1770 3778 .......
1811 3703 1960 3800 (l),
1991 3724 2212 3793 anno,
2253 3714 2597 3777 meuse-et
2627 3704 3002 3777 indictione
3036 3705 3388 3800 predictis.

558 4262 851 4332 “dgegngrfi
876 4263 911 4277 ··
1076 4223 1534 4329 Fridericus,
1600 4223 2122 4306 Romanorum
2195 4222 2643 4331 imperator,
2712 4221 3189 4333 privilegium
3251 4248 3298 4304 a
3359 4231 3572 4330 patre
3644 4245 3783 4303 suo

970 4356 1289 4439 Henrico
1326 4368 1534 4439 sexto
1578 4356 1856 4438 civitati
1894 4354 2246 4466 Eugubio
2291 4380 2733 4438 concessum
2779 4364 3093 4438 renovat
3128 4364 3202 4436 et
3237 4353 3668 4436 confirmat.

1037 4625 1114 4698 (l)
1150 4622 1481 4682 obliteratur
1507 4622 1710 4679 notatio
1745 4621 1873 4692 loci,
1914 4620 2065 4680 urbis
2091 4621 2314 4693 Apuliae
2342 4621 2625 4694 cujusdam
2661 4627 2717 4680 et
2741 4621 3103 4680 verisimiliter
3128 4622 3313 4695 Foqt’o.
3342 4622 3406 4679 ln
3441 4619 3632 4678 charta
3663 4620 3784 4678 Me-

970 4719 1267 4780 diolanensi
1296 4720 1490 4794 legitur
1512 4720 1710 4793 quue,
1739 4735 1806 4776 ex
1829 4716 2062 4777 evidenti
2084 4720 2412 4776 notariorum
2438 4718 2738 4776 Tuscorum
2766 4718 3074 4778 oscitantia.
