4364 5738
545 599 746 668 Ιιωιετ.
776 597 865 674 3.]
1432 594 1827 658 HISTORIA
1873 595 2468 658 manufirma,
3234 594 3354 657 257

544 732 740 804 nullo
774 730 1148 804 certamine
1186 749 1319 801 nec
1364 724 1638 828 [prelio]
1675 732 1790 803 vel
1836 730 2158 805 simulato
2199 731 2592 819 commisso,
2629 731 2701 801 in
2753 738 3024 826 partem
3064 729 3356 803 alteram

545 855 621 926 in
654 875 869 948 quam
910 853 1124 926 corda
1161 852 1566 925 direxerant
1606 874 1899 949 corpora
1940 856 2466 927 transtulerunt.
2498 855 2841 926 Dissoluta
2870 862 3188 949 preterea
3224 873 3354 925 ne·

545 977 912 1069 gligentia,
942 977 1156 1071 pestis
1194 976 1518 1048 ultimum
1559 998 1784 1068 genus
1825 998 1984 1049 cum
2034 977 2124 1051 de
2175 979 2398 1050 salute
2438 986 2768 1068 certatur,
2804 997 3010 1048 omne
3041 985 3356 1048 nostrum

545 1100 928 1196 periculum
978 1100 1287 1171 cumulat
1327 1109 1402 1173 et
1452 1100 1741 1172 exitium
1797 1101 2282 1192 comminatur,
2335 1123 2497 1173 cum
2546 1101 2720 1193 legis
2770 1099 3160 1172 orthodoxe
3209 1100 3354 1194 pri·

547 1244 776 1298 mores
822 1221 1051 1318 (quod
1100 1245 1243 1295 non
1293 1223 1446 1295 sine
1489 1245 1744 1316 magno
1794 1223 2035 1297 dolore
2079 1223 2524 1321 scribimus),
2577 1243 2821 1296 omnes
2871 1221 3357 1295 universaliter

548 1347 921 1422 orthodoxi
986 1348 1245 1422 nedum
1309 1347 1503 1441 qnod
1552 1348 1641 1422 de
1703 1349 2139 1444 reparatione
2209 1359 2352 1422 tam
2406 1350 2703 1422 luctuosi
2755 1347 3100 1444 dispendii
3165 1348 3356 1439 cogi-

553 1481 731 1563 tent,
787 1472 1050 1544 nedum
1099 1471 1292 1566 quod
1341 1481 1481 1544 tam
1534 1473 1961 1546 miserabiles
2007 1495 2210 1547 casus
2262 1483 2641 1547 eventuum
2692 1473 3035 1563 majorum
3082 1480 3355 1544 nostro·

549 1616 704 1667 rum
749 1616 947 1668 more
999 1595 1399 1691 deplorent,
1455 1595 1595 1668 imo
1651 1606 1982 1691 tanquam
2015 1597 2148 1698 ista
2193 1619 2338 1669 non
2388 1606 2620 1670 essent
2657 1596 3191 1668 christianorum
3233 1604 3359 1667 aut

550 1713 713 1790 fidei
756 1715 1130 1822 christiane
1170 1717 1448 1810 negotia
1469 1770 1494 1808 ,
1524 1720 1818 1791 vulnera
1860 1729 2099 1792 nostra
2137 1720 2556 1816 despicimus
2597 1729 2668 1792 et
2713 1719 2805 1791 de
2848 1717 3174 1792 remediis
3211 1739 3357 1791 non

549 1861 897 1914 curamus.
947 1842 1291 1914 Percussit
1341 1863 1472 1915 nos
1520 1843 1859 1916 Dominus
1908 1865 2040 1917 nec
2088 1843 2408 1916 dolemus
2466 1870 2486 1914 ε
2544 1844 2998 1916 circumstant
3045 1842 3358 1936 undique

549 1972 745 2059 septa
774 1961 1112 2036 tectorum
1144 1972 1536 2037 nostrorum
1575 1964 1922 2056 incendia,
1954 1986 2087 2038 nec
2115 1966 2209 2038 ad
2238 1988 2493 2059 aquam
2525 1967 2982 2058 decurrimus,
3017 1966 3146 2039 sed
3182 1967 3361 2039 alter

549 2086 834 2159 alterius
872 2085 1247 2157 infortunio
1278 2086 1637 2177 gloriatur.
1683 2087 1859 2158 Hinc
1888 2107 2019 2159 nos
2058 2097 2351 2160 extonat
2393 2091 2835 2161 Tartarorum
2872 2109 3056 2161 nova
3096 2089 3361 2161 crude-

552 2208 743 2300 litas,
788 2209 981 2281 illinc
1027 2230 1156 2280 nos
1201 2209 1344 2281 urit
1389 2219 1463 2282 et
1507 2208 1766 2281 cruciat
1815 2209 2111 2282 barbare
2160 2210 2390 2300 gentis
2426 2211 2714 2303 antiqua
2762 2210 3203 2305 protervitas.
3249 2212 3363 2284 Ex

552 2333 844 2406 adverso
880 2353 1011 2404 nos
1044 2331 1291 2425 pungit
1319 2332 1795 2404 Paterinorum
1837 2315 2038 2406 foeda
2073 2331 2368 2428 perfidia
2403 2343 2479 2406 et
2517 2333 2878 2428 presertim
2924 2334 3200 2405 illorum
3239 2335 3363 2425 qni

550 2478 680 2553 per
716 2456 1132 2529 rebelliones
1166 2476 1328 2527 suas
1368 2456 1442 2526 in
1479 2455 1678 2528 ltalia
1717 2477 1990 2528 sacrum
2035 2456 2405 2552 imperium
2442 2466 2856 2530 enervantes
2899 2456 3101 2528 nobis
3138 2456 3359 2529 obsis·

556 2588 712 2652 tunt
734 2580 1134 2674 quominus,
1159 2579 1368 2671 juxta
1394 2578 1583 2672 quod
1614 2578 1687 2649 in
1720 2579 1933 2651 sacris
1958 2578 2371 2652 ceremoniis
2411 2561 2750 2652 catholica
2785 2587 2985 2671 rogat
3011 2579 3357 2672 Ecclesia,

556 2704 927 2777 christiano
980 2703 1427 2796 subjiciamus
1463 2703 1757 2797 imperio
1793 2704 2128 2776 barbaras
2172 2705 2514 2776 nationes.
2562 2703 2674 2776 Sic
2718 2703 3030 2797 undique
3066 2704 3365 2798 publicis

555 2827 867 2901 hostibus
905 2827 1180 2920 agimur
1213 2836 1336 2900 aut
1374 2847 1717 2900 vexamur
1752 2828 2065 2901 occultis..
2097 2826 2360 2901 Sathan
2402 2826 2731 2902 continuo
2767 2828 3036 2901 laborat
3076 2837 3148 2901 et
3181 2827 3362 2919 vigi-

555 2951 686 3042 lat,
725 2952 966 3024 Simon
1002 2951 1287 3041 dormit,
1320 2973 1552 3045 neque
1579 2973 1731 3045 quo,
1777 2951 2056 3024 tandem
2100 2953 2341 3023 oculos
2384 2961 2655 3024 nostros
2698 2972 2983 3023 somnus
3031 2960 3125 3022 et·
3149 2950 3367 3025 corda

558 3083 792 3146 nostra
822 3074 1192 3147 concordia
1227 3076 1563 3167 mulceat,
1608 3075 2006 3148 toleramus.
2048 3074 2628 3169 Expergiscimini
2657 3073 2791 3147 viri
2823 3075 3068 3165 fortes,
3104 3095 3365 3170 appre-

557 3195 836 3269 hendite
874 3216 1069 3266 arma
1107 3205 1177 3268 et
1206 3205 1516 3287 scutum,
1546 3206 1937 3292 temporum
1966 3207 2361 3271 nostrorum
2399 3198 2722 3289 injuriam
2758 3198 3148 3271 necessario
3182 3218 3365 3271 ven-

558 3319 858 3430 dicando
886 3317 1301 3391 redimentes
1325 3341 1371 3391 a
1398 3319 1654 3412 quibus
1682 3341 2041 3414 nunquam
2079 3342 2211 3394 nos
2224 3374 2244 3411 ,
2276 3320 2573 3394 Domino
2609 3330 2782 3394 teste
2796 3374 2817 3412 ,
2853 3322 3361 3413 subtraximus,

559 3441 729 3535 quin
759 3440 991 3536 potius
1028 3441 1123 3513 ad
1151 3443 1358 3515 Terre
1393 3443 1644 3514 Sancte
1680 3442 2066 3515 subsidium
2104 3443 2405 3539 presidia
2443 3453 2679 3516 nostra
2718 3465 2993 3538 semper
3031 3444 3367 3518 libentius

558 3564 934 3637 obtulimus
976 3585 1186 3656 quam
1231 3563 1686 3657 quesierimus
1723 3564 1975 3636 aliena.
2019 3567 2263 3638 Latere
2300 3586 2429 3637 vos
2466 3585 2768 3658 namque
2817 3586 2963 3638 non
3015 3566 3365 3640 credimus

560 3687 855 3780 qualiter
905 3708 948 3758 a
1007 3685 1429 3782 transalpina
1490 3685 1766 3778 militia,
1830 3695 2037 3778 gente
2093 3687 2431 3779 belligera
2482 3708 2619 3780 que
2670 3708 2747 3760 se
2808 3688 3007 3779 signo
3071 3686 3363 3760 mirifice

560 3809 783 3882 crucis
816 3818 1172 3903 assumpto
1205 3811 1416 3880 Terre
1456 3809 1707 3882 Sancte
1747 3808 2045 3882 servitiis
2083 3809 2465 3901 dedicavit,
2512 3809 2607 3883 ad
2647 3809 2989 3905 capitanie
3033 3809 3251 3882 decus
3288 3818 3362 3882 et

562 3932 1135 4006 transmeantium
1180 3932 1493 4025 regimen
1537 3932 1880 4006 advocata
1928 3932 2233 4025 suffragii
2284 3934 2503 4006 nostri
2565 3942 2797 4029 partes
2847 3930 3359 4025 magnificentia

560 4065 795 4135 nostra
828 4077 970 4129 non
1014 4055 1329 4147 negavit,
1377 4055 1546 4149 quin
1586 4055 1817 4150 potius
1863 4076 2231 4150 personam
2282 4065 2588 4128 nostram
2636 4077 2760 4128 seu
2812 4054 2935 4127 filii
2977 4056 3196 4127 nostri
3239 4058 3359 4130 vel

559 4177 753 4258 ducis
794 4180 1077 4251 alterius
1115 4200 1323 4271 quem
1356 4179 1878 4250 transfretantes
1908 4178 2241 4252 idoneum
2274 4187 2711 4273 reputarent,
2752 4178 2941 4251 mille
2978 4178 3362 4274 stipendia·

558 4300 816 4372 riorum
842 4301 1138 4373 militum
1164 4300 1493 4374 continuo
1518 4300 1649 4374 sub
1675 4301 1928 4415 nostris
1946 4300 2309 4394 stipendiis
2334 4299 2756 4392 comitatam,
2787 4301 2881 4373 ad
2908 4310 3047 4372 tam
3080 4302 3360 4376 salubre

558 4422 911 4515 negotium
969 4445 1097 4519 per
1170 4423 1603 4497 venerabiles
1660 4433 1893 4519 patres
1944 4424 2024 4494 B.
2096 4422 2656 4494 Panormitanum
2716 4423 3309 4521 archiepiscopum
3329 4481 3357 4519 ,

557 4544 911 4639 quondam
941 4546 1028 4616 N.
1070 4547 1409 4640 Reginum
1444 4557 1512 4618 et
1548 4598 1568 4618 .
1602 4599 1621 4617 .
1650 4597 1670 4617 .
1711 4544 2180 4617 Florentinum
2217 4545 2577 4641 episcopos
2603 4556 2675 4618 et
2700 4548 2779 4618 T.
2813 4548 2902 4620 de
2930 4548 3212 4642 Suessa,
3249 4550 3358 4623 di-

559 4669 774 4741 lectos
806 4679 1078 4740 nostros
1118 4678 1189 4742 et
1214 4668 1492 4759 fideles,
1533 4668 1876 4740 solemnes
1925 4668 2338 4740 excellentie
2371 4679 2605 4742 nostre
2638 4670 2941 4763 legatos,
2983 4672 3357 4746 obtulimus

715 4790 821 4852 vl.
2963 4800 3038 4854 n
