4364 5738
617 535 949 634 ‚ianm-s]
1511 531 1908 596 msromA
1958 530 2550 597 mrnouancA.
3321 531 3444 599 509

713 669 1156 746 Innocentius
1187 667 1579 765 episcopm,
1616 687 1857 739 servus
1894 688 2251 740 servorum
2283 667 2436 758 Dei,
2470 667 2686 741 nobili
2714 667 2869 743 viro
2902 666 3309 764 Pandulpho
3350 667 3439 746 de

614 790 1020 866 Phasanella
1051 786 1593 883 Caputaquensis
1627 785 1948 860 diocesis.
1992 786 2390 883 Apostolice
2423 785 2609 880 sedis
2639 785 3079 882 providentia
3111 783 3440 858 consueta

618 913 1050 989 subditorum
1081 910 1324 982 merita
1352 909 1621 982 solertis
1649 908 2166 981 deliberationis
2196 909 2518 983 examine
2543 908 2852 1000 discutit,
2885 919 2956 981 et
2990 930 3128 1002 que
3156 909 3442 986 rationis

608 1036 873 1131 judicio
905 1035 1176 1130 potiora
1201 1032 1474 1121 diffinit,
1507 1032 1927 1126 premiorum
1960 1043 2356 1104 remunerat
2375 1033 2826 1104 retributione
2855 1034 3232 1128 majorum,
3262 1033 3438 1104 ube-

615 1159 914 1232 rioribus
950 1156 1067 1228 illa
1102 1153 1589 1251 prosequendo
1622 1153 1977 1226 favoribus
2027 1164 2098 1226 et
2143 1153 2501 1227 beneflciis
2546 1156 2975 1251 plenioribus
3020 1155 3430 1229 attollendo.

617 1283 793 1355 Hinc
834 1290 940 1352 est
979 1279 1168 1372 quod
1212 1299 1372 1349 cum
1414 1289 1489 1349 tu
1527 1279 1645 1349 illa
1690 1300 1856 1371 erga
1907 1281 2286 1352 Romanam
2329 1280 2708 1351 Ecclesiam
2755 1280 3124 1351 devotione
3170 1280 3441 1351 ferveas

618 1426 910 1499 eamque
938 1403 1120 1477 circa
1149 1403 1369 1496 ipsam
1397 1401 1680 1478 studeas
1705 1424 1988 1478 servare
2021 1404 2506 1492 constantiam,
2543 1415 2623 1480 ut
2654 1404 2837 1480 inter
2872 1405 3045 1479 alios
3077 1405 3231 1496 ejus
3255 1401 3440 1476 filios

618 1527 968 1600 fidelitatis
1016 1526 1215 1598 titulo
1260 1525 1652 1620 specialiter
1698 1525 2063 1619 insignitus
2105 1528 2434 1598 merearis
2471 1528 2563 1598 ab
2595 1548 2677 1598 ea
2710 1526 3183 1622 multipliciter
3210 1526 3433 1598 hono-

617 1650 792 1740 rari,
824 1671 951 1724 nos
989 1648 1120 1722 hec
1159 1670 1301 1724 non
1344 1648 1628 1741 indigne
1673 1651 2046 1746 pensantes
2083 1661 2155 1722 et
2185 1652 2502 1725 volentes
2549 1651 2683 1724 tuis
2723 1651 3089 1724 intendere
3125 1650 3435 1726 comodis

617 1773 855 1869 tuique
893 1773 1178 1847 honoris
1204 1782 1657 1873 augmentum
1686 1773 1975 1848 sollicite
2017 1795 2393 1869 procurare
2414 1828 2434 1868 ,
2470 1774 2591 1847 tibi
2620 1773 2893 1869 tuisque
2922 1769 3438 1852 successoribus
3571 1772 3576 1778 ’

609 1906 915 1975 castrum
957 1897 1220 1972 Gitonis
1264 1897 1693 1970 Salernitane
1738 1897 2031 1972 diocesis
2072 1919 2233 1969 cum
2273 1897 2619 1988 dominio,
2656 1898 2968 1990 jnribus,
3016 1897 3432 1990 honoribus,

614 2020 1075 2116 omnibusque
1115 2020 1268 2094 aliis
1323 2019 1759 2114 pertinentiis
1797 2020 1980 2110 suis,
2045 2020 2410 2115 presertim
2448 2043 2617 2096 acurn
2658 2042 2953 2113 regnum
2996 2019 3226 2092 Sicilie
3272 2041 3435 2114 rege

613 2166 807 2219 nunc
833 2153 1070 2218 careat
1097 2152 1169 2217 et
1201 2143 1452 2217 nobilis
1483 2143 1591 2216 vir
1623 2143 1825 2218 Oddo
1861 2142 1950 2216 de
1982 2143 2286 2218 Laviano
2324 2142 2752 2216 renuntiavit
2780 2144 2878 2216 ob
2909 2141 3041 2214 hoc
3073 2142 3261 2218 omni
3288 2138 3434 2237 juri

613 2268 807 2364 quod
837 2267 910 2341 in
942 2277 1170 2341 castro
1202 2267 1449 2340 eodem
1476 2266 1805 2356 habebat,
1842 2266 1916 2339 in
1944 2267 2232 2340 feudum
2261 2266 2350 2341 de
2382 2267 2604 2361 gratia
2636 2265 3082 2341 concedimus
3116 2266 3428 2363 speciali,

614 2389 994 2465 dummodo
1031 2391 1126 2463 ad
1164 2390 1378 2462 alium
1406 2389 1480 2461 in
1514 2388 1883 2464 devotione
1909 2389 2126 2485 ipsius
2160 2390 2467 2464 Ecclesie
2504 2390 2986 2485 persistentem
3033 2409 3172 2460 non
3218 2389 3430 2485 perti-

612 2522 780 2587 neat
809 2512 1073 2587 dictum
1104 2522 1434 2589 castrum.
1476 2513 1811 2586 Volumus
1851 2523 2084 2585 autem
2128 2523 2209 2584 ut
2244 2522 2614 2607 postquam
2645 2512 3076 2606 corporalem
3119 2512 3433 2605 ejusdem

615 2636 822 2711 castri
852 2635 1358 2732 possessionem
1390 2634 1717 2707 habueris
1737 2689 1756 2728 ,
1807 2644 1947 2708 tam
1982 2645 2057 2706 tu
2090 2655 2300 2727 quam
2335 2634 2546 2708 iidem
2580 2655 3011 2706 successores
3041 2655 3169 2728 pro
3207 2644 3434 2712 castro

612 2760 764 2859 ipso
795 2759 1197 2855 homagium
1230 2768 1300 2833 et
1316 2759 1791 2852 juramentum
1820 2756 2173 2830 fidelitatis
2205 2769 2276 2832 et
2306 2758 2442 2831 alia
2471 2757 2777 2832 Ecclesie
2815 2758 3080 2851 prefate
3121 2779 3245 2833 seu
3286 2759 3434 2854 regi

613 2883 733 2979 qui
751 2906 877 2983 per
899 2906 1053 2956 eam
1080 2893 1547 2980 pro.tempore
1576 2882 1783 2956 fuerit
1812 2883 1885 2954 in
1915 2904 2130 2976 regno
2162 2881 2502 2977 predicto,
2528 2890 2836 2975 prestare
2870 2882 3271 2973 teneamini,
3295 2904 3433 2977 que

614 3006 731 3081 alii
762 3008 1038 3081 vassan
1072 3006 1382 3102 ejusdem
1415 3006 1613 3103 regni
1654 3029 1783 3103 pro
1827 3006 2069 3079 castris
2111 3027 2236 3081 seu
2279 3004 2505 3077 feudis
2534 3026 2672 3099 que
2707 3004 3027 3078 obtinent
3056 3005 3184 3079 sibi
3231 3004 3434 3081 exhi-

613 3130 780 3205 bere
831 3139 1177 3202 tenentur.
1211 3129 1397 3201 Nulli
1445 3151 1611 3223 ergo
1659 3130 1943 3205 omnino
1987 3129 2349 3203 hominum
2384 3128 2593 3200 liceat
2621 3126 2806 3203 hanc
2837 3129 3164 3225 paginam
3199 3139 3433 3208 nostre

615 3251 1077 3330 concessionis
1109 3251 1480 3346 infringere
1502 3253 1616 3326 vel
1645 3253 1708 3325 ei
1739 3274 1913 3326 ausu
1943 3252 2309 3325 temerario
2334 3251 2705 3327 contraire.
2729 3252 2801 3328 Si
2828 3253 2986 3350 quis
3011 3263 3275 3344 autem,
3295 3263 3426 3331 etc,

710 3379 965 3452 Datum
996 3362 1342 3470 Lugduni,
1378 3377 1435 3449 11
1468 3375 1624 3451 idus
1650 3375 1905 3468 martii,
1942 3397 2125 3448 anno
2155 3376 2269 3449 IV.

712 3501 881 3577 Cum
912 3499 1094 3573 notis
1120 3496 1621 3592 chronologicis
1652 3497 1914 3573 eisdem
1946 3498 2162 3572 nobili
2190 3497 2343 3573 viro
2374 3496 2711 3575 Giliberto
2755 3505 2827 3571 et
2856 3497 3209 3593 germanis
3249 3498 3429 3576 Pan·-

617 3621 788 3701 dulfi
819 3602 909 3699 de
940 3621 1350 3697 Phasanella
1382 3620 1702 3695 concedit
1732 3620 1870 3693 alia
1901 3630 2154 3696 castra.
2261 3678 2264 3682 n
2348 3692 2354 3697 ,

710 3751 884 3824 Item
897 3748 1266 3822 Guillelmo
1284 3747 1470 3818 dicto
1488 3745 1850 3821 Francisco
1865 3742 2190 3821 concedit
2211 3744 2284 3816 in
2304 3732 2594 3819 feudum
2611 3734 2960 3819 civitatem
2977 3742 3421 3823 Sarnensem.

710 3873 884 3948 Item
908 3868 1242 3945 Riccardo
1274 3869 1461 3944 dicto
1490 3869 1853 3943 Francisco
1881 3867 2203 3943 concedit
2227 3877 2531 3943 castrum
2558 3866 2648 3941 de
2675 3865 2890 3941 Petris
2916 3865 3327 3943 Formentis.

713 3997 884 4072 Item
913 3994 1187 4072 Oddoni
1217 3994 1307 4069 de
1335 3994 1640 4071 laviano
1661 3992 1982 4069 concedit
2012 3992 2365 4069 civitatem
2392 3989 2776 4067 Consanam
2808 3998 2880 4064 et
2905 3989 3254 4067 civitatem
3275 3991 3419 4071 Sta·

616 4120 954 4196 hiensem.

727 4592 1204 4681 Innocentius
1268 4617 1469 4703 papa
1536 4572 2220 4678 Mediolanensibus
2282 4582 2541 4670 scribit
2597 4593 2861 4674 contra
2917 4583 3381 4673 Fridericum
3395 4643 3421 4694 ,
3552 4598 3771 4654 [mo-1
