4364 5738
1046 591 1170 656 aas
2039 587 2468 651 tammum
2515 585 2864 650 sneunm
3471 585 3637 665 [An.
3670 588 3847 651 1245.

1142 727 1435 819 Signum
1487 724 1751 799 domini
1796 724 2014 798 nostri
2066 722 2397 796 Friderici
2411 774 2432 813 ‚
2475 721 2603 793 Dei
2656 719 2878 812 gratia
2916 717 3346 790 invictissimi
3390 719 3854 795 Romanunm

1051 847 1483 944 imperatoris
1515 869 1793 943 semper
1820 832 2098 940 angusti
2114 900 2139 938 ‚
2167 845 2548 920 Jerusalem
2581 854 2653 918 et
2680 843 2910 917 Sicilie
2936 841 3143 934 regis.
3178 838 3767 940 (nonoqrama.)

1143 972 1320 1045 Acta
1370 980 1537 1044 sunt
1589 970 1721 1044 hec
1772 992 1961 1045 anno
2012 970 2358 1045 dominice
2402 967 2909 1042 incarnationis
2957 964 3326 1038 millesimo
3378 965 3856 1041 ducentesimo

1050 1093 1581 1189 quadragesimo
1612 1084 1883 1187 quinto,
1915 1115 2156 1167 mense
2181 1091 2461 1183 martio,
2493 1091 2694 1163 tertie
2715 1088 3136 1181 indictionis,
3162 1088 3548 1183 imperante
3570 1090 3856 1164 domino

1049 1229 1285 1293 nostro
1328 1218 1673 1291 Friderieo
1711 1218 2205 1310 gloriosissimo
2235 1218 2701 1290 Romanorum
2746 1215 3163 1310 imperatore
3201 1234 3479 1308 semper
3519 1224 3854 1307 augusto,

1048 1344 1428 1418 Jerusalem
1475 1351 1548 1414 et
1602 1342 1830 1414 Sicilie
1870 1363 2074 1434 rege,
2120 1341 2414 1414 Romani
2451 1339 2725 1436 imperii
2762 1339 2917 1430 ejus
2954 1357 3142 1409 anno
3190 1337 3520 1409 vicesimo
3569 1338 3851 1431 quinto,

1050 1467 1250 1559 regni
1289 1466 1668 1538 Jerusalem
1706 1465 2035 1537 vicesimo
2075 1465 2339 1561 primo,
2382 1463 2579 1557 regni
2628 1483 2798 1534 vero
2841 1460 3070 1534 Sicilie
3113 1459 3642 1555 quadragesimo
3690 1483 3855 1560 sep·

1052 1588 1247 1676 timo,
1287 1588 1600 1659 feliciter.
1635 1586 1887 1659 Amen.

1146 1713 1396 1784 Datum
1430 1710 1637 1804 Fogie
1652 1763 1674 1800 ‚
1710 1731 1931 1801 anno,
1966 1730 2205 1783 mense
2236 1717 2308 1783 et
2341 1707 2719 1780 indictione
2750 1705 3170 1801 prescriptis.

1154 2277 1576 2361 Fridericus
1596 2340 1621 2386 ‚
1672 2277 2195 2361 Romanorum
2246 2277 2683 2386 imperator,
2729 2278 2830 2359 ad
2883 2276 3507 2386 supplicationem
3553 2251 3853 2357 Henrici

1048 2409 1446 2495 Misnensis
1495 2421 1570 2493 et
1621 2408 2025 2495 Orientalis
2071 2409 2533 2493 marchionis
2553 2471 2578 2517 ‚
2632 2410 3090 2493 monasterio
3145 2410 3243 2492 de
3295 2408 3510 2492 Buch
3556 2408 3849 2491 Cister-

1048 2542 1320 2626 ciensis
1345 2542 1632 2623 ordinis
1670 2540 2048 2649 quidquid
2082 2540 2287 2623 idem
2324 2541 2867 2625 monasterium
2901 2540 3002 2624 ab
3037 2540 3203 2650 ipso
3238 2540 3710 2647 marchione,
3749 2538 3851 2622 ab

1049 2673 1368 2757 Henrico
1404 2672 1796 2782 quondam
1831 2672 2351 2755 Romanorum
2393 2698 2576 2781 rege
2624 2683 2699 2756 et
2745 2699 2794 2755 a
2832 2672 3182 2782 pluribus
3225 2672 3518 2782 imperii
3562 2672 3850 2755 minis-

1049 2805 1437 2891 terialibus
1473 2804 1758 2888 ibidem
1805 2804 2217 2888 nominatis
2264 2804 2697 2890 donationis
2739 2805 2896 2888 sive
2928 2805 3330 2916 emptionis
3376 2804 3597 2889 titulo
3630 2828 3851 2889 eom-

1050 2939 1372 3047 paravit,
1411 2942 1664 3020 ratum
1697 2936 1928 3019 habet
1961 2946 2036 3019 et
2066 2937 2498 3021 confirmat.

1213 3150 1481 3231 (Edlder.
1517 3150 1874 3211 Senonum
1909 3156 1970 3211 et
2002 3151 2308 3225 Knnsro,
2335 3147 2652 3230 Diptomae.
2689 3157 2745 3213 et
2769 3150 3010 3233 Sor-ipa,
3041 3157 3087 3213 t.
3119 3151 3215 3226 11,
3242 3169 3305 3229 p.
3355 3159 3499 3225 18⁴3
3536 3149 3673 3211 coll.
3714 3164 3847 3210 cum

1287 3271 1418 3331 cop.
1448 3254 1635 3313 chart.
1679 3270 1797 3315 sec.
1835 3253 1971 3333 XV,
2014 3257 2076 3315 in
2102 3255 2292 3316 chart.
2329 3256 2393 3317 S.
2425 3255 2637 3332 Afrae,
2674 3256 2814 3317 folio
2847 3265 2961 3318 205
3003 3263 3397 3331 recto-verso,
3430 3257 3496 3315 ln
3520 3253 3677 3319 Bibl.
3722 3270 3844 3334 reg.

1287 3356 1651 3437 Dresdensl.)

1148 3550 1224 3622 ln
1260 3548 1539 3621 nomine
1582 3556 1821 3620 sancte
1866 3556 1941 3619 et
1981 3545 2338 3620 individue
2376 3547 2750 3620 Trinitatis.
2789 3546 3041 3620 Amen.
3080 3547 3467 3622 Fridericns
3501 3546 3850 3621 secundus

1054 3673 1286 3746 divina
1324 3673 1600 3743 favente
1630 3670 2000 3743 clementia
2028 3671 2493 3744 Romanorum
2534 3672 2915 3766 imperator
2940 3692 3215 3766 semper
3251 3679 3621 3765 angustus,
3654 3671 3850 3743 Jeru-

1050 3797 1265 3869 salem
1302 3802 1372 3865 et
1402 3792 1631 3864 Sicilie
1659 3813 1815 3865 rex.
1853 3793 2190 3890 Impensis
2221 3794 2422 3866 nobis
2453 3816 2498 3865 a
2531 3793 2823 3867 Domino
2868 3792 3222 3867 beneficiis
3246 3793 3747 3889 respondemus
3780 3800 3853 3866 et

1048 3919 1424 4012 gratiarum
1454 3915 1518 3987 ei
1548 3914 1897 3988 offerimus
1921 3915 2427 4009 holocaustum,
2445 3937 2607 3989 cum
2631 3926 3104 3990 sacrosanctas
3133 3917 3457 3991 ecclesius
3477 3926 3552 3990 et
3574 3936 3853 3991 monas·

1052 4043 1226 4115 teria
1243 4043 1386 4113 Deo
1401 4040 1631 4113 dicata
1651 4039 1888 4112 favore
1915 4048 2151 4112 nostre
2176 4040 2397 4132 gratie
2412 4039 2792 4131 intuentes,
2818 4062 3061 4113 eorum
3074 4040 3294 4135 quieti
3314 4049 3390 4113 et
3412 4040 3570 4136 paci
3594 4039 3854 4114 miseri·

1050 4164 1349 4239 corditer
1363 4162 1809 4258 providemus
1827 4170 2051 4256 etque
2070 4172 2210 4234 tam
2233 4185 2276 4235 a
2298 4162 2723 4259 principibus
2738 4184 2952 4257 quam
2966 4185 3010 4236 a
3028 4163 3618 4257 quibuslibetaliis
3634 4162 3849 4237 nostri

1049 4288 1321 4382 imperii
1347 4286 1668 4360 fidelibus
1696 4287 1865 4382 ipsis
1892 4298 2057 4362 sunt
2082 4288 2200 4383 pia
2230 4288 2644 4361 liberalitate
2674 4289 2922 4361 collata
2939 4339 2961 4380 ,
2993 4288 3368 4384 imperialis
3402 4297 3638 4361 nostra
3665 4307 3850 4361 sere-

1051 4410 1233 4483 nitas
1265 4408 1747 4482 ratihabitione
1787 4410 2189 4484 corroborat
2218 4420 2290 4485 et
2314 4409 2703 4484 confirmat.
2739 4412 2842 4483 Ea
2864 4421 3148 4508 propter
3177 4433 3309 4508 per
3330 4431 3617 4508 presens
3636 4409 3851 4506 privi-
3920 4493 3937 4520 ,

1052 4532 1308 4623 legium
1342 4540 1586 4604 notum
1630 4531 1779 4604 fieri
1824 4534 2146 4606 volumus
2175 4534 2519 4607 universis
2568 4535 2838 4629 imperii
2876 4532 3198 4607 fidelibus
3235 4545 3377 4608 tam
3417 4533 3853 4629 presentibus

1049 4677 1259 4752 quam
1286 4654 1533 4728 suturis
1558 4655 1746 4748 qnod
1774 4657 2109 4731 Henricus
2127 4657 2487 4731 Misnensis
2510 4667 2581 4729 et
2601 4657 2964 4730 Orientalis
2989 4657 3322 4749 marchio,
3345 4657 3642 4731 dilectus
3655 4656 3851 4751 prin·
