4364 5738
1034 571 1159 635 452
1828 633 1834 640 .
2039 580 2463 644 ramulum
2514 580 2863 643 SECUNDI
3476 579 3642 658 [An.
3679 580 3856 644 1246.

1037 719 1369 803 tanquam
1413 712 1819 784 matutinale
1873 713 2089 809 sydus
2139 716 2452 808 irradiet,
2495 715 2927 788 universitati
2971 725 3201 786 vestre
3247 736 3493 787 sereno
3543 725 3616 787 et
3663 715 3861 788 hilari

1037 831 1271 905 animo
1302 831 1638 906 honorem
1669 857 1878 928 quem
1910 838 2111 910 nobis
2149 851 2223 911 et
2245 842 2558 914 Romano
2587 839 2881 936 imperio
2925 836 3166 910 tribuit
3195 836 3588 909 Altissimus
3622 838 3860 911 scribi-

1039 978 1194 1028 mus
1225 967 1297 1028 et
1321 957 1757 1030 mandamus.
1793 959 1918 1032 Die
1951 971 2187 1034 autem
2217 964 2575 1036 electionis
2600 972 2837 1035 nostre
2869 984 2913 1033 a
2943 960 3147 1033 nobis
3178 961 3445 1033 solenni
3473 961 3862 1056 principum

1036 1079 1297 1152 indicta
1324 1080 1543 1173 curia,
1582 1082 1651 1153 in
1686 1084 1861 1154 festo
1894 1084 2077 1156 beati
2114 1087 2353 1160 Iacobi
2388 1089 2686 1183 apostoli
2707 1085 2841 1184 (l),
2873 1084 3368 1158 Franchenfort
3402 1084 3705 1157 nobilem
3730 1085 3859 1156 im-

1035 1204 1209 1301 perii
1237 1204 1615 1296 civitatem,
1642 1206 1955 1278 felicibus
1976 1208 2304 1303 auspiciis
2329 1210 2528 1302 signa
2559 1219 2796 1282 nostra
2827 1209 3170 1280 movimus
3195 1207 3283 1279 ad
3312 1207 3857 1280 celebracionem

1036 1330 1219 1402 dicte
1248 1330 1437 1402 curie
1466 1340 1941 1425 properantes,
1973 1331 2126 1416 Quo
2154 1333 2394 1405 audito
2424 1331 2779 1406 Conradus
2802 1330 3151 1404 Frederici
3180 1330 3536 1423 quondam
3563 1332 3857 1427 impera-

1038 1455 1205 1527 toris
1235 1452 1417 1524 filius
1448 1462 1679 1525 motus
1715 1454 2070 1526 intrinseci
2110 1455 2372 1528 doloris
2409 1459 2692 1546 aculeo,
2731 1456 2802 1526 in
2853 1476 3100 1550 campo
3145 1453 3327 1526 circa
3365 1454 3859 1527 Franchenfort

1034 1579 1240 1651 nobis
1269 1577 1592 1667 occurrit,
1611 1577 1904 1671 stipatus
1933 1578 2377 1651 multitudine
2408 1580 2850 1670 bellatorum,
2874 1580 3120 1651 volens
3153 1579 3356 1651 nobis
3384 1577 3641 1650 indicte
3669 1580 3854 1651 curie

1036 1700 1571 1772 celebrationem
1601 1700 1758 1770 totis
1784 1699 2049 1771 viribus
2074 1699 2331 1773 temere
2359 1701 2752 1797 prohibere.
2773 1702 3030 1773 Verum
3055 1702 3215 1772 licet
3237 1700 3353 1772 die
3381 1700 3729 1773 dominico
3744 1700 3849 1796 (2)

1036 1835 1261 1898 castra
1293 1846 1419 1895 sua
1453 1824 1634 1894 ultra
1668 1845 1923 1915 aquam
1955 1823 2161 1916 Mogii
2199 1823 2272 1894 in
2314 1826 2470 1897 loco
2506 1824 2777 1897 munito
2820 1824 3194 1920 posuisset,
3226 1801 3479 1917 aquam
3516 1837 3589 1897 et
3627 1827 3856 1897 locum

1033 1971 1163 2045 pro
1189 1948 1571 2020 munimine
1599 1947 1947 2038 eligend0,
1970 1969 2099 2019 nos
2124 1957 2357 2020 tamen
2387 1958 2458 2020 et
2484 1950 2605 2042 qui
2632 1948 2993 2021 nobiscum
3028 1958 3227 2019 erant
3255 1948 3600 2044 principes
3628 1949 3852 2043 ipsum

1034 2085 1105 2146 et
1137 2072 1448 2165 ejusdem
1471 2071 1655 2142 acies
1680 2071 1986 2163 aggressi
2016 2071 2300 2163 fuimuS,
2335 2082 2404 2143 et
2433 2073 2581 2166 ipse
2602 2072 2834 2144 subito
2856 2094 3017 2143 cum
3046 2071 3188 2142 suis
3219 2093 3461 2144 versus
3483 2071 3554 2142 in
3586 2072 3849 2164 fugam,

1036 2208 1305 2289 tergum
1353 2195 1556 2267 nobis
1597 2206 1668 2266 et
1707 2216 1846 2266 non
1896 2194 2143 2266 faciem
2182 2195 2535 2287 ostendit,
2588 2197 2963 2289 fugamque
3028 2195 3320 2291 arripuit
3368 2217 3578 2288 quam
3628 2197 3853 2269 solent

1031 2321 1335 2415 arripere
1383 2341 1544 2390 cum
1589 2340 1787 2390 sacro
1840 2319 2132 2414 imperio
2184 2318 2657 2409 decertantes,
2707 2319 3048 2412 nobisque
3103 2340 3349 2414 campo
3403 2319 3644 2391 relicto
3690 2342 3848 2391 cum

1030 2445 1381 2530 curribuS,
1417 2442 1727 2514 tentoriis
1775 2452 1846 2513 et
1899 2442 2133 2537 spoliis
2175 2443 2554 2533 universis,
2594 2464 2687 2513 ex
2737 2442 2882 2513 suis
2934 2442 3253 2514 DCXXIII
3308 2442 3843 2537 captivavimus,

1027 2578 1262 2663 preter
1302 2566 1566 2638 occisos
1609 2565 1681 2634 in
1724 2586 1973 2660 campo
2021 2578 2093 2636 et
2134 2565 2290 2638 illos
2333 2566 2453 2658 qui
2501 2577 2693 2638 metu
2739 2566 3048 2661 percussi
3094 2567 3166 2636 in
3215 2566 3442 2657 Mogio
3481 2578 3643 2639 sunt
3683 2568 3847 2640 sub·

1027 2692 1232 2762 mersi
1250 2688 1381 2786 (3).
1421 2689 1793 2761 Gaudeatis
1834 2711 2000 2781 ergo
2043 2689 2114 2758 in
2156 2689 2452 2760 Domino
2487 2700 2558 2760 et
2602 2689 2673 2758 in
2721 2689 3039 2784 potencia
3069 2690 3344 2760 virtutis
3388 2692 3574 2780 ejuS,
3622 2691 3742 2783 qui
3775 2691 3844 2761 in

1024 2828 1261 2887 nostra
1311 2814 1656 2909 primitiva
1706 2805 2227 2905 gubernacione
2280 2812 2549 2909 imperii
2601 2813 2930 2906 dignatus
2980 2822 3085 2884 est
3135 2812 3226 2884 de
3278 2811 3420 2884 filio
3467 2812 3843 2886 adversarii

1022 2939 1240 3012 nostri
1274 2938 1440 3010 dare
1466 2938 1824 3009 victoriam
1858 2937 2653 3032 gloriosam.Speramus
2695 2937 2880 3008 enim
2921 2939 2994 3007 in
3036 2937 3326 3009 Domino
3373 2937 3563 3029 quod
3606 2947 3843 3008 contra

1023 3075 1295 3156 patrem
1341 3062 1493 3153 ejus
1546 3059 2122 3155 triumphabimus
2175 3081 2260 3131 eo
2314 3081 2508 3131 more
2557 3081 2700 3152 quo
2752 3060 3178 3155 triumphare
3225 3062 3447 3131 solent
3499 3061 3840 3155 principes

1019 3187 1517 3259 Romanorum.

1118 3309 1448 3401 Sequitur
1476 3318 1547 3379 et
1580 3308 1799 3378 altera
1835 3308 2148 3399 ejusdem
2181 3308 2313 3378 viri
2349 3306 2679 3403 principis
2720 3308 2811 3379 ad
2850 3308 3134 3379 eosdem
3176 3308 3468 3403 epistola
3506 3330 3644 3401 qua
3675 3329 3839 3379 con-

1020 3432 1283 3505 flictum
1303 3431 1627 3502 eumdem
1648 3442 2010 3520 memorat,
2034 3431 2205 3501 nihil
2238 3430 2402 3503 novi
2419 3430 2658 3503 addito
2683 3431 2812 3502 nisi
2833 3432 3024 3523 quod
3049 3431 3235 3503 diem
3263 3430 3505 3526 praelii
3529 3431 3620 3502 ad
3647 3429 3839 3524 quin·

1023 3566 1168 3628 tum
1202 3555 1522 3628 intrantis
1548 3555 1822 3647 augusti
1850 3553 2145 3650 prefigit.

998 3932 1005 3937 .
1087 3859 1159 3963 (ἢ)
1194 3889 1409 3948 scilicet
1435 3892 1507 3946 25
1534 3888 1681 3961 iulii,
1719 3893 1783 3944 ut
1809 3901 1998 3961 supra.

1084 3998 1158 4073 (2)
1193 4000 1316 4056 Non
1343 3998 1482 4056 bene
1514 3997 1682 4070 liquet
1705 4003 1889 4055 utrum
1912 3997 2028 4055 dies
2060 3994 2325 4053 dominica
2354 3996 2702 4053 antefactum
2744 3994 2888 4053 beau’
2919 3995 3108 4054 Jacobi
3143 3996 3240 4068 (2⁴
3260 3995 3409 4068 julii)
3441 4010 3514 4053 an
3540 4003 3663 4069 post
3691 3994 3832 4052 idem

1014 4097 1211 4154 festum
1239 4096 1319 4169 (34
1346 4094 1479 4169 julio
1504 4093 1722 4166 intelligi
1753 4094 1968 4152 debeat.
1997 4093 2148 4150 Hanc
2182 4099 2364 4150 tamen
2389 4091 2633 4150 ultimam
2662 4091 2803 4149 diem
2826 4091 3171 4150 verisimilius
3195 4092 3520 4149 audiendam
3541 4092 3826 4149 credimus.

1086 4205 1159 4280 (3)
1196 4205 1350 4262 Anno
1367 4206 1508 4261 4266
1527 4205 1581 4261 in
1604 4206 1693 4262 die
1711 4204 1895 4262 Sancti
1917 4203 2159 4262 oswaldi
2189 4204 2328 4276 regis
2358 4205 2407 4277 (5
2435 4202 2672 4277 augusti)
2694 4202 3001 4261 conflictum
3027 4203 3220 4260 habuit
3241 4202 3517 4260 Conradus
3538 4218 3635 4259 rex
3658 4217 3827 4276 prope

1012 4301 1234 4359 fluvium
1253 4301 1449 4372 Nidda,
1473 4301 1545 4359 ad
1568 4316 1733 4373 quem
1763 4303 2026 4359 miserunt
2048 4300 2491 4359 wormacienses
2518 4306 2752 4358 armatos
2774 4307 2831 4358 et
2855 4316 3026 4357 naves
3049 4300 3286 4358 bellicas.
3311 4299 3508 4356 Annal.
3546 4301 3827 4370 Wormat„

1010 4414 1103 4474 ap.
1134 4398 1429 4469 Boanum
1458 4397 1675 4470 Fontes,
1706 4404 1746 4455 t.
1769 4399 1837 4469 11,
1861 4416 1916 4472 p.
1947 4402 2073 4456 485.
2100 4398 2383 4456 Heinricus
2406 4414 2501 4455 rex
2522 4396 2748 4455 collecto
2766 4397 3042 4471 praeclaro
3065 4395 3302 4455 exercitu
3325 4412 3447 4453 cum
3470 4396 3710 4454 Conrado
3730 4395 3829 4453 sibi

1009 4494 1262 4553 resistere
1288 4498 1513 4550 conante
1543 4496 1693 4564 juxta
1728 4493 1949 4551 fluvium
1977 4496 2196 4567 Mogum
2224 4510 2333 4551 non
2359 4494 2518 4566 longe
2546 4493 2617 4551 ab
2649 4493 2844 4568 oppido
2871 4493 3232 4551 Frankenrurt
3264 4492 3418 4550 nonis
3450 4494 3661 4564 augusti
3690 4508 3834 4550 con-

1008 4592 1143 4650 flixit
1172 4597 1229 4648 et
1345 4589 1516 4647 victor
1536 4590 1771 4647 existens
1787 4591 1859 4648 ad
1873 4591 2020 4648 mille
2038 4591 2149 4649 lere
2165 4591 2311 4648 viros
2325 4591 2568 4664 captivos
2588 4590 2831 4648 abduxit.
2852 4589 3106 4647 chronic.
3127 4588 3433 4663 Erphurd„
3453 4587 3676 4663 ibidem,
3701 4597 3740 4647 t.
3761 4589 3825 4661 11,

1007 4707 1063 4765 p.
1085 4691 1212 4747 20⁴.
1235 4687 1317 4745 cf.
1344 4685 1545 4744 Amal.
1573 4686 1886 4760 Arpemin„
1914 4686 2135 4759 ibidem,
2165 4695 2206 4745 t.
2235 4688 2305 4759 11,
2336 4704 2392 4761 p.
2419 4691 2546 4759 408,
2575 4695 2631 4745 et
2653 4686 2853 4744 Albort.
2876 4687 3039 4746 Stad.
3069 4688 3140 4745 ad
3167 4702 3386 4744 annum.
