4364 5738
575 506 775 567 Ιηυιοτ.
808 505 899 584 2.]
1471 506 1868 567 HISTORIA
1920 508 2509 574 mPLOMA'rch.
3286 508 3401 568 179

571 640 944 738 Altopassu
982 640 1088 738 (4)
1131 643 1420 736 ejusque
1465 643 1936 739 possessiones
1974 665 2218 717 omnes
2261 655 2401 717 tam
2441 669 2775 743 personas
2810 668 3019 739 quam
3069 666 3179 716 res
3226 664 3400 737 quas

577 765 786 837 modo
815 765 1028 837 habet
1060 777 1130 837 et
1168 766 1476 861 possidet
1505 777 1628 838 aut
1660 767 1748 839 de
1777 780 2010 842 cetero
2041 772 2185 841 Deo
2219 770 2432 842 dante
2462 774 2650 864 juste
2694 771 2952 843 habere
2994 767 3395 862 contigerit,

575 888 646 959 in
698 890 1128 984 protectione
1178 900 1389 983 atque
1439 890 1844 963 defensione
1889 893 2037 963 sive
2090 893 2381 965 tuitione
2432 896 2816 990 suscepisse
2871 902 2942 966 et
2993 891 3400 964 nominatim

577 1012 911 1106 quicquid
943 1013 1157 1085 hahet
1187 1036 1310 1086 seu
1341 1014 1651 1109 possidet
1677 1014 1748 1087 in
1781 1016 1936 1089 loco
1962 1017 2285 1090 Cerbaria
2313 1020 2426 1091 vel
2454 1018 2526 1089 in
2561 1021 2712 1112 ejus
2744 1018 2998 1090 finibus
3035 1016 3207 1089 etin
3238 1016 3402 1088 Val-

581 1136 819 1209 lecava
864 1159 988 1209 seu
1035 1138 1110 1210 in
1155 1140 1498 1212 Salanova
1535 1150 1607 1211 et
1649 1140 2012 1232 Marlan'o,
2066 1151 2137 1234 et
2181 1142 2516 1236 quicquid
2562 1142 2775 1214 habet
2819 1164 2944 1214 seu
2989 1140 3297 1237 possidet
3329 1138 3403 1209 in

580 1261 790 1355 plano
824 1261 913 1333 de
951 1263 1131 1334 Luca
1166 1272 1238 1334 et
1272 1263 1458 1334 intus
1490 1263 1563 1334 in
1605 1263 1884 1336 civitate
1919 1273 1991 1336 et
2026 1264 2361 1358 quicquid
2400 1266 2612 1337 hahet
2647 1276 2719 1338 et
2752 1265 3060 1361 possidet
3099 1263 3173 1334 in
3212 1261 3404 1333 curia

583 1384 672 1456 de
723 1385 940 1457 Piscia
989 1396 1129 1458 tam
1178 1387 1592 1459 molendinis
1638 1398 1710 1459 et
1749 1408 1992 1460 eorum
2041 1389 2547 1482 aqueductibus
2599 1411 2810 1481 quam
2865 1388 3074 1459 etiam
3124 1387 3197 1457 in
3252 1384 3405 1456 aliis

584 1513 1159 1605 possessionihuS,
1203 1523 1273 1586 et
1317 1515 1660 1608 quidquid
1690 1515 1904 1588 hahet
1934 1536 2059 1587 seu
2092 1516 2402 1611 possidet
2444 1518 2513 1589 in
2550 1518 2702 1590 loco
2730 1515 3082 1589 Vivinaria
3113 1514 3226 1586 vel
3255 1514 3404 1604 ejus

585 1645 807 1725 curte,
832 1648 901 1707 et
929 1637 1269 1730 quidquid
1301 1638 1515 1710 hahet
1545 1661 1669 1710 seu
1698 1639 2006 1735 possidet
2034 1640 2107 1711 in
2134 1641 2289 1714 loco
2316 1641 2534 1714 Potho
2567 1642 2680 1714 vel
2709 1642 2862 1733 ejus
2893 1648 3087 1711 curte
3116 1648 3189 1711 et
3217 1637 3407 1731 quic-

584 1759 755 1851 quid
790 1759 1002 1832 habet
1046 1782 1171 1832 seu
1224 1762 1535 1857 possidet
1575 1763 1648 1833 in
1694 1764 1847 1836 loco
1890 1764 2160 1836 Ficeclo
2211 1765 2327 1837 vel
2375 1767 2527 1857 ejus
2578 1773 2773 1836 curte
2824 1785 2985 1835 cum
3028 1772 3241 1857 ponte
3286 1760 3406 1854 qui

585 1904 795 1977 super
820 1882 1090 1955 Arnum
1126 1897 1233 1957 est
1268 1886 1340 1955 in
1374 1887 1688 1981 predicto
1732 1887 1885 1959 loco
1915 1889 2182 1961 Ficeclo
2212 1898 2284 1960 et
2315 1891 2466 1979 ejus
2503 1889 2937 1984 pertinentiis
2979 1886 3301 1959 omnibus
3337 1895 3410 1956 et

584 2007 862 2078 Cerreto
899 2029 1117 2102 prope
1153 2008 1381 2101 ipsum
1417 2008 1794 2098 Ficeclum‚
1833 2021 1905 2082 et
1931 2012 2263 2103 quicquid
2295 2011 2507 2083 hahet
2537 2032 2661 2082 seu
2693 2012 3002 2106 possidet
3039 2001 3105 2080 i'n
3137 2011 3403 2106 episco-

587 2113 755 2224 patu
783 2131 1198 2204 Vulterrano
1231 2132 1298 2202 in
1335 2132 1487 2204 loco
1514 2133 1633 2203 ubi
1669 2132 1920 2204 dicitur
1954 2133 2213 2205 Padule
2255 2145 2325 2205 et
2367 2134 2439 2204 in
2483 2135 2635 2206 loco
2672 2134 2793 2206 uhi
2826 2133 3079 2205 dicitur
3112 2132 3403 2204 ecclesia

589 2254 821 2325 Sancti
861 2254 1191 2327 Iohannis
1229 2256 1319 2327 de
1357 2255 1827 2346 Sorbolarico‚
1879 2257 1953 2329 in
1989 2258 2171 2329 valle
2216 2258 2305 2330 de
2342 2258 2589 2329 Cecina
2632 2257 2752 2329 ubi
2796 2256 3049 2328 dicitur
3084 2265 3279 2327 curte
3320 2255 3408 2326 de

587 2378 939 2450 Cavallare
974 2389 1095 2450 aut
1125 2380 1197 2449 in
1230 2401 1471 2451 eorum
1504 2380 1760 2451 finibus
1789 2390 1912 2452 aut
1940 2381 2285 2475 quidquid
2314 2381 2526 2455 habet
2558 2403 2683 2452 seu
2718 2379 3026 2477 possidet
3060 2379 3132 2449 in
3162 2378 3410 2451 eodem

592 2503 992 2597 episcopatu
1024 2504 1439 2576 Vulterrano
1485 2505 1610 2576 uhi
1650 2504 1903 2576 dicitur
1941 2506 2296 2578 Scornello
2338 2506 2452 2578 vel
2492 2506 2562 2576 in
2606 2507 2758 2598 ejus
2795 2504 3078 2593 finibuS‚
3111 2512 3181 2574 et
3212 2502 3408 2595 quic-

592 2627 762 2720 quid
806 2627 1020 2700 habet
1068 2650 1192 2699 seu
1240 2629 1548 2723 possidet
1599 2628 1672 2698 in
1711 2629 1961 2701 eodem
2008 2629 2410 2725 episcopatu
2436 2631 2884 2720 Vulterrano‚
2934 2630 3003 2699 in
3049 2638 3274 2700 castro
3320 2627 3411 2698 de

593 2751 885 2843 Agnano
927 2762 998 2824 et
1038 2753 1190 2844 ejus
1221 2751 1510 2844 finibuS,
1550 2762 1620 2824 et
1660 2753 2000 2846 quidquid
2049 2753 2263 2826 habet
2310 2776 2434 2826 seu
2483 2754 2795 2850 possidet
2844 2753 2915 2823 in
2971 2754 3125 2825 loco
3179 2751 3411 2822 Sancti

594 2875 866 2948 Genesii
896 2879 1010 2949 vel
1043 2878 1194 2969 ejus
1234 2876 1488 2949 finibus
1520 2889 1590 2949 et
1619 2878 1960 2971 quidquid
1995 2879 2067 2948 in
2100 2880 2254 2952 loco
2286 2880 2520 2951 Stahia
2561 2887 2632 2950 et
2662 2877 3003 2971 quidquid
3044 2876 3255 2948 habet
3288 2897 3414 2947 seu

597 3000 904 3093 possidet
948 3000 1015 3070 in
1059 3000 1658 3097 archiepiscopatu
1704 3003 1953 3075 Pisano
2001 3013 2140 3075 tam
2195 3005 2373 3076 intra
2425 3003 2774 3075 civitatem
2817 3023 3027 3093 quam
3070 3011 3304 3088 extra,
3343 3008 3415 3070 et

598 3124 929 3218 quicquid
962 3124 1169 3196 hahet
1210 3134 1282 3196 et
1316 3126 1622 3219 possidet
1651 3127 1721 3196 in
1756 3128 1909 3199 loco
1939 3128 2141 3200 Prato
2176 3139 2249 3200 et
2278 3129 2426 3219 ejus
2458 3126 2713 3199 finibus
2745 3126 2918 3197 etin
2951 3127 3103 3197 loco
3138 3125 3414 3196 Cerreto

600 3247 773 3318 etin
805 3248 958 3323 loco
987 3248 1256 3320 Palaria
1289 3248 1459 3320 etin
1507 3259 1701 3321 curte
1734 3252 2007 3322 Porcari
2053 3274 2177 3324 seu
2211 3251 2282 3323 in
2314 3252 2468 3323 aliis
2508 3251 2676 3323 locis
2720 3250 2834 3323 vel
2874 3248 3233 3322 vocabulis
3277 3259 3415 3320 tam

600 3372 809 3444 etiam
841 3371 914 3441 in
949 3372 1148 3443 terris
1167 3394 1380 3466 quam
1410 3372 1483 3443 in
1517 3374 1716 3465 aquis
1737 3383 1809 3445 et
1833 3374 2140 3470 piscariis
2167 3397 2293 3448 seu
2320 3375 2719 3471 paludibus,
2750 3386 2821 3447 et
2843 3372 3182 3468 quidquid
3205 3371 3418 3444 hahet

585 3516 727 3579 ¹seu
757 3494 1066 3590 possidet
1095 3494 1168 3564 in
1219 3495 1622 3590 episcopatu
1656 3496 2054 3570 Florentino
2089 3509 2228 3569 tam
2285 3499 2356 3569 in
2402 3500 2552 3593 ipsa
2599 3499 2876 3569 civitate
2919 3518 3129 3589 quam
3184 3504 3407 3567 extra.

603 3620 922 3692 Preterea
953 3642 1046 3691 ex
1079 3619 1293 3711 regali
1332 3628 1569 3692 nostra
1615 3619 2083 3692 munificentia
2121 3632 2332 3715 atque
2379 3621 2798 3694 authoritate
2837 3621 2983 3712 jam
3022 3619 3209 3691 dicto
3254 3617 3416 3689 hos-

603 3742 795 3835 pitali
828 3752 898 3814 et
938 3743 1264 3815 fratribus
1307 3743 1402 3813 ibi
1436 3763 1563 3837 pro
1600 3755 1912 3837 tempore
1953 3744 2505 3818 deservientibus
2535 3743 2981 3819 concedimus
3016 3752 3225 3833 atque
3258 3762 3415 3833 per·

603 3867 935 3939 mittimus
969 3868 1040 3937 in
1078 3867 1391 3961 predicto
1425 3868 1578 3941 loco
1627 3868 1949 3941 Cerbaria
1999 3879 2071 3941 et
2115 3871 2518 3966 episcopatu
2560 3867 3079 3943 Vulterranensi
3132 3866 3203 3935 in
3253 3864 3417 3934 locis

676 4132 744 4205 (l)
781 4133 1191 4191 Xeuodochium
1218 4134 1347 4191 illud
1373 4134 1580 4209 insigne
1601 4135 1727 4192 olim
1751 4135 1820 4194 de
1840 4137 2157 4210 Teupascio,
2186 4142 2373 4208 postea
2396 4141 2645 4208 corrupte
2667 4135 2735 4190 de
2755 4133 3037 4206 Altopassn
3057 4131 3282 4200 dictum,
3309 4145 3418 4186 non

603 4228 775 4287 solum
802 4232 858 4287 in
883 4232 1109 4289 Tusciae
1137 4233 1383 4305 partibus
1410 4232 1580 4289 multa
1607 4232 1750 4289 bona
1783 4233 2125 4305 possidebat,
2147 4234 2255 4309 ,sed
2283 4234 2444 4289 etiam
2471 4247 2568 4304 per
2605 4230 2916 4287 universam
2940 4230 3109 4288 ferme
3145 4229 3417 4302 Europam

605 4328 939 4399 mansiones,
966 4334 1026 4385 ut
1052 4329 1344 4400 vocabant,
1372 4329 1593 4400 habuit3
1636 4330 1775 4386 inter
1802 4345 1937 4402 quas
1973 4329 2028 4385 in
2056 4345 2164 4386 uno
2193 4344 2226 4385 e
2256 4328 2528 4386 suburbiis
2553 4326 2879 4384 Parisiorum
2921 4326 3202 4385 ecclesiam
3245 4341 3419 4399 usque

605 4425 674 4479 ad
700 4424 1017 4482 hodiernum
1052 4426 1195 4482 diem
1221 4426 1657 4499 saint-lacques
1681 4424 1757 4481 du
1781 4426 2061 4482 Haut-Pas
2096 4425 2424 4482 nominatam
2460 4433 2515 4482 et
2550 4424 2866 4499 parrochiali
2907 4424 3058 4480 titulo
3093 4423 3412 4496 insignitam.

607 4522 681 4579 De
709 4522 813 4579 isto
841 4522 1168 4579 xenodochio
1201 4523 1470 4595 egregiam
1503 4522 1779 4579 historiam
1816 4536 1961 4580 anno
1989 4524 2128 4579 ⁴8⁴5
2166 4521 2399 4596 parabat
2424 4523 2496 4579 cl.
2525 4524 2612 4579 vir
2638 4523 2781 4593 Bini‚
2819 4521 3108 4579 canonicus
3137 4520 3417 4590 Lucensis,

606 4620 697 4691 qui
727 4618 885 4675 nohis
912 4618 1352 4677 documentorum
1379 4637 1413 4676 a
1438 4620 1618 4693 seipso
1651 4618 1997 4679 collectorum
2023 4618 2252 4676 libenter
2275 4620 2488 4692 copiam
2513 4618 2659 4677 fecit.
