4364 5738
1035 554 1158 619 396
2032 556 2463 621 ramulum
2511 556 2859 620 suenum
3476 560 3639 644 [An.
3676 564 3852 626 12⁴6.

1038 713 1216 772 nem
1251 691 1617 776 Bernardi
1653 692 1897 776 Rubei
1933 704 2011 776 et
2050 691 2660 776 Lomhardorum
2708 699 3214 773 tractaverant
3246 703 3572 776 mortem
3609 694 3858 804 impe—

1039 824 1344 931 ratoria,
1384 825 1887 935 aufugerunt,
1925 827 2320 909 credentes
2349 824 2604 933 ipsum
2654 822 2902 905 scelus
2942 823 3434 907 manifestum
3479 851 3647 910 esse
3691 829 3855 911 im·-

1039 957 1370 1064 peratori
1426 958 1589 1067 (1);
1648 984 1844 1068 quos
1896 959 2308 1066 imperator
2359 982 2540 1039 cum
2604 955 2763 1038 suis
2825 954 3196 1038 militibus
3250 967 3366 1039 est
3421 973 3860 1068 persecutus

1038 1090 1406 1198 capiendo
1457 1091 1715 1199 plures
1750 1118 1846 1174 ex
1879 1091 2065 1200 ipsis
2100 1115 2300 1202 quos
2334 1088 2653 1174 diversis
2688 1087 2953 1198 poenis
2986 1089 3350 1173 cruciavit
3401 1153 3422 1173 .
3489 1152 3510 1172 .
3578 1152 3598 1173 .
3639 1092 3853 1176 Pan-

1040 1221 1303 1305 dulfus
1337 1221 1640 1333 fugiens
1684 1225 1989 1306 intravit
2035 1222 2358 1305 Romam
2403 1231 2480 1304 et
2514 1220 2896 1304 Tebaldus
2939 1222 3247 1305 intravit
3291 1223 3498 1305 intus
3534 1224 3854 1310 Roccam

1040 1354 1137 1436 de
1188 1353 1508 1462 Capacia
1570 1355 1650 1435 in
1715 1382 1870 1465 qua
1926 1356 2261 1438 multum
2326 1355 2769 1437 thesaurum
2829 1353 3305 1463 imperatoris
3350 1354 3847 1469 recolligerat.

1050 1546 1420 1569 .....
1477 1485 1767 1571 Eodem
1822 1497 2161 1595 tempore
2219 1512 2352 1569 rex
2405 1484 2735 1568 Hencius
2801 1511 2980 1568 cum
3047 1485 3484 1570 marchione
3542 1487 3852 1597 Lancia,

1044 1616 1413 1703 militibus
1448 1645 1755 1730 quoque
1807 1619 2225 1702 Cremonae
2259 1628 2335 1702 et
2378 1617 2655 1727 Papiae
2678 1678 2702 1725 ‚
2758 1617 3068 1701 intravit
3113 1618 3492 1704 civitatem
3545 1622 3857 1706 Parmae

1051 1813 1069 1833 .
1140 1814 1158 1834 .
1227 1815 1247 1833 .
1290 1762 1366 1834 et
1427 1753 1506 1833 in
1556 1752 1862 1862 publica
1928 1752 2306 1834 concione·
2352 1750 2527 1833 fecit
2585 1750 2883 1833 recitari
2940 1750 3366 1861 Ugonilupo
3437 1753 3858 1838 marchioni

1044 1886 1431 1993 quomodo
1468 1885 1737 1969 fratres
1774 1885 1938 1994 ejus
1975 1895 2049 1967 et
2082 1885 2514 1968 Bernardus
2563 1883 2885 1966 Rolandi
2921 1884 3162 1968 Rubei
3206 1896 3283 1968 et
3320 1884 3448 1967 alii
3484 1896 3861 1971 tractave-

1043 2029 1218 2102 rant
1260 2044 1441 2102 cum
1491 2019 1827 2102 Tebaldo
1881 2018 2281 2100 Francisco
2329 2017 2465 2127 qui
2511 2016 2591 2097 in
2638 2018 2904 2100 eodem
2955 2042 3157 2101 anno
3205 2018 3284 2100 in
3328 2017 3603 2101 Parma
3651 2022 3858 2103 exti-

1049 2161 1235 2234 terat
1284 2177 1418 2260 per
1466 2162 1912 2260 potestatem
1930 2213 1953 2258 ‚
2011 2161 2337 2235 mortem
2392 2149 2869 2258 imperatoris
2920 2161 2998 2233 et
3049 2150 3252 2260 regis
3304 2150 3520 2234 Encii
3539 2213 3564 2257 ,
3612 2153 3857 2262 polli-

1042 2296 1296 2367 centes
1366 2286 1511 2393 ipsi
1584 2284 1919 2368 Tebaldo
1990 2310 2072 2365 se
2142 2309 2469 2392 regnum
2541 2282 2838 2365 Siciliae
2908 2309 3046 2391 per
3114 2284 3513 2366 dominum
3581 2311 3857 2394 papam

1041 2442 1534 2501 concessuros
1555 2479 1579 2520 ,
1624 2426 2011 2526 sperantes
2059 2415 2341 2498 habere
2390 2441 2755 2525 magnam
2800 2415 3150 2498 virtutem
3187 2426 3263 2498 et
3314 2427 3760 2525 potestatem
3812 2445 3858 2501 a

1041 2551 1355 2635 domino
1393 2576 1619 2659 papa,
1659 2576 1838 2632 cum
1869 2549 2032 2659 ipse
2067 2548 2502 2631 Bernardus
2538 2559 2700 2631 erat
2731 2558 3102 2657 cognatus
3142 2547 3339 2657 ejus,
3384 2551 3724 2632 chronic.
3768 2555 3856 2631 de

1044 2687 1199 2766 reb.
1252 2683 1333 2765 in
1367 2686 1546 2766 Ital.
1596 2682 1846 2791 qestis,
1897 2709 1977 2790 p.
2021 2683 2214 2787 207,
2254 2682 2444 2763 208.

689 3234 910 3339 elffii&
1149 3211 1632 3295 Innocentius
1703 3237 1900 3319 papa
1963 3212 2383 3323 encyclicae
2449 3213 2505 3294 F
2506 3213 2806 3295 riderici
2878 3211 3350 3321 imperatoris
3412 3213 3848 3321 respondet,

1046 3353 1498 3457 argumenta
1534 3342 1699 3453 ejus
1749 3344 2100 3428 refellens
2154 3346 2251 3428 de
2288 3345 2656 3427 ministris
2692 3344 3068 3429 Ecclesiae
3103 3346 3200 3427 ad
3258 3356 3542 3427 statum
3593 3343 3856 3427 Eccle-

1048 3478 1207 3562 siae
1243 3478 1667 3588 primitivae
1710 3479 2158 3561 reducendis
2179 3539 2205 3586 ,
2254 3504 2671 3589 omnesque
2706 3504 2925 3589 reges
2940 3540 2964 3583 ,
3013 3477 3388 3587 principes
3404 3540 3428 3586 ‚
3483 3478 3854 3586 praelatos

1044 3590 1119 3699 et
1168 3613 1562 3697 universos
1606 3612 2059 3695 christianos
2111 3612 2460 3695 hortatur
2507 3612 2714 3722 quod
2769 3611 2848 3692 in
2889 3611 3095 3694 hunc
3143 3610 3280 3694 Dei
3334 3620 3409 3694 et
3459 3611 3852 3695 hominum

1044 3747 1440 3831 inimicum
1477 3770 1692 3828 arma
1728 3744 2188 3827 unanimiter
2225 3758 2646 3827 assumant.

1209 3962 1442 4040 (Edidit
1467 3961 1746 4032 Horten,
1774 3959 1943 4019 Kais.
1979 3956 2213 4018 Friodr.
2246 3959 2337 4032 11,
2368 3960 2643 4037 append„
2673 3967 2740 4019 n·
2770 3968 2875 4035 54,
2907 3975 2942 4019 e
2966 3958 3102 4020 cod.
3147 3958 3303 4022 Bibl.
3348 3960 3546 4022 Cesar.
3597 3960 3849 4022 vindob.

1283 4064 1593 4148 Philoloq„
1620 4075 1686 4126 11⁰
1715 4075 1851 4126 805.
1896 4064 2145 4125 Mendes
2172 4065 2561 4126 evidentiores
2586 4063 2995 4144 correximus)

1142 4254 1617 4345 InnocentiuS,
1660 4262 1794 4326 etc.
1834 4252 2013 4345 Agni
2050 4273 2309 4348 sponsa
2347 4252 2601 4324 nobilis
2639 4253 2933 4327 formata
2980 4251 3265 4328 mirifice
3304 4254 3396 4327 de
3433 4255 3652 4326 latere
3694 4253 3851 4326 dor·

3465 4443 3847 4492 Γ--Ἲ-

1122 4559 1196 4633 (4)
1234 4558 1805 4630 conjurationemvero
1833 4575 1867 4617 a
1896 4560 2149 4618 Riocardo
2177 4559 2374 4617 comite
2397 4558 2686 4617 Cat-§ortano
2703 4559 3014 4633 imperatori
3033 4559 3199 4617 fuisse
3224 4559 3497 4618 ducciam
3518 4558 3655 4619 varii
3667 4565 3846 4627 testes,

1045 4674 1153 4717 non
1181 4663 1364 4714 tamen
1387 4655 1691 4727 coaetanei,
1718 4655 2003 4714 affirmant.
