4364 5738
601 615 803 674 lucter.
826 611 971 688 ¹3·].
1487 605 1885 667 HISTORIA
1932 608 2528 671 DIPLOMAT1CA.
3298 609 3420 671 313

597 743 695 825 de
738 737 1213 850 Oppenheim
1244 735 1586 819 fidelium
1623 744 1980 844 suorum,
2031 740 2374 823 concedit
2425 753 2509 822 ut
2553 739 2812 823 nullus
2864 765 3129 823 eorum
3178 766 3416 825 occa-

599 874 813 959 sione
864 871 1101 955 duelli
1163 870 1457 954 evocari
1501 869 1621 953 vel
1681 879 1894 953 extra
1947 870 2325 955 civitatem
2380 898 2605 981 super
2649 898 3135 982 quacumque
3185 899 3417 957 causa

601 1006 799 1089 trahi
835 1005 1075 1114 possit
1111 1003 1207 1084 ad
1240 1001 1644 1112 judicium.

764 1219 1015 1300 (Inedtt.
1046 1236 1121 1279 ex
1149 1218 1425 1296 original.
1452 1218 1519 1277 ln
1554 1217 1718 1278 arch.
1749 1217 2114 1280 Darmstadt.
2143 1226 2211 1277 n⁰
2244 1226 2318 1292 ὃς
2349 1217 2511 1279 unde
2549 1218 2810 1296 sigillum
2851 1217 3220 1296 appendebat
3254 1218 3414 1295 quod

838 1325 1112 1387 avulsum
1140 1322 1278 1402 est.)
2455 1352 2460 1358 -

618 1574 621 1575 f
695 1515 842 1602 Fr.‚
876 1512 1002 1583 Dei
1037 1510 1258 1603 gratia
1291 1510 1760 1582 Romanorum
1796 1510 2173 1606 imperator
2204 1531 2482 1605 semper
2510 1498 2880 1605 augustuS,
2923 1512 3302 1583 Jerusalem
3344 1520 3414 1582 et

599 1637 830 1710 Sicilie
872 1658 1026 1707 rex.
1068 1635 1256 1706 Licet
1291 1634 1662 1729 imperialis
1704 1635 2122 1706 excellentia
2164 1633 2595 1705 liberalitatis
2642 1655 2766 1705 sue
2806 1635 2992 1707 dona
3031 1634 3415 1707 diffundere

598 1758 1035 1833 consueverit
1065 1758 1137 1827 in
1170 1758 1544 1850 subjectOS‚
1575 1778 1815 1830 eorum
1845 1768 2077 1830 tamen
2105 1757 2488 1828 commodis
2512 1767 2583 1830 et
2609 1757 2825 1850 quieti
2852 1766 3127 1830 tenetur
3150 1759 3416 1853 specia-

598 1882 732 1953 lius
770 1881 1139 1977 providere
1191 1900 1368 1973 quos
1409 1902 1583 1974 pura
1618 1879 1793 1953 fides
1841 1890 1912 1951 et
1946 1882 2214 1952 sincera
2251 1879 2528 1952 devotio
2564 1879 2754 1973 apud
2800 1880 2991 1952 illam
3039 1881 3249 1955 efficit
3278 1883 3417 1955 cla·

595 2006 840 2077 riores.
872 2006 1016 2075 Hac
1047 2003 1283 2096 itaque
1319 2003 1511 2075 ducti
1536 2002 1800 2075 ratione
1818 2056 1838 2092 ‚
1874 2025 2004 2097 per
2027 2024 2314 2097 presens
2344 2003 2676 2097 scriptum
2699 2004 2794 2075 ad
2819 2005 3312 2077 modernorum
3348 2016 3416 2077 et

597 2130 987 2200 futurorum
1019 2125 1334 2197 notitiam
1370 2125 1736 2220 pervenire
1769 2125 2086 2220 cupimus
2118 2135 2191 2197 et
2218 2126 2542 2220 protendi
2577 2126 2766 2218 quod
2800 2148 2929 2198 nos
2967 2129 3412 2223 supplicatio-

601 2252 806 2322 nibus
842 2249 1097 2321 civium
1129 2249 1219 2320 de
1248 2247 1659 2343 Oppenhein
1690 2247 2001 2320 fidelium
2039 2257 2435 2319 nostrorum
2470 2247 2943 2320 favorabiliter
2972 2249 3307 2340 inclinati,
3339 2259 3417 2320 ut

600 2375 940 2447 incolatus
972 2392 1214 2443 eorum
1251 2370 1507 2442 favoris
1543 2380 1613 2442 et
1642 2370 1862 2463 gratie
1889 2380 2123 2442 nostre
2160 2353 2566 2442 continuum
2601 2370 2852 2442 sentiat
2881 2370 3410 2463 incrementum,

598 2495 1032 2570 universitati
1076 2495 1384 2589 ipsorum
1421 2491 1510 2564 de
1555 2494 1990 2588 plenitudine
2024 2495 2388 2590 potestatis
2430 2505 2664 2566 nostre
2704 2496 2929 2569 taliter
2970 2497 3418 2591 providemus

601 2630 681 2691 ut
724 2620 918 2691 nulla
962 2617 1247 2689 omnino
1293 2637 1594 2710 persona
1642 2617 1864 2689 civem
1913 2617 2311 2713 quempiam
2350 2617 2648 2689 civitatis
2694 2618 3009 2709 ejusdem
3057 2620 3418 2693 occasione

603 2743 818 2815 duelli
859 2743 1090 2813 valeat
1120 2761 1456 2829 evocare,
1493 2740 1865 2835 nullusque
1899 2741 2070 2813 civis
2113 2750 2314 2812 extra
2354 2740 2704 2813 civitatem
2729 2741 2949 2835 ipsam
2994 2764 3204 2838 super
3240 2766 3417 2837 qua·-

604 2888 899 2960 cumque
924 2887 1134 2939 causa
1162 2863 1340 2936 trahi
1369 2864 1585 2959 possit
1607 2863 1698 2936 ad
1714 2864 2053 2957 judicium
2080 2866 2554 2957 cujuscunque
2568 2865 2824 2957 judicis
2844 2867 3197 2958 secularis,
3226 2869 3419 2943 salva

606 2991 677 3061 in
709 2990 1031 3063 omnibus
1073 2998 1308 3061 nostra
1354 2997 1425 3059 et
1470 2987 1741 3082 imperii
1774 2988 2211 3061 auctoritate.
2257 2988 2665 3061 Mandamus
2699 2988 2909 3082 igitur
2940 2992 3071 3062 sub
3107 2991 3418 3063 intermi-

606 3113 886 3185 natione
917 3112 1137 3205 gratie
1168 3120 1402 3183 nostre
1428 3111 1889 3207 precipientes
1917 3111 2223 3184 districte
2250 3112 2577 3205 quatinus
2599 3114 2832 3184 nullus
2860 3113 2951 3185 sit
2974 3114 3092 3207 qui
3116 3116 3421 3211 presenti
3500 3206 3509 3216 .

609 3244 843 3308 nostre
893 3233 1113 3326 gratie
1131 3285 1151 3323 ‚
1210 3255 1418 3326 quam
1471 3234 1542 3304 in
1594 3234 1876 3306 eosdem
1920 3236 2109 3308 cives
2155 3244 2489 3329 tanquam
2528 3236 2991 3309 benemeritos
3047 3238 3423 3311 liberaliter

611 3357 1062 3445 effundimuS,
1098 3366 1455 3450 presumat
1492 3364 1752 3429 temere
1784 3357 2155 3429 contraire.
2201 3357 2402 3442 Quod
2430 3358 2549 3453 qui
2579 3359 3078 3454 presumpserit
3102 3361 3419 3454 indigna-

610 3482 869 3554 tionem
917 3489 1227 3551 nostram
1272 3500 1348 3551 se
1386 3478 1558 3551 sciat
1605 3480 1911 3571 graviter
1956 3480 2421 3552 incursurum.
2471 3480 2582 3553 Ad
2631 3483 2831 3573 cujus
2879 3483 2979 3554 rei
3018 3486 3421 3557 memoriam

607 3626 896 3700 presens
943 3603 1278 3698 scriptum
1323 3601 1472 3674 fieri
1516 3612 1586 3674 et
1622 3601 1846 3694 sigillo
1889 3614 2122 3676 nostre
2158 3603 2587 3676 celsitudinis
2614 3604 2943 3696 jussimus
2977 3608 3412 3680 communiri.

704 3726 880 3799 Acta
938 3736 1101 3798 sunt
1165 3725 1298 3797 hec
1360 3745 1546 3797 anno
1598 3724 1943 3798 dominice
1993 3726 2486 3798 incarnationis
2534 3726 2896 3800 millesimo
2948 3728 3420 3803 ducentesimo

609 3848 1139 3944 quadragesimo
1168 3847 1439 3941 quinto,
1469 3869 1710 3920 mense
1732 3848 1916 3940 julii,
1956 3850 2166 3921 tercie
2200 3849 2616 3922 indictionis.

705 3974 957 4044 Datum
988 3971 1297 4061 verone,
1347 3991 1568 4061 anno,
1609 3991 1883 4063 mense,
1929 3971 2304 4045 indictione
2331 3972 2757 4068 prescriptis.

706 4097 793 4168 Et
824 4094 1003 4167 infra
1034 4095 1282 4168 eodem
1315 4103 1665 4166 caractere
1702 4095 2026 4167 scribitur
2057 4123 2073 4167 ε
2112 4096 2492 4190 Philippus.

722 4676 1145 4763 Fridericus
1165 4743 1189 4788 ‚
1246 4682 1765 4767 Romanorum
1829 4683 2269 4790 imperator,
2333 4680 2705 4765 universis
2767 4686 3275 4771 castrensibus
3331 4687 3426 4771 de

776 4812 883 4875 vt.
3033 4830 3108 4880 4ο

3550 4694 3751 4739 Veronae
3761 4726 3779 4750 ,

3587 4749 3720 4802 June.
