4364 5738
581 544 784 637 ιηίοτ.
815 573 909 651 a]
1477 556 1873 632 msrom‘a'
1921 555 2515 634 m'PLOMATmA.
3286 571 3406 633 267

586 727 811 802 eoque
852 707 1072 800 magis
1107 705 1200 778 ad
1237 703 1312 777 id
1349 693 1747 777 inducimur
1783 713 1857 776 et
1900 705 2289 801 promptius
2326 707 2714 778 animamur
2754 727 2894 799 quo
2941 685 3031 779 de
3075 684 3407 779 filiatione

584 841 821 905 nostra
850 830 1078 903 velitis
1105 828 1469 902 affectione
1494 838 1787 925 paterna
1814 826 2202 921 confidere,
2239 829 2409 901 dum
2435 829 2639 901 nobis
2668 829 3120 902 amicabiliter
3149 831 3408 925 petitur

583 978 711 1052 per
735 955 1058 1029 eumdem
1088 954 1279 1047 quod
1307 975 1436 1026 nos
1462 974 1664 1026 versa
1690 954 1846 1026 vice
1874 953 1964 1026 de
1990 954 2192 1026 vobis
2220 953 2291 1024 in
2320 954 2454 1027 hiis
2486 975 2623 1046 que
2653 954 2867 1027 decus
2892 954 3163 1049 imperii
3186 954 3406 1026 nostri

583 1080 987 1176 respiciunt,
1011 1099 1256 1151 secure
1288 1076 1639 1151 confidere
1671 1077 2077 1150 debeamus.
2103 1079 2393 1172 Propter
2427 1076 2616 1173 quod
2655 1077 2727 1147 in
2757 1077 2975 1149 verbo
3003 1098 3130 1148 suo
3153 1072 3404 1149 fiducie

583 1212 731 1276 rete
773 1203 1013 1274 laxare
1059 1201 1526 1297 disponimus,
1569 1222 1698 1274 vos
1741 1221 1950 1295 quem
1995 1200 2148 1272 orbi
2184 1210 2454 1295 patrem
2495 1200 2732 1273 divina
2776 1199 3080 1295 provisio
3115 1199 3409 1272 contulit

583 1327 785 1401 nobis
832 1348 927 1399 ex
981 1336 1126 1398 toto
1173 1326 1584 1422 precipuum
1638 1346 1992 1398 assumere
2046 1326 2431 1421 cupientes.
2484 1327 2627 1400 Vos
2677 1325 2884 1397 etiam
2907 1376 2927 1414 ,
2976 1323 3403 1396 sanctissime

582 1460 807 1547 pater,
843 1460 1081 1523 nostre
1122 1449 1513 1521 devotionis
1549 1448 1963 1542 obsequium
2011 1458 2205 1521 tanto
2246 1449 2594 1544 recipiatis
2633 1448 2893 1545 ylarius
2933 1457 3196 1541 quanto
3233 1448 3403 1521 Cru-

582 1570 773 1646 cifixi
804 1572 1137 1664 servitiis,
1177 1572 1502 1664 exigente
1536 1572 1891 1668 potissime
1923 1573 2336 1645 necessitate
2369 1573 2794 1668 presentium
2835 1594 3070 1643 rerum
3111 1581 3182 1644 et
3226 1581 3399 1643 tem-

582 1697 805 1792 poris,
857 1698 1007 1769 fore
1051 1696 1402 1769 dinoscitis
1447 1705 1910 1791 oportunum;
1964 1696 2058 1769 ad
2102 1696 2295 1790 quod
2338 1697 2639 1768 vicissim
2683 1697 3010 1789 utrinque
3050 1695 3420 1768 contracta

582 1815 838 1890 fiducia
881 1816 1173 1890 Domino
1213 1818 1457 1914 previo
1497 1838 1773 1912 semper
1812 1818 1885 1887 in
1925 1818 2175 1890 melius
2224 1821 2682 1915 procedente,
2728 1821 2933 1911 juxta
2970 1817 3406 1914 paternitatis
3473 1835 3481 1840 ·

578 1950 812 2013 vestre
856 1942 1220 2013 consilium
1273 1950 1597 2035 prompta
1655 1940 2028 2013 devotione
2080 1962 2503 2033 consurgere
2560 1951 3033 2036 peroptamus.
3083 1941 3405 2014 Ceterum

579 2086 793 2159 super
822 2063 1291 2136 benivolentia
1328 2072 1402 2135 et
1430 2063 1679 2135 affectu
1715 2084 1927 2157 quem
1964 2062 2059 2133 ad
2095 2063 2359 2135 bonum
2387 2063 2578 2159 pacis
2607 2063 2911 2155 gerimus
2944 2073 3015 2134 et
3047 2063 3402 2154 negotium

579 2197 761 2260 terre
794 2198 1032 2260 sancte
1050 2240 1070 2277 ,
1113 2208 1197 2259 ea
1231 2208 1461 2279 que...
1501 2185 1828 2279 magister
1877 2185 2125 2258 domus
2170 2185 2748 2258 Theotonicorum
2793 2185 2994 2259 vobis
3037 2197 3395 2279 suggeret,

581 2310 869 2383 indubie
904 2309 1231 2383 credatiS.

684 2925 1105 3009 Fridericus
1122 2987 1145 3031 ,
1182 2924 1707 3009 Romanorum
1751 2927 2194 3036 imperator,
2246 2923 2570 3035 Angliae
2618 2925 2781 3034 regi
2829 2928 3256 3037 congaudet
3302 2928 3401 3040 de

579 3068 762 3140 nato
796 3058 942 3167 ipsi
976 3057 1211 3139 altero
1247 3056 1433 3141 filio.

746 3321 995 3401 (Inedlt.
1040 3338 1116 3383 ex
1161 3322 1295 3384 cod.
1342 3321 1492 3383 bibl.
1537 3321 1735 3383 cesar.
1782 3321 1998 3401 Paris„
2026 3321 2215 3401 fonds
2266 3321 2770 3386 Sciat-Germania
2815 3324 3064 3405 Harlay,
3138 3336 3207 3387 n⁰
3242 3334 3394 3401 ⁴55,

819 3444 956 3505 pars
981 3429 1069 3488 111
1086 3471 1105 3504 ,
1131 3445 1193 3506 p.
1226 3434 1335 3499 863
1366 3433 1428 3487 et
1450 3426 1585 3488 cod.
1619 3436 1775 3489 8390
1801 3426 1944 3488 blbl.
1973 3428 2361 3499 Mediomont.
2392 3430 2724 3509 Phillipps.)

676 3663 1060 3745 Fridericus
1068 3717 1250 3738 ......
1305 3663 1479 3758 regi.
1536 3665 1724 3736 Inter
1769 3674 2003 3737 cetera
2046 3667 2449 3762 specialium
2494 3668 2782 3764 pignora
2834 3670 3210 3760 gratiarum
3258 3690 3397 3763 que

581 3808 951 3880 regnorum
994 3788 1305 3860 omnium
1350 3791 1540 3860 Deus
1587 3796 1937 3884 protector
1977 3797 2047 3860 et
2091 3800 2336 3864 auctor
2376 3801 2557 3864 terre
2600 3791 2990 3888 presidibus
3030 3801 3102 3863 et
3144 3791 3400 3887 princi-

580 3909 784 4005 pibus
821 3912 1010 3984 orbis
1056 3912 1146 3985 de
1186 3934 1455 3984 summe
1496 3911 1934 4008 providentia
1979 3911 2308 3987 bonitatis
2355 3915 2473 4009 pia
2517 3914 2879 4013 largitione
2926 3913 3276 3988 distribuit
3327 3925 3401 3990 et

579 4032 779 4105 uberi
818 4035 1078 4131 pietate
1111 4035 1504 4130 dispensat,
1552 4045 1719 4107 tunc
1759 4057 1855 4108 ex
1892 4034 2432 4109 habundantior-i
2472 4038 2898 4130 benignitate
2942 4038 3235 4110 salutem
3277 4038 3399 4110 dat

581 4156 858 4248 regibus
909 4169 981 4232 et
1029 4159 1402 4255 specialem
1451 4159 1616 4230 facit
1665 4159 1959 4251 gratiam
2013 4160 2497 4252 regnantibus,
2557 4182 2718 4233 cum
2767 4182 3009 4253 regum
3061 4161 3398 4235 thalamos

582 4278 911 4354 fecundat
941 4282 1013 4353 in
1052 4284 1294 4354 sobole
1331 4292 1402 4355 et
1431 4282 1739 4377 ipsorum
1776 4282 1977 4354 letari
2010 4283 2175 4354 facit
2210 4282 2428 4354 letitia
2457 4281 2778 4355 filiorum.
2822 4286 2997 4357 Hinc
3032 4286 3217 4359 enim
3245 4287 3391 4360 evi·

579 4400 830 4477 denter
858 4405 1205 4498 colligitur
1234 4405 1428 4500 quod
1458 4406 1548 4478 sit
1577 4405 1767 4501 apud
1798 4426 1958 4477 eum
1991 4406 2178 4477 salus
2211 4414 2410 4497 grata
2441 4406 2877 4499 regnantium
2908 4418 2982 4481 ct
3011 4409 3198 4502 quod
3232 4431 3393 4505 per-

580 4535 868 4620 petuare
891 4527 1190 4601 delectet
1212 4529 1712 4602 beatitudinem
1735 4529 2152 4600 seculorum.
2185 4529 2503 4624 Receptis
2529 4530 2762 4625 itaque
2789 4553 3013 4626 nuper
3034 4534 3393 4607 affectione

579 4645 815 4721 debita
840 4648 1087 4724 litteris
1116 4672 1292 4746 quas
1310 4650 1587 4722 misistis
1616 4660 1688 4723 et
1717 4649 2071 4723 intellecto
2097 4670 2224 4744 per
2253 4671 2372 4723 eas
2398 4652 2589 4747 quod
2612 4652 2726 4748 pie
2752 4654 3132 4752 providerit
3156 4656 3393 4727 Domi·

3537 2923 3723 2978 [Martio
