4364 5738
499 591 702 649 Inmer.
734 588 827 665 4.]
1387 585 1783 649 HISTORIA
1831 585 2424 647 DIPLOMATICA.
3201 589 3323 649 373

505 721 761 804 Sancti
821 720 1169 802 Andreae
1230 720 1343 828 (t)
1399 718 1603 801 venit
1658 720 1756 801 ad
1819 745 1997 801 eum
2051 718 2158 801 ibi
2223 744 2354 801 rex
2408 715 2872 798 Francorum
2944 727 3020 799 et
3091 718 3319 802 simul

504 852 1086 936 secretissimum
1132 860 1537 933 tenuerunt
1579 849 1980 932 consilium
2027 910 2398 932 .....
2445 860 2727 957 septem
2774 848 3069 931 diebus.
3118 851 3318 934 Cre-

502 986 707 1068 ditur
752 994 1008 1066 tamen
1059 983 1537 1066 veracissime
1590 984 1799 1092 quod
1857 992 2260 1065 tractatum
2299 981 2731 1067 habuerunt
2763 981 2860 1062 de
2894 1007 3076 1089 pace
3125 982 3320 1064 inter

499 1116 914 1200 Ecclesiam
958 1125 1033 1197 et
1075 1114 1482 1223 imperium
1528 1114 2052 1223 componenda
2096 1124 2171 1195 et
2227 1139 2384 1220 qua
2433 1112 2555 1196 via
2603 1111 2812 1219 pacis
2857 1111 3318 1195 honorificae

500 1248 1002 1339 reconciliatio
1055 1247 1295 1356 possit
1354 1245 1674 1328 inveniri
1734 1305 2378 1327 ........
2451 1243 2610 1326 Hoc
2666 1243 3041 1352 siquidem
3101 1243 3316 1329 finito

498 1381 997 1488 parlamento‚
1041 1403 1474 1461 recessurus
1511 1403 1643 1459 rex
1670 1376 2132 1460 Francorum
2170 1376 2367 1484 cepit
2399 1375 2602 1456 diem
2639 1374 3091 1484 parlamenti
3138 1402 3316 1457 cum

497 1512 811 1594 domino
873 1535 1072 1618 papa
1135 1510 1217 1590 in
1280 1509 1668 1618 quindena
1728 1507 2098 1616 Paschae,
2167 1507 2302 1589 ubi
2366 1507 2896 1615 procurabitur
2957 1507 3313 1590 Friderici

497 1643 678 1724 dicti
727 1642 1205 1749 imperatoris
1261 1640 1714 1749 praesentia.
1790 1640 2027 1724 Mur.
2096 1639 2382 1747 les„
2454 1638 2644 1720 Hist.
2714 1639 2895 1746 maj.
2965 1642 3310 1746 Anqlor.,

496 1801 577 1881 p.
619 1777 807 1857 461.

603 2306 1019 2414 Imperator
1052 2305 1310 2386 Lauda
1359 2313 1694 2386 semotus
1730 2328 1905 2383 cum
1944 2312 2100 2384 toto
2137 2302 2468 2383 exercitu
2503 2317 2578 2383 et
2611 2302 3039 2405 carceratiS‚
3082 2305 3310 2413 equi-

496 2437 683 2519 tavit
730 2437 1212 2542 Cremonam,
1251 2435 1525 2518 deinde
1557 2432 1941 2535 Parmam,
1985 2443 2061 2515 et
2093 2433 2411 2515 dimisso
2463 2459 2639 2542 rege
2673 2433 2908 2516 Encio
2945 2435 3023 2514 in
3059 2435 3307 2517 Lom-

498 2568 766 2650 bardia
828 2595 1004 2651 cum
1070 2569 1402 2650 militum
1466 2567 1815 2650 comitiva
1838 2628 1861 2674 ,
1928 2592 2065 2674 per
2125 2566 2731 2649 Monbardonum
2802 2567 2881 2646 in
2955 2567 3307 2649 Tusciam

496 2701 856 2810 equitavit
895 2711 969 2783 et
1006 2702 1209 2809 apud
1249 2705 1689 2784 Grossetum
1725 2711 2004 2781 terram
2041 2698 2338 2780 comitis
2390 2697 2956 2783 Oddevrandini
2992 2698 3302 2781 hiema-

494 2834 624 2916 vit.
673 2833 1011 2916 chronic.
1056 2838 1146 2915 de
1186 2835 1339 2915 reb.
1384 2833 1465 2913 in
1499 2836 1679 2915 Ital.
1726 2832 1982 2939 qestis,
2029 2859 2108 2941 p.
2152 2831 2340 2913 207.

600 3425 1020 3508 Fridericus
1050 3485 1073 3530 ,
1158 3426 1674 3510 Romanorum
1768 3427 2178 3534 imperator
2201 3487 2224 3531 ,
2324 3426 2607 3530 [comiti
2694 3416 3299 3533 Aldohrandino]
3384 3451 3698 3505 mov-mm]

496 3561 811 3641 mandat
844 3567 932 3640 ut
975 3557 1350 3639 civitatem
1388 3558 1890 3662 [Grossetum]
1934 3557 2068 3640 ubi
2119 3557 2455 3640 hiemare
2489 3558 2857 3665 disponit,
2898 3560 2995 3640 ad
3032 3586 3297 3668 recep—

492 3691 773 3773 tionem
810 3689 1153 3799 gentium
1187 3699 1263 3771 et
1295 3714 1667 3798 equorum
1707 3689 1946 3797 aptari
1983 3690 2022 3770 f
2018 3689 2234 3771 aciat.

650 3897 900 3976 (Inedit.
931 3914 965 3958 e
990 3898 1125 3959 cod.
1155 3896 1309 3958 mbl.
1339 3898 1535 3959 Cesar.
1567 3897 1825 3959 vindob.
1862 3894 2103 3978 Philet„
2129 3905 2199 3957 n·
2237 3907 2370 3973 187,
2396 3898 2500 3958 fol.
2539 3907 2611 3958 14
2639 3897 2853 3975 verso.)

559 4189 628 4262 (4)
665 4189 877 4247 Scilicet
903 4192 970 4246 30
1012 4188 1339 4246 novembris.
1368 4189 1618 4246 Attamen
1652 4204 1719 4245 ex
1755 4189 2027 4246 itinerario
2062 4189 2314 4245 Ludovici
2350 4189 2428 4245 IX
2458 4188 2726 4245 noscimus
2767 4203 2946 4260 regem
2982 4188 3291 4248 cluniacum

487 4284 765 4342 advenisse
805 4286 951 4343 circa
995 4285 1193 4343 festum
1239 4286 1389 4342 Beati
1430 4285 1637 4343 Nicolai
1680 4285 1740 4358 (6
1768 4285 2115 4357 decembris).
2148 4286 2209 4340 ln
2239 4284 2441 4341 Alberti
2476 4285 2690 4342 Bohemi
2724 4291 2932 4357 regesto
2964 4302 3054 4360 ep.
3093 4287 3288 4359 Hofler,

487 4394 548 4436 no
575 4384 629 4452 9,
670 4381 824 4438 adest
850 4381 1073 4454 epistola
1099 4382 1394 4440 Innocentii
1421 4383 1512 4452 IV,
1552 4383 1678 4439 date
1717 4383 1860 4456 apud
1898 4382 2237 4451 cluniacum,
2278 4381 2351 4436 111
2388 4397 2557 4438 nonas
2582 4382 2912 4453 decembris,
2950 4383 3292 4457 pontificatus

486 4492 625 4534 anno
646 4478 718 4535 111
735 4478 789 4549 (3
816 4478 1058 4535 decemb.
1090 4479 1266 4551 ⁴2⁴5),
1298 4495 1403 4552 qua
1426 4480 1678 4553 episcopo
1701 4478 2026 4552 Frisingensi
2048 4483 2104 4534 et
2131 4477 2303 4535 electo
2328 4477 2645 4536 Seccovensi
2669 4479 2888 4537 mandat
2911 4487 2971 4537 ut
2995 4481 3170 4539 eidem
3197 4481 3289 4538 Al-

485 4575 638 4631 berto
679 4573 910 4645 decano,
949 4581 1075 4631 tunc
1111 4577 1486 4633 archidiacono
1512 4576 1841 4645 Pataviensi,
1882 4572 2139 4631 beneficia
2176 4575 2467 4632 restituant
2507 4590 2647 4648 quae
2689 4575 2816 4633 huic
2857 4578 3290 4652 archiepiscopus

486 4669 888 4742 Salzburgensis
902 4713 918 4741 ,
947 4671 1278 4730 Patavieusis
1304 4671 1587 4744 episcopus
1607 4671 1801 4743 etipse
1829 4671 2175 4744 Frisingensis
2203 4670 2554 4751 abstulerant.
