4364 5738
561 565 765 624 lunum.
796 560 886 644 2.]
1452 561 1849 623 HISTORIA
1896 560 2494 624 DIPLOMAthA.
3276 564 3396 624 225

559 698 827 770 curiam
855 697 926 767 in
950 696 1176 768 Natali
1202 694 1478 767 Domini
1495 697 1684 790 apud
1708 695 2220 791 Aquisgranum
2241 697 2778 789 celebravimuS,
2812 698 2935 769 ubi
2964 719 3220 793 corpus
3245 700 3396 792 ejus

561 819 1068 893 sanctissimum
1100 840 1229 914 pro
1269 818 1514 890 timore
1557 817 1776 892 hostis
1809 821 2034 892 exteri
2069 820 2187 892 vel
2226 819 2486 890 inimici
2519 821 2878 892 familiaris
2913 832 3116 893 caute
3151 842 3397 893 recon-

561 945 811 1034 ditum,
844 944 971 1015 sed
1002 944 1240 1016 divina
1271 942 1699 1016 revelatione
1723 944 2267 1035 manifestatum,
2296 943 2389 1015 ad
2421 944 2706 1016 laudem
2740 954 2811 1016 et
2842 945 3136 1037 gloriam
3169 945 3397 1018 nomi·

562 1069 669 1140 nis
704 1067 951 1142 Christi
988 1078 1062 1140 et
1096 1069 1189 1141 ad
1234 1068 1834 1140 coroborationem
1865 1069 2157 1142 Romani
2190 1067 2462 1162 imperii
2500 1079 2569 1140 et
2604 1070 2905 1141 salutem
2950 1069 3201 1141 dilecte
3237 1090 3401 1142 con·

560 1193 766 1266 sortis
813 1202 1049 1266 nostre
1096 1193 1427 1264 Beatricis
1486 1193 1940 1288 imperatricis
2003 1204 2075 1265 et
2126 1191 2429 1267 filiorum
2478 1202 2880 1267 nostrorum
2945 1193 3273 1266 Friderici
3329 1203 3400 1265 et

560 1317 836 1391 Henrici
865 1339 1024 1391 cum
1059 1311 1312 1409 magna
1353 1318 1744 1410 frequentia
1782 1317 2175 1413 principum
2212 1328 2282 1389 et
2319 1319 2599 1412 copiosa
2643 1317 3089 1389 multitudine
3123 1318 3291 1388 cleri
3329 1328 3401 1389 et

562 1442 802 1538 populi
833 1443 903 1512 in
933 1441 1212 1536 hymnis
1245 1448 1317 1512 et
1346 1441 1631 1513 canticis
1659 1441 2131 1537 spiritualibus
2167 1463 2329 1513 cum
2363 1442 2607 1513 timore
2644 1451 2715 1512 et
2743 1440 3137 1513 reverentia
3171 1440 3401 1512 eleva·

562 1566 793 1638 vimus
832 1574 904 1638 et
935 1565 1398 1636 exaltavimus
1427 1576 1676 1657 quarto
1717 1565 2052 1637 kalendas
2085 1565 2414 1657 januarii.
2450 1565 2571 1637 His
2607 1577 2844 1637 autem
2880 1564 3205 1636 omnibus
3243 1564 3396 1657 glo-

566 1689 746 1762 riose
773 1689 1095 1784 peractis,
1121 1711 1282 1760 cum
1313 1688 1385 1759 in
1417 1689 1731 1784 predicto
1757 1689 1910 1762 loco
1943 1691 2142 1782 cujus
2174 1689 2323 1784 ipse
2357 1689 2685 1761 fundator
2710 1688 3038 1760 extiterat
3065 1688 3154 1760 de
3183 1688 3402 1783 ipsius

475 1887 490 1904 2
567 1813 702 1884 loci
733 1812 1078 1904 libertate,
1116 1813 1447 1884 institutis
1483 1814 1716 1905 legum
1752 1823 1825 1884 et
1856 1813 2047 1908 pacis
2077 1822 2289 1905 atque
2322 1813 2586 1903 justitie
2620 1813 2875 1906 quibus
2912 1822 3134 1884 totum
3159 1811 3400 1885 orbem

568 1945 850 2009 rexerat
877 1935 1248 2028 diligenter
1279 1936 1813 2028 inquireremuS,
1848 1956 2009 2007 ecce
2036 1935 2284 2007 fratres
2310 1936 2627 2026 ejusdem
2645 1937 2933 2007 ecclesie
2961 1936 3401 2031 privilegium

567 2059 788 2131 sancti
814 2059 1037 2130 Caroli
1060 2059 1151 2130 de
1175 2058 1585 2130 fundatione
1613 2067 1684 2129 et
1719 2057 2156 2130 dedicatione
2194 2058 2410 2152 ipsius
2444 2057 2870 2129 nobilissime
2899 2059 3187 2129 ecclesie
3215 2058 3401 2131 etde

568 2182 1115 2254 institutionibus
1150 2177 1384 2273 legum
1421 2180 1885 2253 humanarum
1918 2192 1991 2253 et
2028 2181 2251 2253 civilis
2287 2180 2466 2272 juris
2503 2180 2816 2271 ejusdem
2866 2181 3165 2252 civitatis
3201 2181 3404 2254 nobis

572 2305 642 2375 in
677 2305 986 2376 medium
1014 2306 1483 2400 protulerunt,
1519 2305 1710 2398 quod
1743 2327 1836 2376 ne
1872 2313 2184 2377 vetustas
2215 2304 2527 2376 aboleret
2556 2303 2672 2375 vel
2703 2324 2794 2374 ne
2826 2323 2954 2398 per
2981 2303 3402 2375 oblivionem

574 2428 960 2524 deperiret,
1002 2439 1241 2501 nostra
1273 2428 1615 2523 imperiali
1655 2425 2071 2500 authoritate
2115 2427 2635 2500 renovavimus.
2683 2427 3015 2519 Ejusdem
3053 2447 3221 2499 vero
3256 2426 3399 2520 pri-

574 2552 808 2645 vilegii
838 2562 1039 2624 tenor
1067 2562 1138 2623 et
1172 2551 1513 2624 institutio
1543 2551 1699 2623 talis
1726 2561 1833 2623 est
1865 2581 1883 2624 ε
3303 2555 3306 2557 ’

673 2672 823 2763 Ego
862 2672 1145 2743 Carolus
1180 2674 1304 2766 qui
1341 2674 1492 2743 Deo
1532 2673 1812 2744 favente
1849 2692 2089 2742 curam
2130 2672 2329 2763 regni
2370 2692 2539 2763 gero
2577 2679 2649 2744 et
2672 2671 3145 2742 Romanorum
3177 2669 3399 2762 impe·
3454 2765 3457 2772 f

578 2804 765 2867 rator
792 2795 1053 2884 existo,
1090 2795 1378 2868 consilio
1407 2795 1803 2892 principum
1827 2793 2025 2886 regni
2050 2795 2300 2886 nostri,
2337 2795 2851 2890 episcoporum,
2890 2793 3176 2884 ducum,
3216 2812 3403 2863 mar-

576 2918 904 2992 chionum
942 2941 1027 2991 ac
1066 2921 1397 2992 comitum
1417 2974 1439 3013 ,
1489 2930 1625 2993 etc.
1665 2908 2040 3014 [Sequitur
2085 2921 2460 2992 constitutio
2493 2920 2754 3014 pluries
2798 2918 3008 3009 edtta,
3041 2918 3407 3010 praecipue

576 3043 759 3135 apud
806 3042 979 3113 Anu.
1028 3045 1377 3134 Mannum,
1419 3044 1641 3137 Opera
1677 3043 2060 3137 diplomat„
2098 3055 2149 3116 t.
2194 3047 2260 3137 1,
2306 3068 2380 3140 p.
2422 3042 2515 3115 tt
2554 3054 2625 3116 et
2665 3066 2862 3139 seqq.
2902 3043 3162 3134 Quam,
3197 3064 3404 3136 quum

576 3188 669 3236 em
718 3167 1094 3257 manifestis
1133 3170 1304 3238 notis
1349 3169 1586 3260 spuria
1645 3170 1769 3253 sit,
1828 3171 2031 3241 immo
2087 3169 2499 3262 falsissima,
2544 3170 2723 3264 typis
2777 3169 3020 3240 iterum
3080 3166 3407 3239 mandare

575 3309 1137 3383 supervacaneum
1167 3287 1565 3387 ducamus]

680 3413 962 3485 Letetur
984 3412 1195 3506 igitur
1216 3424 1286 3485 et.
1305 3414 1573 3485 exultet
1590 3412 1921 3485 ineffabili
1944 3414 2204 3507 gaudio
2226 3414 2741 3507 Aquisgranum
2767 3422 2979 3508 caput
3003 3414 3362 3485 civitatum
3377 3466 3400 3504 ,

580 3537 998 3610 venerabilis
1029 3537 1258 3609 clerus
1283 3560 1439 3609 cum
1471 3536 1915 3611 devotissimo
1943 3540 2205 3633 populo
2244 3539 2437 3631 quod
2463 3539 2534 3609 in
2568 3537 2960 3610 diademate
2992 3536 3185 3627 regni
3224 3532 3405 3632 [pre]

579 3660 732 3736 aliis
759 3660 1188 3755 principibus
1214 3671 1284 3732 et
1313 3661 1629 3753 gloriosis
1653 3661 1823 3733 locis
1851 3662 2356 3756 speciosissimo
2388 3670 2796 3733 ornamento
2824 3657 3163 3730 distinctis
3184 3658 3256 3729 in
3287 3678 3405 3730 ca-

583 3785 722 3878 pite
748 3805 1004 3858 corone
1044 3785 1372 3879 positum,
1408 3783 1609 3878 quasi
1639 3783 2156 3879 prelucidarum
2182 3806 2616 3878 gemmarum
2656 3780 3029 3878 splendore
3060 3789 3403 3872 coruscat,

583 3914 653 3977 et
673 3905 792 3978 illo
819 3906 1152 3998 singulari
1177 3916 1249 3978 et
1264 3907 1606 4001 corporali
1632 3906 1893 3999 gaudet
1916 3916 2209 4002 patrono
2231 3909 2353 4002 qui
2375 3907 2746 3980 christiane
2767 3903 2932 3977 fidei
2952 3904 3407 3976 illustratione

583 4038 654 4098 et
676 4029 848 4121 legis
868 4052 1008 4124 qua
1031 4030 1509 4124 unusquisque
1542 4031 1779 4102 vivere
1803 4029 2083 4123 debeat,
2105 4031 2495 4104 Romanum
2518 4030 2806 4102 decorat
2836 4027 3227 4121 imperium.
3265 4027 3409 4098 Hec

583 4161 690 4222 est
727 4152 911 4224 enim
958 4155 1247 4226 mutatio
1279 4154 1529 4226 dextre
1562 4153 1822 4227 excelsi
1863 4153 2057 4247 quod
2089 4176 2219 4249 pro
2254 4155 2481 4225 Grano
2513 4153 2724 4225 fratre
2760 4148 3052 4222 Neronis
3083 4148 3406 4223 fundato-

584 4296 731 4348 rem
772 4275 986 4349 habet
1021 4278 1528 4350 sanctissimum
1576 4277 1922 4370 Carolum,
1972 4297 2100 4372 pro
2147 4297 2418 4372 pagano
2465 4285 2537 4347 et
2582 4274 2875 4348 scelesto
2923 4273 3409 4368 imperatorem

583 4399 999 4474 catholicum
1019 4455 1039 4490 ,
1085 4403 1285 4493 cujus
1329 4423 1459 4474 nos
1509 4410 1850 4495 quantum
1893 4398 2191 4495 propitia
2243 4398 2567 4472 divinitas
2618 4396 3073 4487 concesserit,
3135 4397 3411 4492 pietatis

583 4523 890 4615 vestigiis
921 4523 1347 4615 inherenteS,
1373 4524 1845 4597 venerabilem
1875 4523 2141 4594 clerum
2171 4520 2572 4615 Aquensem
2603 4543 2766 4594 cum
2798 4520 3090 4593 ecclesia
3120 4522 3407 4594 sanctis-

584 4646 757 4718 sime
799 4647 927 4718 Dei
969 4647 1321 4739 genitricis
1360 4647 1575 4722 Marie
1627 4643 2215 4720 excellentissimo
2256 4665 2470 4740 opere
2520 4655 2915 4719 constructa
2964 4654 3034 4717 et
3088 4644 3411 4717 omnibus

743 4768 850 4831 vl.
3015 4773 3092 4826 ²9
