4364 5738
1007 614 1049 670 8
2008 606 2440 667 FRIDERICI
2491 606 2838 666 SECUNDI
3447 607 3608 690 [Anu.
3647 609 3822 669 1241.

1009 757 1200 815 tuum
1234 763 1410 835 quos
1441 741 1606 812 dicti
1643 741 1831 812 cives
1865 742 2207 811 Senenses
2239 739 2480 811 dicunt
2511 763 2586 811 se
2620 740 2714 811 ibi
2743 740 2998 811 debere
3037 738 3323 828 habere,
3353 750 3425 812 et
3457 754 3613 835 post
3653 742 3826 814 fide·

1009 867 1270 938 litatem
1301 874 1647 959 receptam
1680 865 2015 955 intelliget
2045 864 2272 935 dictus
2301 865 2704 959 capitaneus
2736 873 2805 934 et
2835 863 3099 934 videbit
3131 864 3199 934 in
3233 876 3421 936 certo
3439 866 3618 952 loco,
3642 866 3832 939 vide-

1011 992 1170 1062 licet
1193 989 1383 1086 apud
1405 990 1801 1062 Grossetum
1828 989 2059 1060 omnia
2081 990 2242 1080 jura
2259 989 2663 1061 etrationes
2680 1009 2818 1082 que
2837 999 2908 1059 et
2924 1010 3101 1081 quas
3128 988 3513 1083 predictum
3536 1010 3831 1062 comune

1010 1134 1243 1185 coram
1279 1113 1466 1185 dicto
1503 1112 1867 1207 capitaneo
1899 1112 2270 1184 ostendere
2307 1112 2606 1184 voluerit
2636 1122 2707 1184 et
2737 1133 2818 1183 ea
2847 1110 3131 1183 domino
3163 1122 3403 1184 nostro
3435 1112 3833 1207 imperatori

1011 1258 1361 1331 exponere
1386 1237 1456 1307 in
1486 1257 1725 1307 eorum
1758 1236 2064 1306 favorem
2101 1245 2171 1308 et
2194 1236 2528 1326 juvamen
2546 1289 2565 1326 ,
2593 1257 2804 1331 super
2831 1236 3084 1329 quibus
3111 1236 3435 1307 dominus
3462 1236 3836 1330 imperator

1011 1361 1346 1455 precipiat
1377 1360 1558 1430 velle
1586 1380 1823 1447 suum,
1866 1359 2060 1429 salvo
2095 1359 2285 1453 quod
2316 1359 2385 1429 in
2414 1360 2740 1454 predictis
2782 1359 2881 1429 illi
2916 1359 3004 1430 de
3039 1360 3358 1430 Vulterra
3391 1360 3510 1451 qui
3548 1359 3641 1429 ibi
3671 1381 3832 1454 par-

1015 1497 1150 1556 tem
1188 1482 1451 1554 habent
1481 1503 1620 1552 non
1654 1481 2153 1572 intelligantur,
2192 1481 2317 1553 sed
2349 1491 2590 1554 contra
2623 1503 2744 1554 eos
2771 1492 3079 1576 prestare
3116 1481 3305 1554 dicto
3332 1481 3696 1576 capitaneo
3733 1482 3835 1552 fa-

1012 1628 1252 1679 vorem
1284 1614 1653 1677 teneantur
1683 1605 1777 1675 illi
1812 1605 1900 1676 de
1931 1605 2303 1696 Monterio;
2337 1605 2472 1677 hoc
2504 1616 2735 1676 tamen
2771 1615 2973 1700 pacto
2998 1604 3191 1697 quod
3223 1605 3280 1675 si
3314 1615 3596 1699 propter
3626 1625 3837 1697 guer-

1014 1750 1162 1800 ram
1199 1749 1337 1821 que
1381 1727 1578 1799 fieret
1619 1739 1859 1799 contra
1902 1748 2253 1798 casserum
2292 1727 2381 1799 de
2414 1727 2752 1799 Monterio
2790 1748 2917 1822 per
2946 1727 3206 1798 dictum
3256 1726 3693 1821 capitaneum
3725 1728 3839 1799 vel

1015 1873 1177 1925 suos
1202 1852 1531 1939 vicarioS,
1565 1851 2066 1945 impedirentur
2092 1850 2280 1935 cives
2308 1849 2472 1921 dicti
2505 1872 2715 1945 super
2741 1850 3195 1945 proventibus
3222 1850 3365 1921 suis
3395 1850 3835 1945 recipiendis,

1016 1976 1468 2047 restituantur
1512 1973 1643 2046 hoc
1680 1974 1891 2046 modo
1926 1983 2006 2045 ut
2048 1984 2240 2046 tanto
2289 1987 2597 2068 tempore
2645 1975 2826 2047 ultra
2872 1996 3074 2045 suum
3126 1974 3494 2046 terminum
3541 1973 3844 2046 habeant

1016 2099 1268 2171 dictam
1304 2098 1817 2194 perceptionem
1843 2098 2033 2191 quod
2058 2098 2326 2191 integre
2351 2108 2853 2171 conserventur
2874 2110 2945 2170 et
2971 2096 3260 2170 satisfiat
3289 2098 3390 2169 eis
3417 2097 3506 2169 de
3538 2119 3624 2169 eo
3655 2097 3843 2191 quod

1015 2222 1405 2294 amisissent
1437 2222 1799 2295 occasione
1834 2220 1998 2293 dicti
2032 2220 2546 2316 impedimenti,
2579 2230 2650 2292 et
2686 2220 2822 2293 hoc
2854 2230 3057 2316 pacto
3089 2219 3280 2313 quod
3308 2219 3398 2292 de
3433 2229 3629 2315 parte
3661 2220 3843 2291 scili-

1017 2356 1127 2418 cet
1157 2345 1365 2418 tercia
1380 2367 1516 2438 que
1535 2345 1786 2416 dicitur
1817 2367 1968 2416 esse
1987 2345 2583 2432 Vulterranorum,
2609 2342 2896 2415 satisfiat
2921 2344 3199 2415 comuni
3228 2344 3516 2415 Senensi
3544 2366 3672 2438 pro
3697 2355 3845 2417 rata

1015 2468 1106 2541 de
1141 2470 1342 2541 dictis
1376 2469 1594 2540 CCXV
1624 2468 1818 2537 libris
1852 2488 2028 2559 quas
2063 2466 2324 2537 dictum
2367 2487 2662 2538 comune
2698 2467 2867 2538 dicit
2908 2488 2982 2538 se
3026 2467 3383 2539 annuatim
3424 2466 3683 2539 habere
3718 2466 3843 2539 de·

1017 2595 1220 2680 bere3
1261 2606 1332 2662 et
1375 2590 1687 2685 predicta
1725 2589 1958 2660 omnia
1992 2599 2062 2659 et
2096 2589 2367 2682 singula
2405 2590 2712 2684 prefatus
2745 2590 3067 2662 dominus
3098 2591 3503 2684 capitaneus
3534 2591 3847 2686 promisit

1020 2738 1111 2786 ex
1144 2714 1368 2787 officio
1400 2735 1523 2784 sue
1552 2714 1893 2808 capitanie
1925 2714 2235 2809 predicto
2265 2716 2585 2809 potestati
2617 2724 2687 2787 et
2709 2714 3005 2787 Johanni
3038 2716 3304 2787 sindico
3334 2714 3649 2810 predicto
3681 2715 3847 2787 reci·

1020 2838 1236 2933 pienti
1290 2858 1416 2932 pro
1457 2836 1735 2908 comuni
1779 2845 1848 2908 et
1886 2837 2165 2909 nomine
2201 2839 2514 2910 comunis
2546 2847 2616 2911 et
2648 2838 2990 2912 dictorum
3027 2838 3320 2930 civium,
3362 2839 3734 2912 observare
3776 2847 3847 2911 et

1020 2963 1381 3035 attendere
1402 2960 1740 3054 solempni
1757 2961 2199 3055 stipulatione
2215 2962 2645 3057 interposita,
2670 2973 2739 3035 et
2762 2963 3071 3057 prefatus
3092 2973 3396 3057 potestas
3418 2984 3543 3058 pro
3566 2962 3845 3034 comuni

1024 3097 1093 3157 et
1121 3086 1346 3157 dictus
1374 3084 1680 3156 sindicus
1704 3084 1985 3155 nomine
2014 3086 2329 3156 comunis
2357 3096 2426 3156 et
2462 3107 2589 3179 pro
2623 3087 2904 3157 comuni
2945 3087 3216 3181 prefato
3243 3087 3606 3181 capitaneo
3631 3096 3849 3157 atten-

1022 3208 1190 3279 dere
1223 3218 1293 3279 et
1328 3208 1699 3280 observare
1736 3218 1806 3279 et
1837 3209 2187 3303 complere
2232 3231 2358 3303 pro
2399 3219 2593 3303 parte
2638 3209 2974 3303 imperiali
3008 3209 3368 3305 recipienti
3400 3210 3689 3281 solemni
3722 3209 3844 3280 sti·

1024 3332 1375 3425 pulatione
1412 3332 1814 3426 interposita
1844 3336 2333 3425 promiserunt.

1119 3454 1370 3525 Actum
1394 3454 1590 3525 Senis
1614 3455 1681 3524 in
1708 3454 1918 3526 domo
1944 3456 2181 3527 Jacobi
2211 3454 2562 3547 quondam
2589 3453 2864 3526 Rodulfi
2878 3455 3271 3543 Moscionis,
3302 3474 3533 3526 coram
3564 3454 3846 3526 domino

1023 3576 1363 3671 Phylippo
1403 3576 1491 3648 de
1530 3577 1918 3649 Brundusio
1957 3600 2209 3669 magne
2251 3577 2624 3672 imperialis
2656 3578 2845 3649 curie
2874 3577 3145 3669 judice,
3184 3578 3482 3650 dominis
3526 3578 3848 3649 Benrico-

1024 3721 1218 3791 vero,
1252 3701 1547 3772 Ranerio
1573 3701 2197 3789 Mathei,Gratiano
2231 3710 2303 3771 et
2331 3701 2636 3773 Gerardo
2663 3702 3046 3793 judicibuS,
3082 3702 3514 3775 Gualterotto
3541 3701 3842 3793 Comitis,

1026 3826 1303 3896 Tavena
1336 3824 1670 3911 Tolomei,
1703 3834 1773 3894 et
1795 3824 2032 3916 judice
2062 3825 2403 3916 Roggerio
2427 3824 2516 3895 de
2551 3826 2917 3897 Fresalone
2953 3823 3240 3895 testibus
3276 3825 3738 3918 presentibuS,
3776 3825 3846 3896 in

1025 3968 1210 4019 anno
1237 3947 1511 4019 Domini
1541 3946 1901 4019 millesimo
1924 3948 2195 4038 CCXLI,
2216 3948 2592 4020 indictione
2609 3949 2756 4038 XV,
2782 3947 2895 4018 die
2920 3948 3187 4018 sabbati
3217 3947 3607 4019 scilicetllll
3633 3967 3850 4019 nonas

1025 4070 1450 4142 novembris,

1125 4194 1270 4284 Ego
1313 4194 1584 4266 Manuel
1626 4193 1911 4266 Orlandi
1951 4195 2263 4265 notarius
2292 4194 2426 4265 hiis
2467 4194 2747 4265 interfui
2795 4204 2866 4265 et
2907 4192 2996 4265 de
3030 4192 3359 4264 mandato
3392 4192 3690 4287 predicti
3720 4191 3846 4262 do-

1027 4317 1196 4388 mini
1228 4317 1568 4412 capitanei
1600 4328 1672 4390 et
1705 4327 1986 4410 rogatus
2015 4318 2113 4388 ab
2140 4338 2224 4388 eo
2257 4327 2324 4388 et
2360 4317 2719 4412 potestatis
2745 4326 2817 4388 et
2842 4315 3087 4388 sindici
3116 4316 3407 4411 predicti
3442 4315 3571 4387 hec
3608 4313 3850 4409 scripsi

1030 4463 1170 4514 una
1201 4442 1403 4513 simul
1434 4463 1593 4513 cum
1612 4441 1976 4514 Frederico
2005 4441 2276 4513 notario
2309 4440 2603 4536 predicti
2635 4441 3005 4536 capitanei,
3025 4439 3376 4534 publicavi
3409 4449 3480 4511 et
3515 4439 3586 4509 in
3624 4437 3853 4532 publi-

1029 4587 1183 4636 cam
1216 4567 1505 4637 formam
1533 4565 1770 4656 redegi
1799 4586 1959 4637 cum
1992 4565 2265 4655 eodem,
2293 4564 2458 4637 data
2485 4563 2618 4635 sibi
2648 4563 2923 4636 licentia
2947 4561 3408 4658 componendi
3435 4571 3696 4633 cartam
3723 4580 3850 4656 pro

1029 4688 1391 4783 capitaneo
1424 4698 1495 4761 et
1527 4688 1733 4760 michi
1771 4710 1897 4782 pro
1935 4688 2239 4760 comuni.
