4364 5738
1018 591 1135 651 170
2017 588 2446 652 ramssmci
2496 589 2844 652 SECUNDl
3453 589 3616 667 [An.
3655 577 3827 651 1244.

1015 746 1175 795 nam
1208 723 1533 795 fiduciam
1561 723 1957 794 obtinentes
1989 724 2182 796 velut
2214 725 2337 817 qui
2374 725 2442 795 in
2476 725 2747 818 magnis
2783 733 2855 795 et
2888 723 3123 795 arduis
3160 724 3573 796 excellentie
3603 735 3833 797 nostre

1014 847 1308 940 negotiis
1354 847 1812 919 indubitatam
1850 849 1944 918 ex
1976 869 2053 918 se
2099 848 2303 921 nobis
2330 848 2545 921 fidem
2579 860 2653 922 et
2681 857 3043 943 expertam
3081 846 3493 919 industriam
3537 849 3831 942 prebue-

1016 981 1216 1061 runt,
1269 979 1635 1042 tractatum
1682 969 1874 1065 pacis
1919 979 1992 1041 et
2036 971 2708 1042 consummationem
2764 969 3080 1061 ejusdem
3129 968 3314 1041 inter
3362 970 3832 1042 venerabilem

1016 1104 1277 1189 patrem
1335 1093 1696 1166 dominum
1741 1094 2223 1166 Innocentium
2278 1116 2628 1166 summum
2682 1091 3112 1189 pontificem,
3166 1095 3545 1166 Romanam
3595 1094 3830 1166 Eccle-

1016 1219 1187 1290 siam
1215 1227 1507 1290 matrem
1553 1227 1860 1289 nostram
1893 1239 1982 1288 ex
2024 1228 2223 1312 parte
2266 1240 2444 1311 una,
2482 1239 2610 1290 nos
2653 1229 2724 1289 et
2762 1239 3037 1290 sacrum
3072 1217 3437 1311 imperium
3489 1238 3582 1289 ex
3620 1219 3835 1290 altera

1015 1364 1226 1436 super
1254 1342 1577 1414 omnibus
1608 1352 1679 1413 et
1711 1342 2002 1434 singulis
2033 1342 2343 1414 articulis
2374 1352 2586 1434 atque
2619 1341 2938 1436 capitulis
2975 1361 3190 1435 super
3229 1341 3483 1433 quibus
3514 1352 3587 1413 et
3623 1362 3832 1436 prop·

1019 1478 1124 1540 ter
1170 1489 1310 1559 que
1355 1466 1705 1539 discordia
1753 1466 1935 1539 inter
1978 1488 2107 1539 nos
2157 1477 2228 1539 et
2276 1467 2655 1540 Ecclesiam
2712 1466 2845 1537 fuit
2905 1465 3242 1538 hactenus
3290 1476 3363 1537 et
3414 1466 3644 1539 adhuc
3686 1486 3833 1539 esse

1017 1591 1402 1663 dinoscitur
1429 1599 1505 1661 et
1535 1611 1661 1684 per
1696 1611 1835 1681 que
1879 1610 2021 1685 pax
2054 1600 2125 1663 et
2157 1591 2532 1664 concordia
2566 1600 2896 1687 poterunt
2935 1588 3338 1685 provenire;
3386 1589 3649 1662 eisdem
3681 1601 3831 1662 tan-

1017 1736 1228 1810 quam
1261 1715 1467 1810 plene
1506 1725 1741 1786 nostre
1774 1714 2067 1787 consciis
2105 1715 2486 1788 voluntatis
2520 1725 2758 1787 tenore
2804 1712 3228 1809 presentium
3273 1714 3603 1786 duximus
3646 1735 3833 1786 com—

1018 1839 1468 1930 mittendum3
1506 1836 1796 1910 firmiter
1830 1837 2314 1933 promittentes
2353 1837 2547 1929 quod
2576 1837 2911 1931 quicquid
2952 1858 3078 1931 per
3117 1858 3239 1908 eos
3277 1858 3489 1931 super
3516 1837 3837 1908 omnibus

1018 1972 1090 2034 et
1124 1961 1413 2054 singulis
1445 1961 1858 2057 supradictis
1891 1971 2259 2034 tractatum
2290 1961 2601 2033 extiterit
2631 1960 2743 2033 vel
2778 1959 2986 2032 etiam
3016 1960 3463 2054 promissum,
3511 1970 3738 2032 ratum
3766 1969 3838 2032 et

1017 2084 1293 2158 firmum
1330 2084 1775 2176 habebimus,
1818 2095 1892 2158 et
1940 2086 2434 2159 inviolabiliter
2473 2103 2602 2158 nos
2648 2084 3117 2179 promittimus
3162 2095 3600 2176 servaturos,
3647 2105 3732 2157 ac
3778 2084 3836 2155 si

1014 2211 1328 2303 quolibet
1375 2212 1669 2283 articulo
1709 2232 1836 2283 seu
1880 2211 2187 2306 capitulo
2236 2209 2601 2303 designato
2648 2209 2949 2306 speciale
2989 2209 3396 2281 mandatum
3436 2208 3510 2279 in
3555 2208 3837 2300 singulis

1016 2345 1251 2408 nostre
1287 2335 1716 2407 celsitudinis
1750 2334 2180 2406 habuissent.
2219 2333 2420 2406 Unde
2446 2333 2538 2405 ad
2575 2334 2880 2406 futuram
2909 2332 3311 2405 memoriam
3344 2342 3417 2404 et
3446 2332 3660 2404 robur
3690 2353 3839 2427 per-

1017 2469 1229 2554 petuo
1246 2460 1651 2548 valiturum,
1675 2481 1963 2555 presens
1994 2458 2329 2553 scriptum
2358 2458 2650 2552 proinde
2679 2454 2830 2530 fieri
2855 2457 3339 2530 mandavimus
3360 2456 3584 2550 sigillo
3606 2465 3837 2530 nostre

1017 2583 1444 2656 celsitudinis
1480 2583 2006 2654 communitum.

1114 2711 1368 2780 Datum
1425 2708 1616 2804 apud
1663 2708 2358 2804 Aquampendentem
2380 2762 2400 2800 ,
2457 2706 2874 2781 duodecimo
2932 2707 3201 2797 martii,
3262 2705 3565 2778 secunde
3616 2705 3833 2778 indic-

1020 2833 1248 2906 tionis.

1433 3088 2832 3101 m*m<dmffl

695 3413 890 3516 3333-
1127 3377 1552 3461 Fridericus
1571 3436 1589 3468 ,
1647 3377 2168 3460 Romanorum
2237 3376 2675 3486 imperator,
2738 3378 3017 3460 auditis
3070 3402 3272 3486 quae
3300 3468 3308 3477 ,
3333 3402 3467 3487 per
3532 3376 3835 3460 Petrum

647 3520 933 3616 vggffgffi·
1020 3512 1116 3594 de
1169 3510 1405 3593 Vinea
1463 3535 1788 3620 magnae
1845 3508 2102 3591 curiae
2148 3533 2332 3591 suae
2388 3509 2720 3618 judicem
2789 3536 3017 3619 super
3080 3509 3327 3593 forma
3381 3509 3587 3618 pacis
3646 3509 3838 3592 inter

1019 3646 1424 3754 imperium
1479 3654 1556 3725 et
1602 3641 2016 3726 Ecclesiam
2072 3641 2154 3721 in
2208 3642 2553 3724 Romana
2615 3644 2828 3726 curia
2894 3654 3213 3726 tractata
3281 3643 3589 3726 fuerunt
3613 3705 3636 3747 ‚
3696 3644 3835 3752 ipsi

1019 3780 1240 3863 Petro
1300 3789 1378 3860 et
1432 3778 1803 3885 magistro
1872 3774 2180 3857 Taddeo
2244 3771 2340 3857 de
2403 3772 2681 3858 Suessa
2740 3775 3478 3860 consummationem
3557 3776 3834 3885 negotii

1017 3913 1272 3996 denuo
1305 3908 1739 3994 committit.

1182 4127 1423 4208 (Incdlt.
1454 4142 1532 4186 ex
1559 4126 1808 4205 septimo
1837 4123 2166 4184 rotulorum
2194 4122 2699 4197 cluniacensium,
2729 4124 2804 4184 de
2831 4123 3050 4203 quibus
3075 4122 3297 4203 supra.)

1117 4313 1530 4402 Fridericu3‚
1563 4311 1689 4382 Dei
1714 4309 1936 4403 gratia
1963 4311 2431 4383 Romanorum
2461 4310 2837 4404 imperator
2872 4329 3015 4381 sem
3025 4330 3148 4404 per
3174 4317 3535 4400 angustus,
3565 4309 3838 4382 Jerusa-

1021 4443 1161 4512 lem
1184 4447 1254 4510 et
1272 4436 1498 4508 Sicilie
1523 4455 1674 4505 rex.
1703 4435 1834 4505 Per
1854 4455 2142 4530 presens
2164 4433 2496 4528 scriptum
2524 4443 2766 4505 notum
2789 4431 2940 4504 fieri
2957 4436 3278 4506 volumus
3294 4432 3634 4504 universis
3651 4431 3837 4526 quod

1023 4584 1180 4652 nos,
1210 4558 1463 4632 auditis
1494 4557 1628 4629 hiis
1665 4578 1801 4650 que
1835 4577 1961 4653 per
1992 4556 2397 4649 magistrum
2427 4557 2705 4628 Petrum
2741 4556 2832 4629 de
2863 4557 3080 4630 Vinea
3106 4576 3358 4648 magne
3384 4555 3574 4628 curie
3604 4564 3837 4627 nostre

1014 4686 1350 4782 judicem,
1391 4681 1721 4755 dilectum
1745 4677 2024 4753 fidelem
2051 4689 2405 4771 nostrum,
2442 4679 2530 4752 de
2566 4681 2875 4753 Romana
2911 4680 3103 4752 curia
3132 4700 3361 4776 nuper
3398 4679 3491 4752 ad
3531 4689 3837 4752 nostram
