4364 5738
559 600 760 669 lamet.
790 606 883 692 5.]
1453 607 1851 672 HISTORIA
1900 608 2498 672 mPLOMA'rch.
3261 603 3382 665 513

671 1147 1096 1236 Fridericus
1118 1216 1141 1262 ,
1198 1153 1722 1238 Romanorum
1788 1154 2229 1263 imperator,
2303 1152 2687 1263 Angelum
2748 1150 3232 1234 Dominicum
3288 1151 3387 1232 de

570 1281 900 1368 Cortona
935 1285 1329 1394 publicum
1365 1287 1662 1398 imperii
1702 1287 2185 1372 tabellionem
2221 1286 2637 1370 constituit.

731 1526 1076 1608 (Memorat.
1116 1532 1181 1591 in
1220 1533 1394 1608 epist.
1452 1531 1662 1592 Franc.
1715 1531 2016 1605 Bonalnli,
2048 1548 2145 1608 ap.
2176 1528 2352 1592 Arch.
2397 1537 2534 1592 stor.
2575 1526 2836 1604 italiam,
2880 1529 3162 1610 append„
3190 1539 3257 1589 n⁰
3289 1537 3383 1605 12,

808 1653 871 1715 p.
904 1646 1048 1717 464,
1068 1654 1148 1699 ex
1165 1640 1363 1717 regist.
1401 1644 1523 1700 vet.
1555 1641 1772 1700 notarii
1798 1638 2117 1700 crescentii
2136 1640 2204 1700 in
2224 1639 2388 1700 arch.
2417 1655 2628 1700 comm.
2661 1638 2901 1699 Corton.
2931 1636 3038 1697 fol.
3071 1645 3146 1697 95
3176 1635 3387 1716 recto.)

667 1851 1092 1945 FridericuS,
1138 1854 1262 1927 Dei
1304 1856 1529 1948 gratia
1569 1857 2037 1938 Romanorum
2070 1855 2447 1950 imperator
2477 1875 2753 1949 semper
2782 1861 3157 1947 augustuS‚
3191 1853 3391 1925 Jeru-

571 1976 786 2049 salem
832 1986 904 2049 et
949 1979 1177 2052 Sicilie
1213 2002 1364 2053 rex.
1403 1982 1533 2053 Per
1565 2002 1852 2076 presens
1893 1980 2227 2075 scriptum
2271 1988 2514 2051 notum
2559 1979 2848 2084 facimus
2881 1977 3223 2049 universis
3258 1977 3392 2047 im-

572 2101 747 2195 perii
793 2099 1117 2176 fidelibus
1167 2116 1309 2177 tam
1361 2106 1797 2201 presentibus
1844 2127 2057 2198 quam
2113 2089 2364 2176 futuris
2402 2104 2593 2198 quod
2645 2124 2774 2175 nos
2822 2101 3249 2174 confidentes
3304 2101 3395 2175 de

571 2226 940 2321 prudentia
985 2239 1053 2301 et
1084 2230 1432 2323 legalitate
1459 2230 1709 2323 Angeli
1741 2230 2081 2303 Dominici
2118 2230 2208 2302 de
2249 2230 2579 2318 Cortona,
2626 2239 2907 2323 recepto
2939 2228 3028 2299 ab
3074 2250 3158 2300 eo
3187 2229 3396 2321 juxta

572 2354 1143 2426 consuetudinem
1202 2354 1553 2428 fidelitatis
1602 2366 1674 2427 et
1704 2356 1909 2428 officii
1937 2356 2371 2448 jurament0‚
2424 2354 2904 2426 constituimus
2950 2377 3109 2426 eum
3162 2354 3395 2450 publi-

573 2496 734 2547 cum
769 2478 1209 2552 tabellionem
1244 2480 1557 2575 imperii,
1605 2489 1686 2552 ut
1740 2481 1993 2552 amodo
2042 2480 2303 2576 publici
2357 2480 2842 2553 tabellionatus
2891 2479 3194 2551 officium
3227 2479 3399 2551 ubi-

575 2622 712 2694 que
765 2625 893 2698 per
939 2603 1307 2700 imperium
1352 2607 1446 2678 ad
1495 2606 1830 2677 honorem
1886 2615 1957 2676 et
1991 2604 2397 2676 fidelitatem
2442 2614 2750 2677 nostram
2808 2604 3061 2676 debeat
3102 2603 3400 2677 fideliter

576 2748 931 2801 exercere.
978 2731 1316 2815 Quocirca
1356 2731 1789 2804 universitati
1839 2739 2068 2803 vestre
2111 2729 2555 2825 precipiendo
2597 2729 3004 2801 mandamus
3054 2739 3399 2822 quatenus

576 2852 888 2946 predicto
932 2853 1200 2948 Angelo
1251 2856 1323 2928 in
1359 2849 1514 2929 *hiis
1546 2848 1704 2950 'que
1759 2856 1852 2928 ad
1899 2855 2211 2949 ejusdem
2265 2854 2522 2951 publici
2557 2854 3043 2927 tabellionatus
3095 2855 3398 2928 officium

576 2987 891 3073 spectare
944 2989 1352 3072 noscuntur,
1398 2982 1773 3056 intendatis
1825 2982 1913 3054 de
1962 2991 2196 3054 cetero
2249 2990 2576 3074 tanquam
2633 2981 2912 3075 publico
2950 2981 3305 3053 tabellioni
3357 3003 3400 3053 a

576 3102 936 3192 majestate
966 3115 1204 3176 nostra
1231 3115 1488 3179 statuto
1532 3108 1625 3179 ad
1659 3108 1991 3182 honorem
2026 3117 2097 3179 et
2123 3105 2529 3178 fidelitatem
2561 3115 2902 3197 nostram,
2953 3115 3023 3178 et
3048 3108 3284 3178 nullus
3314 3106 3402 3179 sit

577 3226 699 3320 qui
741 3247 901 3297 eum
947 3249 1159 3324 super
1211 3228 1459 3301 eodem
1499 3230 1724 3304 officio
1771 3232 2030 3326 publici
2078 3232 2563 3303 tabellionatus
2615 3241 2873 3303 temere
2905 3231 3242 3327 impedire
3285 3232 3400 3304 vel

580 3351 986 3445 perturbare
1051 3362 1428 3448 presumat.
1489 3329 1694 3441 Quod
1760 3356 1882 3448 qui
1940 3355 2437 3452 presumpserit
2490 3355 3037 3446 indignationem
3094 3369 3400 3429 nostram

582 3497 657 3547 se
716 3477 994 3549 noverit
1031 3477 1495 3551 incursurum.
1543 3479 1654 3552 Ad
1699 3481 1907 3573 hujus
1951 3489 2186 3551 autem
2228 3480 2329 3551 rei
2368 3480 2771 3550 memoriam
2810 3489 2881 3550 et
2921 3480 3239 3552 stabilem
3262 3468 3401 3551 'fir-

585 3598 920 3692 mitatem,
956 3623 1243 3697 presens
1271 3602 1602 3696 scriptum
1633 3601 1785 3675 fieri
1817 3613 1890 3676 et
1921 3604 2298 3697 majestatis
2333 3611 2564 3674 nostre
2594 3602 2817 3695 sigillo
2845 3603 3176 3695 jussimus
3207 3625 3397 3675 com-

582 3723 863 3796 muniri.

681 3851 936 3946 Datum
997 3850 1202 3943 Pisis,
1265 3871 1451 3925 anno
1509 3850 1855 3925 dominice
1928 3852 2420 3926 incarnationis
2495 3851 2860 3924 millesimo
2926 3852 3398 3930 ducentesimo

587 3975 1117 4071 quadragesimo
1150 3979 1471 4075 septimo,
1506 4000 1745 4052 mense
1778 3979 2039 4075 apriIiS‚
2073 3980 2315 4075 quinte
2344 3977 2759 4051 indictioniS.

692 4590 795 4677 M.
823 4590 969 4676 GC.
997 4590 1297 4700 XLVII,
1374 4590 1783 4675 indictione
1851 4589 1949 4700 V,
2013 4589 2136 4673 die
2199 4588 2556 4673 mercurii
2613 4588 2680 4672 X
2744 4587 3028 4673 mensis
3092 4586 3351 4697 aprilis
3375 4648 3398 4694 ,

590 4723 1001 4835 imperator
1060 4724 1484 4809 Fridericus
1557 4749 1734 4808 cum
1814 4723 2147 4809 militum
2217 4723 2572 4809 comitiva
2637 4723 2887 4835 quiete
2946 4748 3081 4831 per
3150 4728 3404 4829 partes

748 4859 857 4923 vl.
3008 4864 3084 4917 65
