4364 5738
1073 570 1196 631 248
2070 571 2497 634 nmmum
2547 574 2893 636 saeuum
3504 578 3667 658 [An.
3709 582 3883 643 1245.

1073 704 1523 801 precipiendo
1564 705 2011 797 mandanteS,
2053 716 2398 800 quatenus
2431 708 2525 780 ad
2569 710 2986 804 presentiam
3023 721 3331 785 nostram
3372 715 3563 800 omni
3606 737 3887 811 prorsus

1073 828 1434 902 occasione
1469 828 1849 923 postposita
1885 852 2109 923 usque
2144 830 2238 901 ad
2264 832 2663 925 proximum
2700 832 2952 905 festum
2980 836 3197 907 sancti
3228 836 3559 909 Iohannis
3584 839 3884 935 Baptiste

1074 953 1529 1049 personaliter
1557 953 1798 1024 venire
1830 975 2196 1048 procures,
2237 965 2318 1025 ut
2361 955 2511 1051 ipsa
2549 957 2855 1029 Ecclesia
2888 979 2985 1029 ex
3017 967 3133 1029 tue
3169 959 3578 1034 visitationis
3620 961 3882 1036 honore

1074 1076 1432 1172 spirituale
1470 1075 1804 1168 gaudium
1851 1088 1921 1148 et
1954 1097 2050 1148 ex
2091 1086 2211 1148 tua
2251 1077 2591 1151 industria
2628 1080 2995 1151 eonsilium
3035 1081 3371 1177 percipiat
3405 1085 3875 1179 profuturum,

1071 1199 1370 1272 sciturus
1402 1200 1593 1293 quod
1620 1221 1747 1272 nos
1783 1199 2046 1272 dictum
2077 1201 2461 1297 principem
2499 1203 2572 1274 in
2615 1203 3087 1298 predicatione
3130 1215 3363 1278 nostra
3406 1207 3769 1281 citavimus
3806 1221 3883 1281 ut

1071 1345 1198 1420 per
1238 1345 1313 1395 se
1355 1323 1467 1395 vel
1513 1344 1676 1395 suos
1723 1323 2004 1402 nuntios
2048 1323 2120 1394 in
2154 1326 2449 1402 concilio
2485 1326 2902 1400 celebrando
2952 1340 3350 1424 compareat
3392 1351 3875 1425 responsurus,

1071 1448 1274 1518 nobis
1311 1457 1384 1519 et
1417 1447 1570 1517 aliis
1601 1446 1720 1539 qui
1751 1446 2016 1539 aliquid
2057 1458 2300 1520 contra
2337 1448 2564 1544 ipsum
2606 1451 3134 1545 proponendum
3171 1452 3538 1544 duxerint,
3570 1454 3877 1529 satisfac·

1070 1571 1329 1644 tionem
1360 1569 1680 1641 idoneam
1713 1570 2148 1663 prestitums.

1167 1694 1417 1765 Datum
1449 1693 1801 1785 Lugduni,
1839 1694 1923 1765 111
1954 1714 2173 1766 nonas
2202 1694 2540 1787 ianuarii,
2585 1716 2774 1768 anno
2809 1696 3142 1769 secundo.

693 2274 970 2382 1233&
1170 2258 1650 2341 Innocentius
1697 2257 1794 2340 IV
1834 2282 2032 2366 papa
2073 2256 2346 2339 fratres
2390 2256 2787 2365 hospitalis
2832 2257 3150 2341 Sanctae
3192 2260 3470 2343 Manae
3522 2261 3867 2344 Theuto-

1062 2390 1406 2474 nieorum
1463 2401 1762 2485 monet,
1830 2390 2040 2498 quod
2111 2389 2533 2471 Gerardum
2596 2390 2693 2470 de
2752 2388 3094 2500 Malberg
3154 2394 3544 2501 quondam
3604 2418 3865 2477 eorum

1061 2524 1515 2633 magistrum
1554 2522 1652 2604 ad
1691 2520 2294 2630 Templariorum
2332 2521 2681 2603 ordinem
2716 2521 3039 2604 transire
3074 2524 3458 2607 sustinuit.

1224 2749 1492 2831 (Edider.
1530 2750 1623 2810 Da
1661 2750 1845 2824 Wu„
1876 2745 2213 2808 Becher-thes
2247 2764 2353 2808 m
2386 2744 2601 2807 torota-e
2633 2748 2963 2829 Tutor-iq„
2999 2756 3048 2811 t.
3078 2749 3172 2828 11,
3201 2767 3264 2827 p.
3303 2758 3443 2811 865.
3477 2781 3558 2795 —
3585 2749 3862 2819 limus,

1308 2854 1448 2920 Cod.
1476 2853 1604 2918 ord.
1642 2853 1999 2934 Theutonic„
2028 2875 2091 2933 p.
2127 2862 2266 2928 119,
2290 2865 2358 2916 η’
2397 2852 2558 2933 11⁴.)

1156 3060 1599 3135 Innocentius
1628 3058 2031 3151 episcopus,
2066 3077 2310 3127 servus
2349 3077 2708 3127 servorum
2742 3055 2910 3144 Dei,
2947 3055 3216 3127 dilectis
3248 3053 3406 3126 filiis
3435 3057 3760 3148 magistro
3793 3070 3863 3131 et

1057 3185 1383 3257 fratribus
1444 3180 1799 3274 hospitalis
1861 3181 2110 3250 Sancte
2178 3179 2392 3250 Marie
2451 3178 3033 3251 Theutonicorum
3085 3179 3615 3251 Jerosolimitani
3676 3182 3861 3253 salu·

1058 3319 1226 3397 tem,
1247 3303 1808 3378 etc.1nnocentia
1830 3311 2061 3375 vestre
2093 3304 2207 3397 pie
2237 3302 2791 3395 congregationis
2817 3301 3082 3394 audita,
3108 3302 3221 3374 cui
3252 3302 3342 3375 de
3375 3303 3695 3397 religiose
3721 3306 3859 3378 vite

1054 3431 1285 3505 studio
1338 3451 1419 3502 ac
1468 3426 1987 3522 impugnatione
2038 3425 2333 3498 sollicita
2372 3424 2674 3497 hostium
2715 3423 3038 3498 Crucifixi
3082 3426 3348 3498 clarum
3394 3427 3857 3500 testimonium

1053 3556 1481 3652 perhibetur,
1519 3552 1807 3644 dignum
1840 3552 1986 3621 fore
2018 3549 2446 3644 providimus
2475 3560 2556 3620 ut
2580 3548 2808 3621 ordini
2835 3559 3065 3622 vestro
3094 3550 3346 3643 quietis
3372 3561 3442 3623 et
3472 3551 3665 3648 pacis
3693 3573 3856 3647 pro·

1051 3701 1296 3754 curare
1336 3676 1699 3748 materiam
1737 3673 2201 3746 studeremus.
2241 3673 2416 3744 Hinc
2454 3683 2560 3744 est
2603 3673 2793 3766 quod
2837 3695 2966 3746 nos
3004 3685 3292 3768 pensato
3339 3675 3629 3747 sollicite
3667 3676 3859 3768 quod

1048 3808 1261 3877 frater
1289 3801 1636 3875 Gerardus
1665 3799 1755 3872 de
1783 3796 2165 3886 Malberch,
2199 3796 2554 3891 quondam
2584 3797 2910 3889 magister
2928 3807 3188 3887 vester,
3213 3798 3361 3870 sine
3396 3809 3630 3872 vestro
3661 3799 3855 3891 gravi

1048 3929 1375 4002 seandalo
1419 3946 1561 3997 non
1603 3932 1876 4018 poterat
1914 3921 1987 3992 in
2030 3920 2274 3992 ordine
2323 3940 2717 4010 remanere,
2763 3920 3245 3993 sustinendum
3290 3920 3621 3994 duximus
3665 3922 3857 4017 quod

1049 4051 1370 4125 transiret
1402 4048 1495 4121 ad
1525 4045 1948 4141 Templarios
1992 4044 2301 4138 ipsorum
2340 4042 2653 4115 habitum
2687 4052 3114 4138 recepturus.
3156 4044 3297 4116 Vos
3326 4044 3561 4138 itaque
3593 4045 3684 4118 de
3721 4044 3851 4116 hu·

1037 4166 1344 4269 jusmodi
1384 4172 1542 4245 duri
1571 4192 1773 4243 casus
1803 4168 2123 4260 angustia
2159 4166 2449 4239 feliciter
2475 4165 2818 4260 expediti,
2855 4175 2936 4237 ut
2975 4165 3451 4240 indissolubile
3498 4168 3680 4241 inter
3725 4190 3851 4242 vos

1044 4297 1348 4372 caritatis
1384 4295 1738 4367 vinculum
1784 4292 2123 4364 habeatur
2161 4300 2235 4361 et
2279 4289 2455 4361 odor
2497 4288 2679 4362 bone
2725 4290 2906 4361 fame
2954 4288 3043 4361 de
3083 4301 3316 4363 vestra
3352 4312 3629 4386 semper
3679 4312 3848 4387 ope·

1044 4419 1309 4491 ratione
1342 4417 1702 4513 procedat,
1740 4435 1947 4488 omne
1976 4412 2166 4508 quod
2197 4412 2511 4507 poteritis
2544 4411 2851 4484 studium
2881 4411 3223 4504 habeatis,
3254 4434 3500 4485 secura
3532 4414 3622 4487 de
3648 4414 3848 4487 nobis

1041 4550 1378 4636 concepta
1407 4538 1658 4612 fiducia
1693 4539 1883 4633 quod
1914 4536 2232 4610 ordinem
2266 4545 2577 4607 vestrum
2617 4535 2688 4606 in
2729 4536 2872 4607 Deo
2917 4535 3186 4609 sincere
3230 4537 3581 4630 diligimus
3621 4548 3695 4610 et
3722 4559 3846 4611 vos

1040 4667 1335 4740 libenter
1361 4685 1487 4760 per
1513 4662 1730 4754 gratie
1764 4674 1998 4733 nostre
2024 4659 2411 4732 subsidium
2444 4658 2516 4729 in
2552 4667 2736 4730 statu
2773 4679 3105 4754 prospero
3134 4681 3654 4733 conservamus.
