4364 5738
1018 541 1140 603 326
2016 536 2444 598 FRIDERICI
2493 535 2845 598 SECUNDI
3444 537 3611 615 [Anu.
3645 539 3819 603 1245.

1019 677 1380 765 sileamuS,
1425 695 1584 746 cum
1622 672 1940 745 didicerit
1985 682 2253 744 tantum
2296 672 2684 768 opprimere
2702 724 2725 760 ,
2763 693 2905 744 non
2949 682 3146 745 curat
3168 694 3535 767 opprefflos
3563 676 3827 749 miseri-

1021 800 1322 874 corditer
1353 799 1700 888 relevare,
1736 818 1946 868 manu
1973 799 2125 889 ejus
2160 806 2241 867 ut
2285 796 2486 869 decet
2526 795 2907 891 principem
2949 795 3399 869 christianum
3442 797 3535 869 ad
3573 800 3825 872 elemo-

1022 926 1210 998 sinas
1247 945 1390 996 non
1440 931 1721 994 extenta
1741 974 1761 1010 ,
1806 942 1967 992 cum
2006 920 2461 993 destructioni
2503 918 2951 991 ecclesiarum
2998 918 3321 991 institerit
3363 930 3436 991 et
3479 922 3827 1015 religiosas

1025 1069 1106 1131 ac
1141 1049 1311 1120 alias
1348 1044 1846 1118 ecclesiasticas
1876 1042 2137 1137 jugiter
2181 1042 2525 1114 attriverit
2553 1042 2924 1114 afflictione
2964 1053 3038 1114 et
3072 1044 3550 1138 persecutione
3595 1068 3826 1139 perso·

1025 1193 1185 1261 nas;
1222 1193 1353 1243 nec
1375 1168 1699 1242 ecclesias
1723 1189 1854 1240 nec
1877 1167 2318 1258 monasteria,
2347 1189 2471 1238 seu
2496 1167 2633 1238 alia
2664 1167 2778 1262 pia
2812 1168 2964 1239 loca
2998 1167 3304 1239 cernitur
3336 1170 3822 1243 construxisse.

1024 1296 1269 1367 Nonne
1301 1293 1510 1387 igitur
1540 1291 1668 1362 hec
1705 1311 1844 1362 non
1879 1290 2099 1381 levia,
2149 1290 2275 1362 sed
2318 1289 2620 1362 efficacia
2653 1299 2816 1362 sunt
2861 1299 3270 1381 argumenta
3313 1291 3404 1362 de
3449 1292 3830 1387 suspicione

1026 1417 1290 1489 heresis
1334 1426 1574 1488 contra
1631 1436 1825 1504 eum,
1882 1436 2040 1484 cum
2093 1423 2323 1484 tamen
2374 1412 2836 1486 hereticorum
2888 1413 3231 1485 vocabulo
3275 1414 3431 1486 illos
3472 1416 3587 1507 jus
3636 1416 3832 1488 civile

1029 1541 1366 1613 contineri
1405 1547 1670 1611 asserat
1714 1547 1785 1609 et
1815 1537 1971 1608 latis
2008 1537 2345 1609 adversus
2377 1558 2498 1608 eos
2529 1536 2897 1609 sentenciis
2928 1537 3184 1609 debere
3229 1538 3687 1612 subcumbere
3717 1541 3834 1633 qui

1027 1665 1141 1736 vel
1171 1664 1308 1735 levi
1332 1671 1741 1754 argumento
1776 1682 1817 1732 a
1843 1660 2106 1751 judicio
2137 1659 2474 1732 catholice
2506 1660 2857 1752 religionis
2888 1669 2960 1731 et
2994 1659 3264 1732 tramite
3296 1660 3552 1732 detecti
3589 1663 3836 1734 fuerint

1032 1786 1361 1860 deviare?
1419 1786 1655 1857 Preter
1715 1784 1849 1856 hoc
1900 1805 2194 1876 regnum
2248 1783 2516 1855 Scicilie
2579 1784 2769 1877 quod
2835 1793 2942 1855 est
2998 1783 3295 1877 speciale
3352 1785 3838 1879 patrimonium

1033 1912 1217 1984 beati
1249 1910 1468 1997 Petri,
1507 1920 1577 1981 et
1606 1908 1789 1980 idem
1826 1909 2147 2003 princeps
2178 1910 2270 1980 ab
2295 1908 2692 2003 Apostolica
2723 1908 2902 1980 Sede
2935 1908 3218 1980 tenebat
3246 1907 3320 1978 in
3350 1909 3666 2002 feodum,
3695 1912 3837 2004 jam

1034 2036 1128 2108 ad
1163 2045 1423 2107 tantam
1458 2034 1527 2103 in
1560 2032 1827 2104 clericis
1861 2042 1930 2102 et
1955 2033 2169 2126 laycis
2207 2031 2747 2104 exinanitionem
2784 2032 3324 2124 servitutemque
3357 2032 3626 2125 redegit
3657 2033 3841 2126 quod

1035 2159 1136 2230 eis
1169 2180 1349 2253 pene
1383 2156 1659 2251 penitus
1697 2153 1907 2226 nichil
1940 2154 2356 2226 habentibus
2389 2163 2461 2225 et
2490 2152 2813 2226 omnibus
2847 2152 3104 2226 exinde
3137 2157 3282 2226 fere
3313 2156 3548 2250 probis
3576 2157 3837 2248 ejectiS,

1036 2283 1189 2354 illos
1248 2281 1368 2376 qui
1435 2289 1918 2352 remanserunt
1972 2278 2230 2350 ibidem
2283 2278 2415 2348 sub
2463 2277 2695 2350 servili
2743 2278 2941 2371 quasi
2989 2278 3425 2350 condictione
3481 2279 3718 2351 vivere
3766 2299 3840 2351 ac

1036 2407 1415 2477 Romanam
1456 2403 1835 2474 Ecclesiam
1881 2402 2080 2492 cujus
2120 2400 2589 2495 principaliter
2633 2410 2797 2472 sunt
2842 2400 3158 2472 homines
3208 2411 3279 2473 et
3314 2402 3592 2493 vasalli,
3629 2402 3835 2472 offen·

1039 2528 1208 2600 dere
1246 2526 1716 2621 multipliciter
1751 2533 1822 2596 et
1852 2524 2193 2595 hostiliter
2227 2504 2633 2617 impugnare
2672 2526 3567 2619 componit.1>0ssetetiam
3605 2526 3838 2598 merito

1043 2649 1459 2746 reprehendi
1487 2648 1677 2743 quod
1710 2648 1898 2719 mille
1929 2648 2381 2743 squifatorum
2410 2669 2713 2719 annuam
2749 2648 3152 2742 pensionem
3186 2649 3256 2719 in
3284 2670 3424 2741 qua
3452 2670 3580 2745 pro
3605 2649 3839 2720 eodem

1044 2796 1262 2866 regno
1295 2773 1423 2869 ipsi
1458 2772 1763 2844 Ecclesie
1795 2774 2102 2844 Romane
2128 2781 2426 2860 tenetur,
2459 2793 2584 2865 per
2618 2793 2868 2844 novem
2901 2792 3122 2843 annos
3152 2782 3225 2844 et
3252 2772 3548 2866 amplius
3583 2775 3837 2845 solvere

1046 2898 1485 2995 pretermisit.
1558 2900 1697 2969 Nos
1759 2899 1993 2989 itaque
2061 2918 2270 2990 super
2327 2896 2675 2990 premissis
2730 2906 2801 2968 et
2854 2917 3065 2988 quam
3120 2897 3434 2991 pluribus
3495 2897 3647 2968 aliis
3704 2899 3841 2989 ejus

1050 3022 1439 3116 nephandis
1489 3020 1887 3092 excessibus
1942 3042 2100 3090 cum
2141 3019 2466 3090 fratribus
2516 3019 2767 3091 nostris
2821 3031 2892 3091 et
2931 3040 3125 3091 sacro
3168 3020 3460 3092 concilio
3514 3020 3841 3091 delibera·

1052 3143 1238 3213 tione
1284 3141 1647 3236 prehabita
1688 3141 2032 3231 diligenti,
2070 3162 2228 3211 cum
2261 3141 2471 3213 Jhesu
2503 3142 2748 3214 Christi
2798 3143 2985 3214 vices
3036 3143 3201 3214 licet
3247 3143 3568 3214 immeriti
3619 3153 3839 3214 tenea-

1053 3287 1209 3336 mus
1232 3265 1302 3334 in
1335 3264 1555 3351 terris,
1589 3263 1925 3356 nobisque
1955 3264 2025 3334 in
2051 3264 2235 3335 beati
2262 3266 2441 3336 Petri
2469 3266 2760 3360 apostoli
2784 3287 3079 3360 persona
3103 3267 3192 3338 sit
3213 3266 3475 3338 dictum
3504 3296 3522 3337 ε
3554 3294 3591 3330 α
3619 3266 3841 3350 Quod-

1054 3409 1354 3481 cumque
1400 3386 1720 3479 ligaveris
1765 3409 1973 3482 super
2021 3397 2273 3459 terram
2322 3388 2453 3459 erit
2504 3388 2791 3481 ligatum
2838 3398 2910 3460 et
2951 3389 3024 3459 in
3064 3390 3264 3478 celiS,
3317 3419 3353 3455 a>
3405 3398 3845 3461 memoratum

1055 3513 1436 3610 principem
1473 3512 1593 3603 qui
1629 3533 1703 3582 se
1736 3511 2025 3605 imperio
2058 3522 2128 3583 et
2153 3512 2387 3604 regnis
2423 3491 2751 3604 omnique
2779 3512 3044 3583 bonore
3075 3534 3159 3583 ac
3191 3512 3526 3605 dignitate
3558 3510 3847 3585 reddidit

1058 3648 1198 3708 tam
1240 3636 1637 3727 indignum,
1680 3635 1937 3728 quique
1982 3645 2265 3730 propter
2305 3657 2464 3706 suas
2509 3635 2905 3728 iniquitates
2943 3645 3153 3728 atque
3203 3638 3465 3708 scelera
3508 3658 3551 3708 a
3589 3638 3731 3707 Deo
3765 3655 3846 3705 ne

1057 3771 1302 3853 regnet
1328 3761 1438 3831 vel
1478 3760 1771 3853 imperet
1803 3768 1908 3829 est
1938 3758 2279 3849 abjectuS,
2318 3759 2458 3829 suis
2500 3759 2783 3850 ligatum
2817 3759 3118 3852 peccatis
3150 3768 3222 3830 et
3254 3760 3602 3851 abjectum
3637 3757 3845 3830 omni·

1057 3905 1195 3978 que
1236 3883 1496 3955 honore
1545 3904 1629 3953 ac
1669 3881 2003 3973 dignitate
2046 3882 2390 3976 privatum
2430 3903 2474 3953 a
2512 3882 2806 3954 Domino
2851 3882 3314 3972 ostendimuS,
3367 3883 3851 3955 denunciamus

1058 4030 1141 4079 ac
1173 4005 1655 4078 nichilominus
1700 4005 2194 4077 sentenciando
2240 4004 2624 4100 privamus;
2662 4027 2904 4078 omnes
2948 4007 3067 4098 qui
3109 4007 3172 4077 ei
3196 4008 3592 4099 juramento
3636 4004 3848 4078 fideli·

1063 4129 1219 4200 tatis
1254 4138 1574 4199 tenentur
1601 4128 1888 4217 astricti,
1921 4149 1962 4198 a
1979 4129 2377 4219 juramento
2404 4127 2801 4219 hujusmodi
2829 4140 3165 4223 perpetuo
3192 4131 3667 4220 absolventes;
3698 4148 3851 4199 auc·

1064 4251 1336 4321 toritate
1375 4251 1751 4344 apostolica
1804 4249 2092 4322 firmiter
2146 4250 2524 4322 inhibendo
2572 4273 2662 4322 ne
2703 4251 3064 4344 quisquam
3113 4251 3201 4322 de
3239 4260 3471 4323 cetero
3523 4252 3655 4322 sibi
3712 4264 3849 4321 tan·

1062 4392 1272 4464 quam
1303 4373 1699 4465 imperatori
1730 4395 1812 4445 ac
1852 4375 1996 4466 regi
2031 4384 2272 4469 pareat
2302 4375 2416 4445 vel
2449 4374 2764 4447 intendat
2796 4385 2865 4445 et
2898 4374 3337 4447 decernendo
3369 4374 3716 4468 quoslibet
3745 4370 3854 4464 qui

1065 4494 1393 4588 deinceps
1440 4494 1502 4564 ei
1540 4497 1731 4567 velut
1766 4498 2163 4592 imperatori
2213 4507 2336 4569 aut
2373 4498 2517 4590 regi
2560 4498 2958 4570 conscilium
2991 4500 3101 4570 vel
3153 4498 3493 4569 auxilium
3549 4496 3854 4592 prestite-

1066 4619 1202 4691 rint
1237 4617 1349 4688 vel
1391 4617 1695 4688 favorem
1715 4672 1734 4708 ,
1779 4621 1928 4714 ipso
1984 4622 2164 4693 facto
2208 4620 2485 4693 vinculo
2540 4622 3271 4694 excommunicationis
3320 4621 3705 4713 subjacere.
3764 4615 3859 4689 Illi
