4364 5738
562 601 758 659 luntc‘r.
797 598 923 675 15.]
1454 595 1850 657 HISTORIA
1900 593 2490 655 mPLOMA‘rch.
3306 597 3385 658 29

563 734 811 805 damus
854 742 1199 825 quatenus
1250 753 1378 825 per
1426 740 1637 803 totam
1682 732 2029 802 abbatiam
2066 730 2335 801 cunctis
2370 729 2636 800 clericis
2680 738 2750 800 et
2787 730 3032 801 ceteris
3058 727 3380 803 fidelibus

566 856 820 928 nostris
862 856 1217 947 injungas,
1255 864 1335 926 ut
1376 856 1525 947 ejus
1565 854 1896 949 exequias
1936 876 2094 924 cum
2137 853 2328 924 omni
2371 852 2740 925 devotione
2782 852 3158 924 solenniter
3198 854 3383 926 cele·

567 978 884 1066 branteS,
921 978 1224 1048 animam
1268 977 1420 1068 ejus
1463 999 1621 1048 cum
1663 976 2147 1048 decantatione
2188 975 2552 1047 missarum
2603 986 2674 1046 et
2717 976 2870 1048 aliis
2901 976 3383 1050 ecclesiasticis

565 1100 1011 1172 sacramentis
1046 1101 1281 1172 divine
1314 1100 1782 1173 misericordie
1815 1100 2413 1192 recommendent‚
2447 1102 2827 1174 manifestis
2855 1102 3125 1173 indiciis
3152 1111 3382 1173 osten-

563 1226 810 1298 dentes
849 1227 1041 1318 quod
1085 1226 1263 1297 sicut
1317 1226 1389 1295 in
1431 1226 1842 1317 gaudiorum
1885 1237 2284 1298 nostrorum
2323 1227 2640 1321 tripudiis
2682 1229 3003 1299 exultant
3044 1227 3375 1316 hilariter,

560 1350 659 1421 sic
696 1358 769 1422 et
797 1350 1154 1422 doloribus
1180 1350 1432 1421 uostris
1459 1351 1830 1422 condolere
1863 1336 2162 1422 fideliter
2188 1351 2583 1422 videantur.

2206 1652 2942 1660 n-—u—ffl<fflz—

666 1859 1132 1966 FridericuS,
1172 1859 1693 1943 Romanorum
1749 1861 2189 1970 imperator,
2230 1861 2581 1943 fidelibus
2631 1861 2789 1943 suis
2842 1870 2928 1944 ut
2975 1862 3120 1944 sibi
3175 1888 3378 1945 con-

566 1992 868 2074 doleant
924 1990 1092 2101 pro‘
1137 1992 1400 2075 dolore
1462 2019 1693 2103 quem
1757 1993 2041 2100 patitur
2096 1995 2175 2074 in
2229 2003 2470 2076 morte
2524 1993 2823 2075 Henrici
2891 1993 3374 2104 primogeniti

564 2122 699 2204 filii
736 2125 881 2207 sui.

724 2324 970 2404 (Inedit.
992 2343 1065 2385 ex
1085 2327 1217 2386 cod.
1254 2324 1408 2385 Bibl.
1441 2325 1640 2387 Cesar.
1676 2327 1889 2401 Paris„
1911 2341 2043 2387 ane.
2057 2322 2242 2404 fonds
2262 2322 2431 2396 latin,
2465 2334 2533 2384 u⁰
2564 2332 2742 2396 8629,
2773 2325 2878 2385 fol.
2911 2335 2986 2386 58
3018 2344 3208 2399 verso,
3233 2346 3373 2389 cum

798 2433 912 2492 hoc
956 2433 1130 2492 titulo
1170 2450 1185 2492 ε
1227 2429 1491 2511 Epistola
1520 2450 1694 2513 quam
1722 2431 2063 2492 Fredericus
2107 2434 2425 2510 imperator
2468 2433 2627 2491 misit
2662 2449 2773 2511 per
2817 2434 3146 2493 universum
3181 2432 3374 2495 orbem

773 2605 776 2608 .
787 2536 1153 2617 principibus
1180 2545 1235 2599 et
1260 2537 1395 2598 aliis
1415 2538 1726 2599 rectoribus
1753 2538 1824 2599 de
1849 2546 2031 2599 morte
2058 2539 2300 2598 Henrici
2314 2539 2693 2619 primoqeniti
2716 2538 2857 2618 sui.)

656 2711 1096 2801 FredericuS,
1131 2726 1265 2783 etc.
1307 2713 1380 2782 In
1417 2721 1639 2783 morte
1668 2711 1789 2782 filii
1821 2721 2069 2783 natura
2102 2713 2462 2784 condoluit
2497 2723 2568 2784 et
2591 2711 2692 2809 (a)
2727 2724 3051 2809 paternos
3092 2716 3376 2791 affectus

567 2834 809 2908 eduxit
849 2836 920 2906 in
964 2836 1281 2908 lacrimas
1321 2857 1494 2928 quas
1535 2834 1792 2907 offensa
1830 2833 1951 2906 filii
1989 2836 2415 2929 denegabat,
2450 2847 2520 2909 et
2553 2837 2715 2909 licet
2747 2838 3138 2932 malignitas
3167 2840 3374 2914 affec-

569 2970 710 3031 tum
750 2959 894 3031 filio
933 2959 1420 3049 abstraxisset,
1468 2960 1649 3053 patri
1697 2969 1928 3031 tamen
1965 2983 2106 3032 non
2152 2961 2438 3032 abstulit
2471 2962 2938 3033 benivolentie
2976 2964 3374 3056 caritatem;

560 3084 619 3154 si
659 3083 995 3176 regnandi
1038 3084 1379 3178 cupiditas
1418 3084 1509 3154 ab
1549 3083 1847 3155 Henrico
1883 3085 2343 3178 primogenito
2386 3095 2625 3157 nostro
2668 3086 2991 3158 substulit
3029 3085 3377 3162 filiationis

432 3275 437 3280 .
559 3206 913 3297 affectum,
947 3207 1160 3301 patris
1190 3216 1420 3279 tamen
1455 3208 1647 3300 quod
1675 3207 1889 3302 patris
1922 3217 2071 3279 erat
2100 3209 2359 3280 violata
2387 3208 2607 3303 pietas
2637 3229 2780 3280 non
2816 3211 3121 3302 negavit.
3157 3214 3378 3284 Omne

558 3352 860 3423 namque
909 3332 1165 3403 factum
1206 3330 1300 3427 (b)
1334 3331 1523 3424 quod
1569 3332 1640 3401 in
1684 3332 1792 3402 sui
1834 3341 2083 3402 natura
2130 3331 2313 3403 inter
2356 3341 2728 3404 extraneos
2775 3334 3089 3407 redditur
3131 3358 3377 3431 parum

556 3477 800 3548 grave,
823 3456 1265 3527 commissum
1291 3455 1362 3525 in
1383 3456 1599 3548 patris
1626 3455 1948 3546 injuriam
1974 3454 2266 3525 efficitur
2290 3455 2543 3526 violata
2574 3457 2830 3549 pietate
2861 3459 3371 3551 gravissimum,

557 3599 687 3651 nec
718 3579 809 3651 ab
841 3579 1211 3673 impietatis
1243 3578 1612 3673 asperitate
1645 3577 2043 3649 defenditur
2068 3578 2126 3649 si
2152 3578 2323 3670 quid
2350 3579 2421 3649 in
2450 3590 2808 3673 parentem
2839 3602 2963 3676 per
2989 3583 3376 3655 irreveren-

563 3703 727 3775 tiam
761 3683 1255 3775 committatur.
1285 3702 1616 3787 Quamvis
1648 3712 1878 3773 autem
1913 3703 2232 3774 offensari
2261 3704 2702 3775 meminimus
2749 3714 2819 3777 et
2865 3706 3378 3798 ingratitudinis

563 3827 969 3919 magnitudo
1017 3826 1196 3921 patri
1244 3826 1647 3922 patientiam
1690 3827 2050 3916 evicisset,
2083 3849 2232 3898 rem
2285 3837 2515 3899 tamen
2558 3829 2779 3900 diram
2822 3840 2893 3901 et
2933 3829 3178 3901 duram
3244 3832 3375 3901 sub

502 3965 507 3972 ·
561 3950 864 4043 quodam
911 3949 1402 4022 mediocritatis
1443 3950 1855 4022 libramento
1900 3951 2375 4042 transivimus,
2408 3962 2488 4022 ut
2532 3975 2662 4023 nec
2704 3953 3038 4045 asperitas
3073 3945 3375 4026 vindicte

562 4083 803 4146 nature
838 4071 927 4168 (c)
966 4074 1295 4167 pietatem
1328 4083 1839 4168 corrumperet,
1874 4095 2005 4145 nec
2041 4096 2278 4145 rursus
2309 4085 2578 4146 reatum
2611 4072 2734 4145 filii
2767 4075 3138 4169 impunitas
3173 4077 3373 4170 igno-

560 4208 769 4269 raret.
801 4197 1135 4268 Iussimus
1166 4207 1397 4268 tamen
1426 4198 1729 4269 coerceri
1761 4195 1864 4294 (d)
1890 4206 1972 4268 ut
2005 4199 2249 4270 saltem
2280 4198 2373 4269 ad
2403 4206 2674 4292 tempus
2701 4197 3021 4271 cohercio
3045 4200 3375 4275 duratura

643 4371 726 4453 (a)
770 4374 844 4434 In
875 4373 1005 4433 cod.
1039 4372 1122 4432 in.

639 4477 720 4557 (b)
764 4479 836 4539 In
865 4479 1065 4541 codice
1094 4485 1349 4540 tantum.

640 4585 714 4662 (c)
760 4585 930 4646 Clare
954 4591 1154 4645 tamen
1184 4588 1245 4645 in
1272 4585 1473 4647 codice
1501 4584 1715 4662 legitur
1738 4601 1888 4644 vere.

535 4695 545 4708 ¹
645 4688 729 4769 (d)
770 4691 841 4751 Iu
868 4692 1066 4780 codice
1092 4709 1245 4770 erqo.

3473 1873 3768 1931 [Februarim]
