4364 5738
1064 615 1186 678 378
2057 615 2488 678 Flummml
2535 613 2884 675 SECUNDI
3494 615 3655 699 [Anu.
3696 617 3865 677 1245.

1062 760 1474 846 potestatem
1506 751 1992 846 interponendi
2026 751 2304 824 decreta
2345 750 2417 820 in
2458 748 2950 821 alienatoribus
2986 770 3216 819 rerum
3254 748 3706 820 immobilium
3740 772 3865 844 pu·

1062 874 1382 968 pillorum
1413 884 1483 946 et
1509 875 1625 966 jus
1658 874 1869 946 dandi
1900 884 2163 946 tutores
2193 885 2263 945 et
2289 882 2642 945 curatores
2666 871 3025 964 generales
3052 871 3434 943 minoribus
3457 871 3647 943 XXV
3672 874 3868 944 annis

1064 1008 1135 1067 et
1166 998 1485 1069 omnibus
1514 996 1666 1070 aliis
1700 997 1952 1088 quihus
1989 997 2077 1069 de
2102 999 2262 1088 jure
2299 996 2581 1086 dantur,
2615 994 3097 1089 emancipandi
3128 1005 3199 1066 et
3232 995 3627 1066 insinuandi
3663 1005 3867 1068 testes

1060 1120 1181 1212 qui
1213 1121 1470 1192 dantur
1498 1121 1589 1190 ad
1622 1130 1931 1191 eternam
1963 1121 2066 1191 rei
2093 1120 2495 1192 memoriam
2520 1171 2540 1208 ,
2575 1140 2716 1191 non
2752 1117 3072 1190 obstante
3115 1117 3305 1211 quod
3345 1127 3691 1214 competat
3721 1121 3862 1214 epi-

1059 1264 1269 1337 scopo
1296 1243 1647 1314 Parmensi
1671 1244 1787 1333 jus
1814 1242 2127 1337 predicta
2164 1241 2459 1314 faciendi
2497 1243 2584 1313 de
2610 1243 2769 1333 jure
2803 1241 2913 1312 vel
2959 1262 3053 1312 ex
3097 1241 3596 1313 consuetudine
3626 1242 3742 1314 vel
3773 1264 3862 1314 ex

1059 1366 1278 1436 forma
1310 1365 1823 1459 compositionis
1847 1387 1983 1457 que
2017 1375 2122 1435 est
2150 1366 2340 1436 inter
2361 1386 2728 1436 commune
2757 1373 2827 1434 et
2849 1365 3077 1458 ipsum
3105 1364 3506 1459 episcopum
3538 1366 3858 1437 Parmen·
3941 1427 3944 1430 .

1058 1509 1230 1577 sem,
1265 1509 1395 1559 nec
1423 1489 1656 1582 aliqua
1685 1488 1821 1559 alia
1855 1490 2007 1579 lege
2039 1488 2152 1559 vel
2184 1489 2449 1559 ratione
2479 1489 2819 1559 obstante.
2843 1487 3250 1558 Mandamus
3279 1486 3510 1580 itaque
3544 1496 3615 1558 et
3641 1488 3853 1582 impe-

1057 1609 1207 1680 riali
1241 1611 1651 1682 auctoritate
1684 1610 2028 1681 sancimus
2062 1611 2387 1703 quatinus
2418 1611 2651 1679 nullus
2680 1609 2769 1680 sit
2800 1609 2921 1701 qui
2948 1630 3315 1680 commune
3345 1609 3587 1679 Parme
3624 1607 3856 1682 fideles

1057 1742 1329 1804 nostros
1365 1743 1604 1805 contra
1633 1733 1972 1826 presentis
2004 1733 2238 1826 scripti
2270 1732 2487 1803 nostri
2528 1741 2837 1803 tenorem
2881 1753 3092 1826 super
3121 1729 3450 1825 predictis
3480 1732 3592 1802 vel
3627 1734 3854 1826 aliquo
3915 1779 3922 1784 -

1050 1856 1518 1949 predictorum
1544 1876 1719 1926 ausu
1754 1857 2114 1926 temerario
2144 1856 2556 1947 inquietare,
2575 1855 2941 1926 molestare
2969 1855 3080 1925 vel
3110 1852 3446 1949 impedire
3474 1865 3843 1947 presumat.

1053 1980 1256 2065 Quod
1282 1979 1400 2073 qui
1428 1979 1945 2072 presumpserit,
1967 1978 2510 2071 indignationem
2544 1977 2759 2048 nostri
2788 1975 3107 2048 culminis
3143 1998 3216 2047 se
3249 1975 3517 2047 noverit
3542 1977 3848 2048 incursu·

1052 2125 1231 2174 rum.
1269 2102 1380 2173 Ad
1412 2104 1609 2194 cujus
1638 2101 1734 2172 rei
1772 2103 2175 2173 memoriam
2205 2113 2276 2172 et
2303 2102 2515 2173 robur
2539 2109 2876 2195 perpetuo
2906 2100 3306 2189 valiturum,
3327 2120 3614 2194 presens
3641 2101 3848 2194 scrip-

1054 2235 1198 2296 tum
1229 2223 1377 2295 fieri
1405 2233 1475 2295 et
1501 2225 1723 2317 sigillo
1757 2236 1988 2297 nostre
2019 2225 2400 2317 majestatis
2420 2223 2751 2316 jussimus
2783 2221 3218 2294 communiri.

1143 2351 1390 2420 Datum
1440 2350 1718 2440 Parme,
1762 2370 1946 2421 anno
2001 2348 2345 2420 dominice
2406 2346 2896 2418 incarnationis
2957 2345 3321 2417 millesimo
3379 2339 3846 2420 ducentesimo

1044 2471 1572 2566 quadragesimo
1627 2472 1907 2563 quinto,
1951 2493 2190 2542 mense
2247 2470 2666 2557 decembris,
2711 2479 2958 2562 quarta
3011 2467 3422 2558 indictione,
3468 2469 3843 2565 imperante

1043 2594 1325 2666 domino
1370 2604 1606 2665 nostro
1648 2593 1970 2664 Federico
2014 2593 2141 2665 Dei
2187 2593 2407 2685 gratia
2449 2592 2889 2664 invictissimo
2933 2593 3397 2664 Romanorum
3434 2593 3840 2687 imperatore

1041 2738 1315 2810 semper
1349 2726 1667 2807 augusto,
1703 2718 2155 2812 Hyerusalem
2190 2727 2260 2786 et
2291 2715 2518 2787 Sicilie
2560 2738 2758 2808 rege,
2799 2716 3065 2811 imperii
3111 2716 3261 2806 ejus
3300 2737 3483 2788 anno
3513 2717 3840 2809 vigesimo

1039 2850 1274 2930 sexto,
1315 2841 1505 2932 regni
1539 2842 1988 2936 Hyerusalem
2031 2840 2364 2933 vigesimo
2396 2840 2737 2931 secundo,
2775 2839 2967 2932 regni
3000 2861 3168 2913 vero
3203 2840 3428 2912 Sicilie
3455 2842 3833 2936 quadrage-

1038 2964 1213 3035 simo
1240 2965 1562 3058 septimo,
1592 2964 1904 3035 feliciter.
1941 2964 2191 3036 Amen.

667 3549 934 3654 [3333]ss
1141 3526 1678 3635 TheodericuS,
1730 3528 2125 3610 Ravennas
2170 3528 2811 3637 archiepiscopuS,
2866 3529 3300 3613 Innocentio
3344 3559 3586 3641 papae
3634 3561 3824 3615 nar-

1027 3672 1146 3744 rat
1198 3663 1581 3777 quomodo
1619 3663 1696 3741 in
1735 3661 2007 3771 Apulia
2064 3663 2208 3745 sub
2262 3662 2735 3772 fidejussoria
2772 3664 3118 3746 cautione
3154 3667 3609 3774 custodituS,
3663 3677 3827 3775 post

1028 3795 1365 3876 auditam
1400 3794 1888 3902 depositionis
1924 3796 2004 3874 in
2042 3794 2504 3877 Fridericum
2544 3796 3020 3903 sententiam,
3061 3796 3439 3907 aufugerit
3474 3808 3549 3880 et
3585 3825 3820 3908 usque

1023 3924 1442 4008 Bononiam
1498 3926 1956 4034 pervenerit,
2020 3926 2453 4034 supplicans
2513 3936 2598 4008 ut
2651 3926 3004 4011 ecclesiae
3055 3955 3237 4011 suae
3296 3931 3822 4041 undecumque

1026 4059 1387 4166 spoliatae
1424 4058 1521 4141 ab
1559 4058 1987 4165 Apostolica
2026 4057 2216 4139 Sede
2250 4059 2758 4166 provideatur.

1183 4267 1384 4344 (Edid.
1414 4269 1692 4340 Risimus,
1732 4269 1880 4328 Hist.
1926 4269 2212 4346 Ravana,
2241 4268 2345 4329 lib.
2376 4267 2491 4342 VI,
2539 4286 2599 4345 p.
2640 4276 2773 4327 418.
2819 4269 2911 4328 Ex
2953 4269 3296 4330 membrana
3342 4276 3602 4347 tempore
3646 4273 3821 4348 ipsius

1253 4371 1442 4431 Rubel
1462 4376 1591 4449 jam
1618 4376 1736 4434 situ
1762 4381 2069 4452 corrupta,
2102 4391 2254 4453 qnae
2280 4381 2426 4435 tunc
2453 4375 2563 4453 legi
2591 4381 2861 4451 poterant
2886 4376 3080 4435 denno
3104 4374 3378 4453 emmas.)

1114 4554 1553 4626 Sanctissimo
1589 4557 1659 4625 in
1692 4557 1956 4630 Christo
1989 4559 2166 4653 patri
2199 4568 2270 4630 et
2296 4558 2577 4631 domino
2608 4560 3008 4632 Innocentio
3048 4571 3479 4633 sacrosancte
3513 4561 3814 4632 Romane

1013 4678 1317 4755 Ecclesia
1348 4700 1615 4751 summo
1645 4681 1949 4772 pontifici
1976 4682 2405 4774 dignissimo,
2431 4682 2847 4756 Thedericus
2871 4684 3285 4757 Ravennatis
3310 4684 3614 4756 Ecclesie
3640 4682 3812 4754 indi-
