4364 5738
580 607 786 667 [umet.
815 601 907 680 3.]
1468 597 1866 661 HISTORIA
1913 598 2509 664 mPLOMA‘rIcA.
3287 599 3409 662 265

580 747 748 836 ceps·
767 746 842 811 et
861 733 1420 825 consanguineus
1444 742 1710 824 noster,
1748 733 2138 806 celsitudini
2163 748 2398 809 nostre
2425 738 2757 809 attentius
2787 736 3204 832 supplicavit
3231 756 3405 829 qua-

581 874 785 936 tenus
834 837 1186 952 cumipse
1238 856 1660 928 monasterio
1703 856 1777 927 in
1819 857 2010 929 Buch
2049 857 2521 932 cisterciensis
2568 859 2832 932 ordinis
2872 860 3075 933 villas
3115 859 3356 932 Strech
3380 913 3399 950 ,

531 1019 534 1024 ·
578 986 948 1074 Criwalde,
981 985 1193 1077 Lup8‚
1230 979 1618 1070 Wisthene,
1647 981 2075 1073 Wigeswit2‚
2104 979 2533 1073 Brischowe,
2567 983 2931 1073 Dirsenitz,
2970 982 3399 1071 Tutendorff,

573 1109 910 1183 allodium
933 1106 1122 1201 apud
1138 1104 1359 1176 Misna
1383 1112 1455 1176 et
1478 1104 1720 1177 vineas
1738 1103 1968 1176 eidem
1989 1104 2249 1177 allodio
2265 1107 2665 1197 adjacentes
2689 1128 2864 1200 quas
2888 1129 2929 1177 a
2953 1105 3155 1177 nobis
3178 1116 3249 1176 et
3271 1106 3401 1176 im-

577 1231 770 1328 perio
794 1231 867 1301 in
899 1229 1109 1302 feudo
1130 1226 1378 1318 tenuit,
1402 1248 1529 1320 pro
1562 1227 1976 1300 liberalitate
2003 1229 2321 1320 contulit,
2340 1229 2542 1301 villas
2561 1250 2838 1321 quoque
2864 1227 3403 1300 Nidabudowitz

578 1353 1084 1447 et'Cuggeilant
1110 1372 1284 1443 quas
1302 1349 1634 1421 memorie
1663 1351 2034 1422 recolende
2054 1350 2349 1424 dilectus
2375 1351 2560 1423 filius
2585 1361 2823 1423 noster
2849 1351 3185 1423 Henricus
3214 1351 3403 1423 illus—

577 1478 701 1550 tris
727 1476 1083 1571 quondam
1100 1476 1568 1547 Romanorum
1596 1494 1725 1545 rex
1747 1473 1974 1546 eidem
2003 1475 2423 1548 monasterio
2449 1476 2666 1567 regali
2690 1473 3159 1547 munificentia
3187 1474 3402 1547 dona·

573 1602 719 1691 vit,
754 1602 995 1673 villam
1027 1598 1234 1669 etiam
1262 1599 1583 1670 Lostowe
1611 1619 1825 1690 quam
1854 1598 2071 1670 abbas
2099 1611 2169 1670 et
2196 1611 2581 1671 conventus
2605 1600 2918 1691 ejusdem
2940 1595 3400 1670 monasterii-*a

571 1721 979 1795 Bernhardo
998 1729 1069 1792 et
1090 1720 1457 1793 Chunrado
1480 1719 1883 1814 Chiselingis
1906 1722 1995 1793 de
2019 1722 2360 1794 Bamenze
2383 1745 2514 1793 nec
2537 1744 2678 1795 non
2694 1723 2898 1795 villas
2917 1725 3390 1815 Langonowe,

573 1843 1138 1917 Gersardesdorff
1148 1853 1220 1915 et
1234 1841 1692 1931 Brisselbach‚
1714 1864 1888 1936 quas
1905 1844 1997 1914 ab
2023 1844 2314 1916 Henrico
2338 1844 2427 1917 de
2446 1846 2831 1939 Pollecche,
2855 1846 3089 1919 villam
3113 1847 3399 1941 insuper

573 1966 1001 2059 Buggelwitz
1036 1987 1246 2058 quam
1265 1987 1314 2037 a
1341 1965 1638 2038 Rudolfo
1680 1965 1769 2037 de
1801 1966 2240 2038 Mildenstein
2277 1969 2531 2040 nostris
2566 1979 2639 2041 et
2671 1970 2943 2064 imperii
2978 1970 3394 2042 ministeria·

577 2091 758 2162 libus
793 2098 1316 2184 compararunt,
1354 2087 1765 2160 donationes
1802 2097 1874 2160 et
1910 2090 2297 2182 emptiones
2334 2090 2517 2185 ipsas
2554 2101 2737 2162 ratas
2782 2091 3041 2164 habere
3077 2104 3149 2165 et
3194 2093 3396 2165 villas

574 2208 925 2304 predictas
973 2209 1044 2278 in
1089 2207 1525 2297 nemoribuS‚
1571 2206 1879 2302 pascuiS,
1933 2206 2167 2300 aquiS,
2218 2207 2418 2279 terris
2458 2209 2662 2279 cultis
2709 2220 2780 2280 et
2831 2209 3107 2282 incultis
3164 2212 3392 2284 eidem

573 2334 994 2405 monasterio
1031 2352 1159 2426 per
1198 2330 1635 2426 privilegium
1676 2340 1991 2402 nostrum
2034 2329 2443 2402 confirmare
2485 2333 2573 2403 de
2610 2341 2846 2404 nostra
2880 2334 3102 2425 gratia
3142 2334 3389 2426 digna-

572 2476 833 2526 remur.
859 2454 999 2525 Nos
1024 2453 1233 2545 igitur
1254 2453 1374 2546 qui
1406 2474 1500 2523 ex
1516 2452 1946 2524 humanitate
1976 2463 2047 2525 et
2073 2454 2310 2526 innata
2330 2455 2532 2526 nobis
2560 2457 2924 2528 clementia
2950 2458 3392 2530 rationabiles

571 2577 962 2673 principum
1017 2586 1415 2648 nostrorum
1466 2567 1836 2671 petitiones
1869 2597 2010 2648 non
2057 2576 2380 2649 novimus
2427 2578 2797 2669 obaudire,
2854 2580 3393 2674 supplicationes

570 2701 862 2796 predicti
914 2698 1334 2772 marchionis
1383 2699 1629 2770 effectu
1672 2707 1908 2771 nostre
1958 2700 2179 2792 gratie
2227 2711 2760 2794 prosequenteS‚
2816 2701 3223 2774 donationes
3266 2722 3394 2797 per

572 2824 798 2920 ipsum
830 2835 901 2897 et
928 2846 1054 2920 per
1083 2823 1415 2918 scriptum
1442 2843 1680 2915 regem
1714 2820 1932 2894 filium
1959 2838 2275 2896 nostrum
2298 2877 2316 2914 ,
2347 2825 2731 2919 emptiones
2763 2845 3041 2919 quoque
3068 2826 3158 2898 de
3189 2826 3391 2899 bonis

572 2948 1122 3020 ministerialium
1158 2956 1592 3038 nostrorum,
1629 2946 1809 3018 sicut
1844 2947 2072 3018 eidem
2107 2948 2529 3019 monasterio
2554 2949 2740 3040 juste
2780 2969 2863 3019 ac
2892 2948 3394 3022 rationabiliter

572 3072 751 3144 facte
780 3082 966 3161 sunt,
1005 3079 1189 3141 ratas
1219 3072 1521 3161 gerimus
1554 3080 1623 3141 et
1661 3071 1894 3141 omnia
1920 3071 2106 3142 bona
2136 3070 2448 3166 predicta
2478 3080 2843 3167 prenotato
2869 3072 3289 3145 monasterio
3323 3083 3394 3145 et

570 3194 886 3290 personis
909 3195 981 3264 in
1005 3215 1090 3264 eo
1118 3194 1412 3265 Domino
1433 3193 1927 3265 famulantibus
1952 3194 2021 3265 in
2038 3204 2453 3289 perpetuum
2472 3192 2986 3267 confirmamus
3012 3196 3391 3268 Statuimus

573 3319 784 3411 igitur
826 3329 896 3390 et
935 3317 1273 3413 presentis
1314 3317 1655 3412 privilegii
1695 3302 2103 3390 auctoritate
2147 3319 2453 3392 districte
2494 3319 2943 3414 precipiendo
2980 3320 3391 3392 mandamus

573 3451 918 3536 quatenus
953 3441 1186 3511 nullus
1217 3440 1367 3511 dux
1393 3440 1505 3512 vel
1544 3439 1885 3531 marchio,
1921 3443 2154 3513 nullus
2188 3444 2546 3537 princepS‚
2588 3444 2821 3513 nullus
2852 3464 3123 3533 comes,
3158 3444 3391 3514 nullus

575 3568 920 3661 prelatuS,
972 3564 1168 3635 nulla
1200 3562 1502 3656 denique
1536 3583 1834 3657 persona
1861 3564 1999 3635 alta
2043 3566 2155 3637 vel
2186 3565 2466 3636 humilis
2488 3617 2506 3653 ,
2545 3564 3009 3636 ecclesiastica
3037 3565 3151 3636 vel
3178 3586 3386 3635 mun-

573 3689 783 3777 dana,
826 3685 1386 3782 prenominatum
1424 3684 1916 3755 monasterium
1961 3686 2033 3755 in
2081 3686 2286 3758 bonis
2325 3685 2723 3781 prescriptis
2758 3695 3000 3757 contra
3050 3684 3388 3779 presentis

574 3809 1076 3883 ratihabitionis
1116 3817 1188 3880 et
1233 3805 1779 3879 confirmationis
1815 3818 2050 3881 nostre
2085 3820 2396 3881 tenorem
2443 3808 2820 3903 impedire,
2853 3809 3221 3880 molestare
3262 3826 3388 3878 seu

573 3935 981 4030 perturbare
1016 3940 1391 4028 presumat.
1438 3930 1643 4017 Quod
1684 3932 1805 4023 qui
1844 3933 2344 4027 presumpserit
2382 3931 2928 4023 indignationem
2972 3930 3190 4002 nostri
3235 3930 3386 4001 cul·

573 4058 777 4129 minis
799 4067 871 4129 et
892 4077 1142 4151 penam
1169 4054 1671 4148 quinquaginta
1686 4054 2018 4128 librarum
2042 4057 2196 4129 auri
2213 4077 2288 4128 se
2311 4055 2585 4127 noverit
2602 4055 3068 4145 incursurum,
3088 4073 3389 4145 quarum

569 4180 905 4254 medietas
926 4201 1199 4253 camere
1227 4187 1489 4268 nostre,
1512 4178 1780 4271 reliqua
1804 4201 1973 4252 vero
1996 4179 2218 4275 passis
2249 4179 2344 4271 inj
2352 4179 2573 4250 uriam
2600 4176 3009 4272 applicetur.
3037 4175 3151 4250 Ad
3176 4176 3388 4270 hujus

569 4303 782 4396 igitur
818 4303 1318 4376 ratihabitionis
1357 4311 1428 4373 et
1459 4300 2004 4375 confirmationis
2037 4312 2271 4375 nostre
2303 4302 2606 4372 futuram
2636 4300 3039 4372 memoriam
3071 4310 3144 4374 et
3172 4301 3388 4373 robur

568 4437 910 4522 perpetuo
942 4428 1355 4516 valiturum,
1400 4445 1690 4519 presens
1720 4425 2158 4519 privilegium
2190 4424 2340 4496 fieri
2377 4433 2448 4496 et
2482 4423 2859 4516 majestatis
2884 4434 3120 4498 nostre
3161 4425 3387 4519 sigillo

564 4549 899 4639 jussimus
926 4552 1361 4623 communiri.
2323 4532 2329 4538 ⁸

666 4675 887 4766 Hujus
936 4675 1037 4745 rei
1098 4686 1309 4748 testes
1356 4686 1521 4748 sunt
1571 4673 1898 4747 Albertus
1953 4670 2369 4744 venerabilis
2424 4669 2816 4766 patriarcha
2871 4670 3383 4762 Anthiocenus‚

723 4797 832 4863 VI.
2987 4803 3064 4856 ³⁴
