4364 5738
590 608 792 667 mter.
825 606 921 684 3.]
1477 606 1877 668 HISTORIA
1924 606 2521 669 DlPLOMATlCA.
3296 611 3416 673 287

589 740 756 834 quia
803 762 946 812 non
994 749 1196 811 erant
1238 741 1442 831 juxta
1501 741 1917 834 promissum
1973 741 2384 813 sufficientia
2441 761 2611 812 vasa
2669 742 2947 813 nautica
3004 754 3371 837 preparata
3391 799 3413 837 ,

590 864 911 956 quamvis
941 863 1216 934 interim
1243 864 1334 935 ab
1363 864 1672 935 Ecclesia
1694 865 2100 936 sollicitatus
2125 864 2367 936 fuisset
2394 864 2824 957 frequentius
2856 866 3100 936 litteris
3133 877 3203 938 et
3234 891 3416 939 nun·-

593 987 740 1078 tiis,
783 988 1149 1082 plusquam
1189 987 1306 1058 Lx
1350 982 1564 1059 millia
1610 988 2246 1080 crucesignatorum
2299 1009 2424 1082 pre
2470 998 2786 1059 caumate
2831 989 3190 1080 obierunt,
3237 992 3420 1065 inter

589 1130 768 1202 quos
790 1109 906 1180 ille
928 1130 1226 1201 maguus
1249 1110 1675 1202 langravius,
1706 1111 2073 1207 episcopus
2090 1112 2519 1183 pataviensis
2549 1121 2623 1183 et
2647 1113 3016 1206 plusquam
3042 1113 3190 1185 CCC
3215 1116 3419 1210 electi

589 1232 842 1304 milites
875 1233 1257 1327 perierunt.
1293 1233 1501 1305 Cesar
1528 1255 1698 1305 vero
1730 1256 1874 1305 non
1906 1245 2100 1324 tunc,
2136 1235 2263 1306 sed
2296 1235 2740 1329 postmodum
2779 1236 3418 1307 excommunicatus

591 1356 943 1447 transivit,
981 1365 1053 1427 et
1093 1377 1219 1450 per
1260 1356 1675 1428 Rainaldum
1717 1379 1921 1429 suum
1965 1358 2303 1429 vicarium
2345 1356 2622 1428 interim
2664 1359 2989 1452 occupari
3038 1359 3200 1429 fecit
3234 1360 3416 1430 Mar-

588 1478 817 1550 chiam
859 1489 930 1550 et
966 1479 1331 1570 ducatum;
1370 1480 1496 1551 sed
1537 1481 1793 1575 ereptis
1825 1481 1935 1551 his
1979 1481 2069 1553 de
2113 1482 2436 1552 manibus
2483 1481 2820 1552 invasoris
2852 1502 2977 1575 per
3017 1482 3416 1554 violentiam

589 1613 661 1675 et
699 1601 1146 1694 magnificum
1183 1603 1586 1697 suffragium
1618 1605 2164 1677 Lombardorum
2189 1658 2208 1694 ,
2261 1602 2467 1677 rediit
2507 1606 2909 1699 imperator,
2958 1616 3029 1676 et
3058 1606 3417 1679 absolutus

588 1747 761 1821 pace
801 1727 986 1797 facta
1026 1726 1288 1817 juravit
1340 1748 1482 1798 non
1524 1748 1867 1822 occupare
1910 1729 2241 1822 deinceps
2281 1728 2774 1799 Patrimonium
2800 1781 2819 1817 ,
2865 1728 2990 1799 sed
3041 1729 3416 1801 defendere

588 1849 775 1920 hona
806 1850 1114 1921 Ecclesie
1149 1871 1233 1921 ac
1269 1850 1358 1922 de
1391 1872 1609 1943 regno
1633 1850 1883 1945 Apulie
1914 1851 2284 1946 disponere
2303 1854 2511 1943 juxta
2538 1850 2844 1923 Ecclesie
2875 1852 3413 1947 beneplacitum,

486 1963 499 1973 ⁴
589 1972 730 2042 lata
759 1993 993 2043 coram
1021 1995 1095 2043 se
1132 1973 1222 2044 de
1260 1994 1385 2044 sua
1420 1974 1853 2045 contumacia
1885 1975 2076 2067 apud
2108 1976 2437 2046 Sanctum
2480 1975 2896 2045 Germanum
2937 1977 3414 2047 excommuni-

590 2095 880 2166 cationis
917 2096 1256 2167 sententia
1290 2096 1347 2165 si
1382 2096 1718 2190 promissa
1749 2095 2032 2166 forsitan
2061 2097 2389 2185 violaret3
2438 2097 2529 2168 ad
2562 2096 2690 2167 hec
2727 2099 3069 2168 servanda
3102 2097 3413 2190 fideijus-

589 2238 784 2289 sores
809 2217 1145 2309 adjiciens
1172 2218 1488 2290 civitates
1515 2217 1875 2311 plurimaS,
1902 2216 2253 2310 principes
2280 2215 2688 2288 Alemannie
2719 2220 3116 2310 multosque
3149 2220 3416 2291 nobiles

589 2353 661 2413 et
697 2350 972 2412 tenutas
1003 2342 1265 2413 arcium
1279 2341 1554 2436 optime
1590 2341 2042 2411 munitarum.
2083 2340 2334 2412 Contra
2365 2342 2711 2413 Romanos
2742 2351 2974 2413 autem
3012 2342 3082 2412 in
3118 2364 3415 2436 persona

588 2465 870 2560 propria
910 2466 1105 2536 venit
1142 2464 1587 2560 postmodum
1630 2485 1792 2535 cum
1839 2463 2075 2534 multis
2115 2463 2449 2534 militibus
2469 2516 2489 2553 ‚
2533 2475 2886 2558 assumpto
2924 2464 3206 2536 domino
3249 2468 3414 2538 Rei-

588 2586 785 2658 nerio
823 2587 1117 2659 diacono
1150 2586 1531 2676 cardinale,
1565 2586 1658 2658 ad
1688 2585 2244 2680 recuperandum
2277 2596 2348 2656 et
2371 2585 2889 2658 defendendum
2921 2588 3412 2659 Patrimonium

590 2719 828 2782 contra
873 2711 1029 2783 illos
1081 2720 1153 2782 et
1190 2710 1582 2805 specialiter
1624 2709 2009 2782 viterbium
2054 2709 2248 2803 quod
2291 2708 2582 2781 Romani
2630 2710 2962 2781 volebant
2998 2719 3237 2782 contra
3277 2713 3410 2783 Ec-

587 2833 867 2905 clesiam
921 2834 1355 2929 impugnare.
1416 2834 1788 2906 Fatebatur
1835 2854 2003 2905 vero
2053 2833 2246 2927 quod
2292 2854 2387 2905 ex
2432 2832 2671 2905 debito
2725 2831 3074 2906 fidelitatis
3126 2835 3413 2930 prestito

589 2957 894 3028 Ecclesie
921 2979 1050 3052 pro
1089 2979 1306 3050 regne
1336 2958 1588 3053 Apulie
1626 2958 1994 3029 tenebatur
2022 2957 2327 3028 Ecclesie
2366 2957 2673 3028 Romane
2712 2958 2972 3029 servire
3002 2959 3075 3028 in
3103 2959 3246 3030 suis
3280 2981 3407 3030 ex·

587 3079 825 3173 pensis
863 3088 1057 3151 certo
1091 3088 1403 3175 tempore
1441 3090 1514 3152 et
1560 3080 1854 3152 reddere
1898 3102 2182 3152 censum
2209 3132 2229 3169 ‚
2278 3101 2488 3173 quem
2546 3080 2755 3151 solvit
2796 3081 3102 3174 alioquin
3123 3134 3145 3172 ,
3195 3082 3322 3154 sed
3367 3103 3409 3153 a

587 3203 710 3273 ΧΠ
757 3201 958 3273 annis
999 3211 1071 3273 et
1116 3203 1302 3274 ultra
1346 3204 1645 3274 cessavit
1678 3205 1990 3294 solvere,
2037 3213 2323 3298 propter
2365 3204 2554 3296 quod
2605 3204 2753 3298 ipse
2792 3206 3004 3277 feudo
3046 3207 3293 3277 merito
3332 3229 3408 3278 se

587 3323 915 3417 privavit.
936 3324 1028 3396 Ut
1053 3338 1288 3396 autem
1316 3326 1492 3397 vidit
1519 3346 1593 3396 se
1625 3325 1908 3420 pacifice
1937 3327 2010 3397 in
2038 3347 2310 3398 summo
2343 3326 2771 3398 celsitudinis
2813 3326 3188 3421 imperialis
3213 3329 3409 3422 apice

587 3446 923 3536 residere,
960 3446 1357 3541 postpositis
1389 3447 1805 3539 juramentis
1833 3448 2158 3519 omnibus
2186 3457 2258 3519 et
2287 3448 2640 3542 promissis
2673 3449 2746 3519 in
2787 3470 2998 3542 pace,
3061 3502 3402 3522 .....

759 3622 777 3641 .
839 3622 857 3641 .
896 3569 1027 3642 iste
1055 3568 1424 3663 disponere
1454 3568 1679 3641 voluit
1705 3570 1794 3641 de
1826 3572 2219 3642 sanctuario
2247 3571 2559 3661 Domini,
2608 3573 2828 3659 clero,
2869 3571 3308 3665 pontificibus
3341 3584 3412 3644 et

584 3693 870 3787 prelatis
889 3746 913 3784 ,
962 3692 1306 3788 dissipans
1338 3693 1784 3765 ecclesiarum
1829 3691 2013 3764 bona
2045 3695 2191 3765 fere
2239 3695 2471 3780 omnia
2519 3705 2590 3764 et
2638 3692 2977 3764 invadens
3000 3745 3020 3782 ‚
3075 3694 3170 3764 ita
3219 3694 3410 3786 quod

590 3816 1331 3888 excommunicationis
1366 3816 1629 3889 domini
1661 3815 1972 3908 Gregorii
2006 3825 2318 3911 tempore
2357 3819 2724 3911 plusquam
2756 3816 3253 3907 quinquaginta
3287 3838 3408 3888 va-

578 3940 842 4011 cabant
870 3937 1308 4012 cathedrales
1333 3940 1641 4013 Ecclesie
1673 3941 1745 4011 in
1772 3960 1899 4012 suo
1923 3960 2142 4031 regno
2174 3949 2243 4011 et
2274 3939 2614 4012 inferioris
2645 3939 2903 4030 gradus
2933 3941 3402 4033 quamplures

588 4062 894 4156 Cumque
931 4085 1143 4159 super
1186 4062 1294 4135 his
1340 4065 1461 4136 diu
1505 4065 1810 4136 monitus
1858 4085 2003 4135 non
2048 4074 2388 4152 cessaret,
2439 4061 3172 4133 excommunicationis
3215 4063 3407 4157 lepra

589 4205 957 4278 percussus
993 4208 1035 4258 a
1067 4187 1552 4259 communione
1582 4188 1715 4259 fuit
1743 4186 2053 4258 fidelium
2088 4196 2515 4278 segregatus.
2550 4183 2738 4255 Idem
2769 4204 2937 4254 vero
2967 4193 3251 4277 propter
3275 4184 3410 4257 hoc

590 4308 769 4404 adeo
804 4310 875 4379 in
908 4310 1083 4381 iram
1126 4311 1508 4382 excanduit
1536 4311 1726 4403 quod
1758 4312 1999 4382 contra
2028 4309 2399 4379 Dominum
2431 4307 2616 4400 cepit
2650 4307 2881 4377 furere
2921 4308 3299 4398 grassando
3335 4310 3408 4380 in

586 4429 882 4520 clerum,
910 4431 1138 4525 ipsum
1164 4435 1361 4506 velut
1395 4454 1565 4507 oves
1591 4432 1955 4505 occisionis
1985 4429 2379 4501 mactando.
2410 4429 2606 4501 Unde
2635 4429 2972 4521 quosdam
3000 4432 3408 4505 comburere

590 4571 733 4623 non
778 4553 1026 4624 metuit
1069 4565 1209 4627 tam
1257 4558 1507 4628 fratres
1555 4556 1856 4629 Minores
1900 4574 2111 4647 quam
2162 4553 2338 4623 alios
2383 4552 2657 4623 Domini
2713 4554 3108 4626 sacerdotes
3157 4564 3409 4628 tractos

588 4675 784 4768 prius
822 4675 917 4748 ad
951 4678 1210 4751 caudas
1263 4699 1643 4772 equorum,
1693 4676 1965 4769 aliquos
2003 4696 2172 4747 vero
2218 4673 2634 4768 relegandO,
2688 4697 2834 4747 non
2885 4697 3144 4771 paucos
3202 4679 3407 4750 etiam
