4364 5738
1053 564 1176 627 asa
2050 567 2480 630 rmnnmci
2520 568 2866 633 sncumn
3479 568 3647 649 [An.
3682 570 3855 633 1245.

1055 700 1665 789 vocaverit,immo
1690 701 1923 773 forsan
1955 702 2409 797 postulaverit
2439 702 2940 800 imprudenter,
2955 703 3248 778 Romani
3279 701 3624 800 pontificis
3647 704 3865 801 impe-

1059 835 1204 917 tus,
1235 846 1446 921 quem
1480 825 1670 921 pacis
1713 824 1963 898 ducem
2002 846 2155 898 esse
2195 826 2654 917 credidimus,
2682 826 2905 923 ipsam
2941 838 3176 922 preter
3213 848 3409 923 spem
3448 837 3757 904 nostram
3792 839 3862 902 et

1052 959 1294 1024 votum
1332 969 1699 1023 commune
1729 947 2161 1022 credentium
2202 949 2454 1024 erroris
2485 949 2691 1024 duxit
2727 950 2800 1024 in
2842 949 3162 1043 devium,
3196 960 3270 1022 et
3301 971 3511 1045 quam
3536 950 3860 1026 ardenter

1055 1075 1383 1171 amplecti
1406 1073 1767 1160 debuerat,
1794 1071 2085 1167 turpiter
2110 1072 2286 1168 proh
2314 1070 2548 1147 dolorl
2585 1074 3009 1169 profugavit3
3036 1073 3133 1146 ita
3159 1073 3350 1166 quod
3377 1074 3628 1147 totiens
3651 1073 3856 1149 corde

1055 1197 1349 1272 contrito
1385 1196 1657 1290 quesita
1684 1195 2105 1292 comparuit,
2142 1197 2305 1271 licet
2333 1194 2939 1292 superficietenus,
2975 1218 3138 1270 cum
3167 1197 3450 1270 morbus
3479 1198 3726 1271 lateret
3749 1198 3862 1271 in·

1058 1322 1393 1394 trinsecus
1410 1373 1429 1411 ,
1459 1340 1652 1415 spem
1703 1318 1868 1391 boni
1917 1320 2377 1392 communiter
2411 1319 2737 1412 gentibus
2779 1318 3141 1413 figurasset
3157 1371 3178 1408 ,
3212 1341 3343 1391 nec
3384 1319 3854 1412 amicabiliter,

1056 1445 1345 1518 ductore
1380 1451 1794 1539 procurante
1821 1442 2201 1534 guerrifero
2215 1495 2238 1533 ,
2274 1463 2485 1516 voces
2514 1441 2837 1539 pacificas
2875 1441 3261 1517 exaudivit.
3297 1442 3624 1537 Sequitur
3662 1443 3862 1538 igitur

1058 1578 1136 1639 ut
1159 1567 1278 1662 qui
1305 1566 1578 1662 pondus
1604 1565 1875 1637 incudis
1903 1565 2240 1639 hactenus
2265 1567 2607 1662 patienter
2628 1576 2701 1639 et
2724 1567 2979 1639 devote
3003 1564 3414 1657 subivimus,
3439 1565 3672 1638 mallei
3697 1587 3855 1640 con·

1057 1699 1430 1784 sequenter
1448 1687 1748 1760 officium
1780 1709 2240 1779 resumamus,
2258 1710 2341 1760 ac
2359 1688 2480 1760 ubi
2502 1689 2830 1784 patientie
2853 1698 3087 1761 nostre
3116 1687 3419 1760 theriaca
3442 1709 3585 1761 non
3614 1689 3849 1778 valuit,

1059 1836 1186 1910 per
1217 1813 1500 1885 victorie
1534 1811 1841 1905 gladium
1880 1832 2089 1904 quem
2120 1809 2532 1906 pontificalis
2568 1812 2741 1884 cotis
2773 1812 3108 1908 asperitas
3151 1812 3339 1883 acuit
3375 1822 3449 1885 et
3485 1813 3855 1887 occasionis

1059 1936 1432 2029 cujuslibet
1461 1934 1752 2029 expulsa
1783 1933 2127 2025 rubigine,
2157 1933 2248 2004 ad
2287 1932 2722 2029 precipitium
2758 1934 3016 2005 fabrica
3048 1933 3322 2006 noviter
3346 1935 3681 2025 elimavit,
3712 1945 3857 2007 tan·

1059 2082 1271 2155 quam
1304 2080 1704 2154 supremum
1736 2066 1807 2128 et
1840 2055 2104 2149 grande
2143 2056 2529 2128 remedium
2560 2077 2693 2129 nos
2734 2056 2827 2128 ad
2871 2056 3266 2150 potentialis
3306 2056 3578 2128 medele
3621 2057 3857 2129 suffra·

1057 2185 1248 2278 gium
1278 2192 1789 2256 convertamus.
1826 2180 2037 2271 Cujus
2073 2180 2198 2253 alti
2237 2179 2566 2275 propositi
2606 2180 2823 2253 nostri
2863 2179 3229 2253 consilium
3266 2180 3513 2252 talibus
3556 2202 3735 2276 qnos
3774 2181 3861 2253 ad

1058 2319 1365 2384 nostram
1395 2306 1812 2401 presentiam
1839 2315 2070 2378 vestra
2100 2304 2381 2378 devotio
2405 2302 2507 2402 (a)
2535 2302 2935 2394 destinavit,
2966 2312 3158 2378 tanto
3182 2303 3526 2377 salubrius
3556 2324 3862 2378 commu-

1058 2432 1291 2506 nicare
1344 2429 1770 2526 previdimus
1816 2438 2080 2523 quanto
2127 2427 2438 2523 potentie
2484 2436 2721 2501 nostre
2769 2426 3156 2499 sublimitas
3204 2449 3344 2521 que
3391 2447 3863 2510 consummare

1058 2554 1366 2650 quelibet
1382 2552 1634 2626 amodo
1653 2551 1978 2647 proponit
2003 2550 2077 2622 in
2102 2550 2337 2644 gladio
2352 2602 2373 2639 ,
2398 2552 2792 2624 voluntates
2817 2560 3083 2623 vestras
3114 2548 3209 2624 ad
3238 2549 3314 2623 id
3337 2549 3721 2624 concordes
3743 2569 3862 2623 ex·

1059 2676 1365 2774 postulat
1395 2685 1467 2747 et
1498 2674 1785 2747 affectus
1809 2675 2247 2746 voluntatum
2271 2682 2548 2770 reputat
2573 2683 2987 2770 oportunos;
3020 2695 3180 2745 cum
3205 2673 3459 2768 quibus
3482 2674 3725 2746 Parme
3743 2670 3861 2770 (b),

1062 2809 1267 2897 prout
1292 2800 1465 2872 scire
1492 2820 1617 2872 vos
1643 2797 2014 2890 credimus,
2033 2797 2380 2891 colloquio
2407 2797 2754 2871 celebrato
2787 2796 3234 2891 solempniter
3264 2806 3336 2868 et
3361 2805 3596 2868 nostre
3622 2797 3865 2869 volun·

1066 2925 1222 2995 tatis
1268 2922 1539 2995 indiciis
1592 2944 1801 3014 quam
1847 2922 1918 2992 in
1964 2932 2198 2993 actum
2244 2919 2332 2991 de
2374 2930 2606 2992 cetero
2656 2921 3025 2992 transferre
3076 2918 3538 3013 disponimus,
3575 2920 3867 2992 verbalis

1065 3045 1280 3118 clavis
1310 3044 1689 3116 ministerio
1722 3044 2066 3133 reseratiS,
2098 3043 2288 3137 ipsos
2315 3051 2673 3134 gratanter
2698 3051 2768 3112 et
2794 3041 3106 3113 hilariter
3123 3042 3216 3114 ad
3237 3042 3516 3138 propria
3548 3042 3869 3114 duximus

1067 3167 1551 3256 remittendos3
1587 3187 1679 3236 ex
1711 3188 2007 3261 quorum
2041 3166 2372 3236 relatibus
2399 3186 2798 3259 quanquam
2833 3164 2923 3236 ad
2957 3164 3271 3235 notitiam
3298 3172 3529 3236 vestre
3560 3163 3868 3237 devotio·

1067 3291 1176 3364 nis
1225 3289 1653 3386 pervenerit,
1695 3288 1973 3361 litterali
2014 3299 2493 3362 verumtamen
2539 3286 3001 3386 descriptione
3045 3286 3496 3358 describimus
3534 3287 3762 3381 quod,
3797 3297 3873 3358 ut

1069 3413 1447 3511 majestatis
1476 3422 1710 3484 nostre
1744 3411 2036 3484 sublime
2063 3411 2491 3509 propositum
2517 3410 2864 3483 salubrius
2892 3420 2963 3482 et
2989 3409 3416 3482 commodius
3440 3431 3869 3483 consumme·

1071 3546 1211 3627 tur,
1241 3545 1473 3631 preter
1500 3536 1889 3608 voluntates
1926 3545 1997 3606 et
2023 3556 2235 3628 opera
2262 3544 2649 3605 ceterorum
2684 3531 2994 3606 fidelium
3026 3554 3163 3627 que
3195 3533 3289 3605 ad
3317 3531 3393 3605 id
3418 3544 3738 3629 prompta
3765 3553 3870 3603 re·

1072 3660 1408 3754 quirimus
1439 3668 1509 3729 et
1543 3657 1847 3729 efficacia
1880 3658 2342 3751 postulamus,
2372 3656 2444 3726 in
2471 3657 2745 3728 fortune
2778 3657 3067 3728 Cesaree
3098 3655 3577 3728 fulcimentum
3610 3655 3874 3726 tertiam

1070 3794 1338 3879 partem
1356 3791 1819 3879 proventuum
1847 3790 1916 3851 et
1945 3778 2439 3851 obventionum
2467 3779 2802 3868 omnium,
2826 3789 3033 3873 prout
3053 3777 3188 3850 hoc
3213 3799 3341 3872 per
3364 3778 3648 3850 nuntios
3673 3797 3876 3875 super

1072 3906 1205 3979 hoc
1230 3928 1270 3977 a
1300 3904 1706 3978 celsitudine
1739 3912 1975 3975 nostra
2006 3901 2381 3974 mittendos
2411 3901 2700 3997 liquebit
2730 3902 3061 3995 apertius,
3093 3902 3185 3973 ab
3218 3901 3543 3974 omnibus
3578 3900 3876 3973 ecclesiis

1072 4039 1305 4102 nostre
1332 4026 1718 4100 serenitatis
1744 4026 1970 4099 edicto
1984 4024 2317 4118 jussimus
2344 4024 2785 4119 exigendam.
2808 4026 3039 4097 Novas
3066 4025 3275 4123 etiam
3304 4034 3538 4098 nostre
3567 4021 3874 4116 magnifi-

1075 4151 1300 4224 centie
1337 4150 1725 4223 sanctiones
1760 4170 1934 4243 quas
1965 4169 2191 4243 nuper
2228 4147 2601 4243 imperialis
2632 4147 2951 4220 culminis
2992 4148 3232 4221 titulus
3263 4148 3516 4242 edidit,
3553 4157 3876 4242 tanquam

1075 4274 1361 4347 victorie
1398 4283 1631 4345 nostre
1665 4273 2143 4368 preambulaS,
2174 4271 2372 4345 vobis
2397 4271 2529 4343 sub
2556 4271 2933 4364 majestatis
2957 4282 3190 4344 nostre
3222 4271 3445 4364 sigillo
3480 4271 3874 4344 transmitti·

1167 4446 1254 4529 (a)
1297 4450 1368 4508 In
1395 4449 1526 4509 cod.
1548 4447 1965 4528 stuttgartensl
1990 4449 2243 4526 legitur:
2268 4444 2754 4509 Amba-*camme
2777 4448 3073 4509 civitatum
3090 4465 3229 4529 quos
3251 4445 3334 4508 ad
3353 4446 3676 4529 majestatis
3696 4452 3878 4507 noem

1071 4552 1426 4635 presentiam
1452 4550 1695 4613 libenter
1717 4571 1915 4614 aarum
1945 4550 2239 4616 deuotio...

1165 4657 1248 4739 (b)
1292 4659 1360 4719 In
1390 4659 1594 4719 eodem
1622 4659 1819 4721 codice
1844 4660 2056 4739 legitur
2081 4657 2308 4738 Padus,
2330 4659 2434 4722 scd
2458 4662 2524 4721 in
2547 4661 2756 4723 cotem
2779 4660 2996 4724 tectim
3020 4659 3249 4721 Parne-
