4364 5738
1066 552 1192 616 424
2072 547 2499 610 tammum
2548 546 2891 608 summm
3518 544 3682 627 [An.
3717 542 3888 606 1246.

1164 685 1518 762 Presentie
1566 705 1743 780 pape
1789 683 2080 773 nobilis,
2111 683 2385 775 magni,
2418 681 2835 778 spiritualis,
2867 680 3262 772 affectuod,
3293 681 3554 772 sancti,
3582 679 3894 754 tertiide-

1069 810 1230 883 oimi
1261 809 1770 908 apostolorum,
1805 806 2219 880 universalis
2260 807 2537 900 loquele
2577 804 3144 902 christianorum,
3177 803 3697 877 manutenentia
3720 802 3890 878 ado·

1070 944 1338 1007 ratores
1374 933 1647 1023 Crucis,
1685 931 1946 1025 judicis
1991 931 2230 1026 populi
2267 930 2663 1022 christiani,
2712 927 3024 1003 ductoris
3074 925 3377 1001 filiorum
3426 928 3886 1025 baptismatis,

1066 1058 1320 1131 summi
1340 1055 1686 1153 pontificis
1701 1054 2236 1128 christianorum
2254 1051 2650 1150 (confirmet
2671 1075 2831 1127 eum
2852 1057 3043 1128 Deus
3063 1064 3137 1129 et
3147 1054 3271 1127 det
3285 1055 3419 1129 sibi
3434 1051 3886 1150 felicitatem),

1062 1200 1111 1254 a
1155 1181 1446 1255 soldano
1488 1178 1968 1275 potentissimo
2008 1186 2346 1271 regnante
2381 1199 2598 1273 super
2635 1179 2815 1252 colla
2847 1180 3244 1272 nationum,
3276 1179 3679 1254 continente
3722 1176 3890 1249 dum

1066 1306 1360 1380 virtutes
1384 1304 1601 1398 gladii
1625 1314 1701 1376 et
1722 1302 2004 1392 calami,
2038 1303 2438 1397 possidente
2469 1303 2613 1376 duo
2639 1305 3090 1399 precellentia
3117 1304 3383 1378 scilicet
3407 1303 3794 1379 doctrinam
3821 1311 3892 1374 et

1059 1429 1431 1523 judicium,
1468 1449 1635 1522 rege
1664 1409 1963 1502 duorum
1992 1427 2317 1518 marium,
2348 1426 2784 1501 dominatore
2814 1428 3037 1501 austri
3069 1438 3147 1503 et
3169 1426 3690 1525 septentrionis,
3731 1444 3888 1518 rege

1066 1552 1370 1645 regionis
1388 1551 1641 1646 Egypti
1663 1562 1738 1623 et
1760 1551 1960 1646 Syrie
1983 1559 2057 1622 et
2083 1547 2578 1646 Mesopotamie
2603 1560 2678 1623 et
2697 1550 2926 1625 Medis
2951 1563 3026 1625 et
3051 1552 3336 1626 Idumee
3355 1563 3430 1625 et
3457 1549 3703 1646 Ophir,
3733 1568 3887 1641 rege

1060 1674 1845 1769 salech-Bolset-Ayob,
1893 1672 2037 1746 filio
2072 1673 2346 1746 soldani
2389 1675 3542 1765 Kamel·Hemevafar·Mehamet,
3594 1671 3720 1747 filii
3752 1672 3886 1746 sol·

1067 1799 1234 1871 dani
1262 1799 1443 1891 regis
1469 1797 2134 1869 Adel-Aboubeckre
2164 1795 2226 1892 (l
2242 1795 2299 1892 ),
2327 1795 2448 1868 filii
2479 1797 2718 1893 Ayob,
2751 1800 2953 1892 cuius
2981 1821 3279 1894 regnum
3302 1799 3535 1892 diligit
3560 1797 3887 1872 Dominus

1163 2045 1239 2116 In
1295 2044 1577 2117 nomine
1623 2042 1897 2117 Domini
1955 2043 2085 2118 Dei
2133 2043 2598 2118 misericordis
2646 2054 2722 2117 et
2770 2044 3221 2118 miseratoris.
3273 2046 3676 2119 Presentate
3727 2051 3884 2117 suut

1063 2168 1407 2263 scripture
1448 2188 1629 2263 pape
1666 2166 1955 2256 nobilis,
1992 2168 2263 2259 magni,
2298 2168 2711 2262 spiritualis,
2746 2169 3135 2260 affectuosi,
3168 2169 3426 2257 sancti,
3460 2166 3884 2239 tertiidecimi

1062 2292 1565 2387 apostolorum,
1595 2290 2008 2362 universalis
2036 2291 2312 2383 loquele
2340 2291 2907 2383 christianorum,
2935 2292 3450 2365 manuteneatis
3488 2291 3883 2364 adoratores

1060 2416 1320 2504 Crucis,
1348 2414 1604 2508 judicis
1631 2412 1871 2509 populi
1903 2413 2285 2505 christiani,
2308 2414 2615 2490 ductoris
2643 2414 2939 2489 filiorum
2963 2415 3420 2510 baptismatis,
3445 2414 3697 2487 summi
3722 2434 3886 2508 pon-

1064 2537 1264 2610 tificis
1298 2538 1857 2610 christianorum.
1893 2537 2129 2610 Faciat
2154 2558 2317 2609 eum
2347 2537 2538 2610 Deus
2565 2537 2657 2612 de
2681 2537 3165 2612 affeoeantihm
3192 2538 3456 2611 bonum
3486 2547 3561 2609 et
3585 2535 3885 2608 facienti-

1060 2662 1194 2733 bus
1225 2661 1399 2733 illud
1434 2671 1505 2732 et
1527 2660 1921 2732 volentibus
1954 2681 2197 2754 pacem
2230 2670 2301 2732 et
2327 2661 2933 2755 perseverantibus
2958 2661 3031 2734 in
3051 2661 3282 2734 causis
3305 2661 3484 2752 ejus,
3507 2668 3581 2733 et
3604 2658 3886 2750 adjuvet

1062 2806 1225 2856 eum
1267 2787 1453 2856 Deus
1484 2784 1556 2854 in
1589 2783 1698 2854 his
1734 2805 1871 2878 que
1911 2783 2229 2855 decentia
2263 2794 2426 2855 sunt
2460 2785 2553 2856 ad
2593 2785 2748 2857 illos
2780 2785 2901 2879 qui
2938 2794 3101 2856 sunt
3130 2784 3238 2856 sui
3273 2784 3504 2858 cultus
3537 2782 3684 2855 sive
3713 2782 3883 2852 ritus

1062 2920 1132 2979 et
1169 2909 1263 2981 ad
1292 2909 1488 2981 alios,
1528 2908 1988 3002 Respeximus
2021 2908 2175 2979 illas
2209 2908 2585 3004 scripturas
2621 2910 2932 2983 studiose
2972 2918 3047 2981 et
3082 2908 3552 2980 intelleximus
3587 2906 3886 3002 capitula

1060 3053 1199 3123 que
1235 3031 1304 3101 in
1339 3031 1439 3101 eis
1469 3031 1727 3101 inserta
1755 3040 1993 3117 erant,
2033 3042 2104 3102 et
2139 3052 2382 3102 eorum
2415 3032 2840 3103 continentia
2869 3032 3071 3105 nobis
3108 3031 3368 3126 placuit
3398 3042 3470 3102 et
3507 3030 3885 3103 delectatus

1061 3164 1170 3223 est
1206 3151 1485 3223 auditus
1528 3162 1767 3223 noster
1806 3152 1876 3222 in
1906 3153 2126 3224 relatu
2174 3175 2455 3244 eorum,
2503 3165 2573 3226 et
2600 3135 2887 3227 nuntius
2926 3155 3121 3227 venit
3160 3154 3252 3226 ad
3292 3175 3422 3226 nos
3462 3174 3671 3246 quem
3701 3153 3885 3224 misit

1059 3286 1342 3346 sanctus
1373 3295 1554 3369 papa
1581 3284 1653 3344 et
1685 3274 1912 3368 ipsum
1950 3277 2395 3368 prevenimus
2430 3299 2589 3349 cum
2628 3277 2894 3350 honore
2929 3288 3001 3349 et
3031 3278 3437 3369 dilectione,
3473 3300 3633 3348 cum
3666 3277 3883 3349 devo-

1059 3399 1245 3471 tione
1275 3408 1347 3468 et
1375 3397 1802 3486 reverentia3
1833 3397 2200 3492 ipsumque
2229 3401 2766 3473 convocavimus
2791 3401 2884 3472 ad
2905 3410 3352 3495 conspectum
3380 3409 3721 3493 nostrum,
3754 3399 3882 3470 sihi

1056 3521 1468 3593 inclinantes
1517 3519 1940 3592 intendimus
1980 3543 2223 3593 aurem
2264 3522 2499 3596 verbis
2552 3524 2703 3616 ejus
2746 3533 2816 3596 et
2863 3521 3075 3596 fidem
3122 3523 3565 3597 adhibuimus
3602 3522 3667 3596 ei
3702 3545 3883 3594 nun·

1055 3644 1283 3716 ciante
1309 3643 1513 3715 nobis
1540 3643 1629 3715 de
1661 3642 1957 3734 Christo,
1983 3666 2196 3739 super
2227 3666 2437 3739 quem
2471 3646 2561 3717 sit
2592 3648 2778 3719 salus
2810 3656 2881 3718 et
2908 3648 3059 3719 laus
3092 3676 3110 3719 ε
3141 3647 3230 3719 de
3262 3667 3403 3740 quo
3432 3646 3698 3719 Christo
3725 3647 3880 3740 plus

1124 3897 1201 3967 (⁴)
1239 3897 1343 3968 Ap.
1395 3893 1660 3967 Raynald.
1710 3892 1944 3958 Robore:
1988 3909 2080 3968 ap.
2130 3896 2289 3953 matt.
2339 3897 2535 3969 Paris„
2583 3897 2908 3968 labsum,
2953 3900 3111 3957 male.
3159 3899 3443 3958 Suocetsio
3490 3898 3877 3974 Ayoubitanm

1052 3991 1266 4066 AEgypti
1288 4006 1515 4065 quorum
1537 3990 1614 4047 ibi
1639 3991 1840 4048 mentio
1870 3990 1957 4061 fit,
1986 3995 2159 4047 estut
2186 3994 2467 4063 sequitur:

2381 4104 2573 4177 Ayoub

1754 4174 3189 4271 ἅμ’-Ἣ

1746 4280 1929 4340 lutek
1950 4279 2165 4339 etAdnl
2187 4281 2462 4340 Seifeffln
2490 4281 2876 4355 Ambustum,
2907 4284 3016 4343 dor.
3043 4286 3201 4341 ⁴2⁴8.

2072 4353 2877 4452 ’.φφ-

2078 4461 2256 4518 Malek
2281 4464 2332 4518 el
2359 4465 2570 4520 Kamel.
2594 4493 2669 4506 -
2693 4466 2854 4521 ⁴238.

1871 4532 3062 4632 &r

1799 4638 1980 4697 Malek
2006 4639 2169 4697 Saleh
2194 4640 2601 4713 Nodgemeddin
2615 4642 2833 4716 Ayoub.
2861 4673 2935 4687 —
2959 4645 3122 4703 4249.
