4364 5738
573 600 775 660 [mmm.
806 597 914 675 5.]
1463 597 1868 660 ms'roltm
1910 593 2507 661 utrumnum.
3281 592 3405 656 ⁴oe

571 733 801 826 gnatis
821 785 841 823 ,
872 732 1100 804 dictus
1132 732 1346 802 frater
1370 733 1713 805 Corradus
1748 756 1842 807 ex
1865 745 2063 830 parte
2098 729 2524 829 preceptoris
2555 727 2808 825 prefati
2835 747 2965 799 nos
2996 725 3401 822 deprecavit

570 867 651 929 ut
681 858 770 929 de
802 854 1267 947 assignatione
1300 855 1431 927 sibi
1468 857 1649 929 facta
1676 858 1765 929 ab
1797 859 2059 930 eisdem
2089 854 2651 954 procuratoribus
2681 851 2773 924 de
2801 850 3066 923 eisdem
3100 851 3300 923 terris
3329 859 3401 923 et

572 981 894 1055 domibus
921 980 1013 1051 ad
1044 979 1260 1075 ipsius
1302 979 1550 1052 domus
1582 981 1831 1053 Sancte
1864 981 2080 1055 Marie
2113 980 2457 1053 cautelam
2488 977 2820 1071 scriptum
2859 974 3214 1071 puplicum
3247 972 3397 1045 fieri

573 1107 981 1178 faceremus,
1029 1103 1142 1177 Ad
1186 1106 1386 1197 cujus
1430 1104 1992 1201 deprecationem
2038 1105 2204 1199 quia
2244 1106 2431 1197 justa
2483 1121 2633 1173 esse
2672 1099 3077 1190 videbatur,
3110 1119 3397 1195 presens

572 1226 735 1299 inde
769 1227 1102 1322 scriptum
1139 1228 1232 1300 ad
1272 1228 1585 1320 ejusdem
1624 1228 1875 1301 domus
1911 1229 2255 1301 cautelam
2294 1225 2445 1297 fieri
2482 1226 2926 1320 fecimusper
2957 1245 3204 1296 manus
3244 1224 3392 1296 Ma·

573 1352 752 1424 raldi
782 1352 1042 1447 puplici
1068 1352 1564 1447 Monopolitani
1596 1354 1846 1426 notarii
1880 1353 2002 1449 qui
2030 1374 2171 1424 una
2202 1349 2564 1424 nobiscum
2593 1349 2902 1422 interfuit
2933 1348 3003 1420 in
3035 1347 3387 1444 predictis,

572 1475 778 1561 Quod
808 1475 1064 1547 nostris
1094 1475 1711 1571 subscriptionibus
1739 1478 2068 1551 duximus
2098 1472 2674 1550 subtestandum:

668 1603 721 1692 Ἰ-
769 1602 992 1693 Major
1017 1599 1242 1692 judex
1271 1601 1684 1697 MonopoliS.

665 1723 717 1815 ᾧ
767 1722 1161 1819 Stephanus
1190 1724 1454 1798 Mathei
1480 1726 1729 1799 notarii
1761 1725 1971 1799 filius·

667 1844 721 1935 †
768 1847 916 1940 Ego
942 1847 1376 1921 Grimoaldus
1404 1850 1597 1922 testis
1627 1872 1808 1922 sum.

666 1974 718 2063 ·1·
767 1972 1049 2068 Kyrileo
1081 1973 1391 2045 notarius
1423 1975 1820 2069 subscripsi.

675 2493 1160 2576 Innocentius
1193 2519 1393 2603 papa
1434 2494 1788 2603 episcopo
1835 2504 1912 2576 et
1952 2445 2249 2577 civibus
2291 2494 2977 2605 Argentinensibus
3019 2500 3390 2606 promittit
3487 2499 3769 2607 ssffffiffi,

567 2628 781 2734 quod
833 2651 1235 2735 nunquam
1278 2652 1456 2709 oum
1495 2626 1880 2710 Friderico
1925 2653 2084 2736 pax
2118 2626 2264 2710 erit
2313 2653 2403 2710 eo
2451 2640 2890 2712 remanente
2939 2630 3391 2751 imperatore

570 2758 690 2841 vel
726 2785 940 2869 rege,
983 2773 1058 2841 et
1094 2759 1158 2841 si
1194 2759 1389 2843 forte
1428 2787 1579 2869 pax
1617 2759 1884 2871 aliquo
1917 2770 2258 2871 tempore
2302 2759 2795 2871 reformetur,
2828 2787 2958 2847 eos
2994 2762 3075 2845 in
3121 2766 3389 2849 eadem

569 2918 754 3001 pace
788 2893 1149 2977 includet.

734 3107 925 3184 (Edit.
960 3109 1138 3186 apud.
1169 3110 1512 3184 Wnncxun,
1543 3109 1829 3191 Apparat.
1860 3108 2106 3183 archiv„
2127 3128 2191 3190 p.
2227 3119 2364 3185 163,
2396 3119 2461 3170 n⁰
2484 3111 2614 3186 IV.)

667 3291 1110 3364 Innocentius
1142 3293 1532 3388 episcopus,
1567 3315 1809 3365 servus
1836 3316 2198 3367 servorum
2227 3296 2380 3385 Dei,
2420 3298 2808 3368 venerabili
2836 3299 3031 3371 fratri
3066 3300 3392 3396 episcopo

568 3429 640 3488 et
672 3416 940 3488 dilectis
971 3414 1127 3488 filiis
1166 3417 1433 3489 civibus
1463 3416 2086 3509 Argentinensibus
2131 3418 2427 3488 salutem
2465 3428 2536 3489 et
2574 3421 3024 3512 apostolicam
3057 3424 3389 3495 henedic-

571 3540 854 3613 tionem.
892 3540 985 3613 Ut
1025 3540 1098 3611 in
1146 3540 1426 3634 negotio
1470 3540 1777 3612 Ecclesi‘e
1824 3539 2017 3633 quod
2051 3540 2521 3634 assumpsistis
2560 3563 2649 3612 ex
2690 3542 2924 3614 animo
2956 3564 3388 3638 prosequen-

567 3663 735 3737 dum
753 3718 773 3756 ,
812 3664 902 3737 de
942 3686 1083 3758 quo
1129 3664 1332 3737 vobis
1372 3664 1752 3756 gratiarum
1791 3663 2151 3735 referimus
2193 3663 2538 3753 actiones,
2581 3664 2729 3736 sitis
2769 3663 2951 3736 firmi
2993 3669 3391 3741 nullatenus

565 3785 972 3879 hesitantes,
1010 3788 1398 3861 devotionis
1435 3797 1667 3861 vestre
1700 3789 2023 3884 precibus
2053 3787 2399 3878 inclinati,
2434 3787 2610 3860 scire
2644 3808 2773 3860 vos
2798 3809 2927 3884 pro
2959 3798 3150 3862 certo
3185 3792 3389 3863 volu·

567 3932 722 3984 mus
755 3922 832 4001 et
870 3922 1106 3985 tenere
1138 3914 1330 4007 quod
1368 3913 1427 3985 si
1463 3913 1819 4007 contingat
1850 3913 2035 3986 inter
2061 3912 2440 3985 Ecclesiam
2473 3922 2546 3985 et
2573 3913 3001 3986 Friderico-m
3035 3915 3391 4008 quondam

567 4035 1054 4130 imperatorem
1105 4059 1347 4132 pacem
1395 4037 1631 4130 aliquo
1677 4048 1988 4132 tempore
2037 4036 2435 4125 reformari,
2485 4035 2676 4128 quod
2720 4058 3079 4130 nunquam
3125 4039 3257 4111 erit
3306 4061 3391 4113 eo

567 4170 971 4233 remanente
1003 4161 1420 4256 imperatore
1450 4162 1562 4232 vel
1596 4183 1759 4253 rege
1792 4160 1933 4257 (i),
1966 4182 2092 4232 vos
2122 4159 2430 4232 Ecclesia
2461 4159 2533 4228 in
2567 4180 2737 4253 pace
2770 4169 2985 4254 ponet
3010 4162 3284 4235 eadem.

666 4282 917 4356 Datum
947 4285 1293 4378 Lugduni,
1332 4285 1392 4356 V
1420 4284 1754 4358 kalendas
1783 4283 2146 4374 februarii,
2176 4281 2617 4379 pontificatus
2648 4284 2865 4356 nostri
2896 4306 3087 4358 anno
3111 4298 3384 4382 quarto.

649 4589 724 4663 μ)
759 4589 916 4659 Quod
941 4589 1106 4648 valdo
1120 4591 1418 4648 nondum
1440 4597 1524 4648 est
1565 4610 1584 4647 z
1622 4589 1864 4649 nondum
1889 4589 2040 4646 enim
2063 4604 2207 4663 papa
2230 4588 2361 4663 quid
2386 4588 2490 4646 sub
2527 4588 2721 4650 intima
2747 4599 2931 4651 mente
2955 4592 3181 4653 firmiter
3203 4610 3393 4654 concc-

571 4685 772 4760 pisset,
803 4703 902 4761 per
928 4686 1202 4761 publicum
1224 4689 1641 4746 instrumentum
1664 4687 1741 4746 sic
1761 4688 1930 4746 fuerat
1952 4686 2247 4746 confessus.

727 4787 833 4849 VI.
2996 4799 3070 4851 62
