4364 5738
591 545 795 606 Imm.
828 543 921 621 5.]
1476 536 1878 598 HISTORIA
1925 536 2523 600 nlpnoua'rtcfi.
3299 539 3426 601 4¹29

595 676 888 771 gladiis,
922 674 1101 747 dnm
1130 671 1502 744 nobiscum
1539 671 1739 742 simul
1791 671 2028 743 refecti
2069 671 2240 743 eibo-
2268 670 2691 743 unanimiter
2733 681 3310 743 conversarentur
3347 673 3434 744 in
3472 690 3478 696 ·

596 802 799 892 aula,
834 799 1226 871 facinomso
1267 794 1575 889 nequitie
1617 804 2083 889 preconcepto
2119 795 2537 890 absynthio,
2571 794 2817 867 dolose.
2858 792 3058 865 simul
3104 805 3176 867 et
3219 795 3422 869 dolo·

596 944 754 998 mse
794 929 1340 1018 procuraverant
1382 928 1692 990 mortem
1727 927 2069 989 nostram.
2109 918 2663 992 Animadvertite
2694 918 2942 1011 igtur,
2964 920 3253 991 Romani
3292 942 3421 1017 ρο-

597 1047 792 1143 puli,
807 1056 880 1117 et
907 1045 1154 1116 videte
1172 1052 1410 1114 utrum
1441 1062 1568 1136 pro
1601 1041 1871 1113 collatis
1898 1041 2255 1113 beneficiis
2283 1064 2411 1137 per
2436 1063 2567 1114 nos
2596 1042 2841 1131 vobis,
2867 1040 3120 1136 quibus
3147 1064 3427 1139 semper

596 1179 830 1242 nostre
876 1165 1316 1240 liberalitatis
1365 1162 1878 1256 magnificentia
1919 1186 2047 1237 vos
2096 1165 2415 1254 dotavit,¹
2446 1188 2503 1236 a
2531 1166 2731 1236 vobis
2780 1175 3107 1258 tanquam
3152 1188 3195 1237 a
3242 1168 3431 1240 sacri

597 1294 882 1389 imperii
911 1291 1131 1364 nostri
1181 1290 1453 1385 capite,
1482 1299 1623 1360 tam
1657 1290 2012 1381 ingratum
2050 1291 2395 1387 imperiali
2433 1290 2844 1362 excellentie
2886 1291 3228 1364 debeatur
3269 1314 3416 1366 me-

597 1417 819 1489 ritum
856 1425 952 1487 ut,
984 1413 1390 1507 huiusmodi
1442 1413 1848 1504 gubernetis
1891 1411 2042 1510 (sic)
2109 1413 2578 1510 neqpissimos.
2624 1413 3063 1509 proditores,
3097 1416 3216 1507 qui
3275 1437 3431 1488 non.

596 1542 745 1612 sine
788 1538 1153 1636 multiplici
1193 1536 1724 1609 christianitatis.
1755 1536 1962 1609 clade.
2008 1548 2321 1611 nostrum
2365 1538 2821 1631 sanguinem,
2854 1548 3094 1634 utpote
3128 1539 3434 1612 Romani.

597 1661 895 1746 cesaris,
966 1659 1306 1732 catholice
1363 1657 1541 1731 fidei.
1578 1659 2011 1751 defensoriS„
2066 1660 2171 1733 sic
2219 1661 2640 1733 unanimiter
2696 1661 3059 1733 sitiebant„
3110 1663 3421 1757 Cumque

597 1781 1080 1854 nefandissimi
1119 1782 1402 1853 sceleris
1453 1791 1839 1876 patratores
1893 1783 2074 1854 inter
2129 1804 2259 1855 vos
2325 1784 2418 1856 de
2458 1785 2618 1876 jure
2672 1785 3103 1856 consortium
3160 1784 3427 1858 babere

596 1915 964 1999 nequeant
980 1906 1106 1976 vel
1135 1906 1488 1992 favorem,
1519 1904 1613 1977 ad
1656 1905 1962 2000 ipsorum
2006 1907 2513 1978 exterminium
2551 1916 2635 1978 et
2669 1908 3154 1980 confusionem
3190 1910 3419 1981 taliter

597 2038 832 2101 vestra
887 2027 1340 2122 providentia
1385 2027 1720 2123 procedat
1775 2029 1967 2119 quod
2019 2028 2302 2101 honoris
2351 2030 2575 2102 vestri.
2616 2013 3033 2125 perpetuam
3071 2029 3283 2102 cedat
3325 2031 3431 2103 ad

597 2153 900 2245 gloriam
924 2161 998 2223 et
1026 2160 1259 2223 nostre
1293 2150 1806 2242 magnificentie
1835 2151 1927 2222 ad
1962 2150 2376 2223 vindictam.

704 2692 1127 2775 Fridericus
1144 2752 1168 2798 ,
1238 2692 1762 2775 Romanorum
1827 2690 2278 2797 imperator,
2340 2689 2717 2773 fratribus·
2767 2691 3432 2777 praedicatoribus·

600 2824 958 2932 (tbrsiran
1005 2825 1083 2906 in
1156 2822 1490 2933 capitulo
1547 2821 2069 2934 congregatis)
2128 2820 2391 2904 scribit
2437 2823 2642 2932 quod
2707 2827 3083 2934 quosdam
3145 2825 3431 2911 fratres·

596 2954 832 3064 h'nj'us
879 2955 1168 3037 ordinis
1222 2956 1301 3036 in
1357 2981 1440 3038 se
1481 2965 1564 3038 et‘
1601 2978 1912 3037 sacrum·
1959 2953 2366 3063 imperium
2403 2952 2696 3061 'ubique
2740 2953 3304 3043 debacchantes·
3332 2959 3411 3043 in

597 3099 984 3195 posterum
1020 3100 1532 3195 compescant.

648 3336 652 3341 .
759 3283 1273 3362 filnedlkexood»
1304 3283 1454 3344 btht.
1482 3284 1703 3346 Athen.
1734 3285 2010 3363 Tam,
2041 3295 2109 3344 ιι·
2139 3294 2290 3361 784,
2319 3285 2427 3346 tol.
2454 3287 2603 3364 67.)-

692 3469 1118 3557 FridericuS,
1181 3480 1316 3541 etc.
1380 3469 1548 3540 Cum
1606 3469 2028 3540 verecundia
2087 3469 2465 3561 loquimur,
2518 3473 2657 3543 sed'
2695 3473 2899 3545 silere
2958 3499 3101 3548 non
3156 3482 3413 3573 patitur

595 3593 861 3687 puritas
909 3591 1286 3663 voluntatis
1333 3612 1542 3682 quam
1601 3590 1693 3661 ad
1751 3590 2014 3662 ordinis
2074 3592 2288 3661 vestri
2349 3593 2726 3685 primordia
2778 3597 3151 3690 gessimus,
3201 3615 3273 3674 et
3318 3602 3425 3676 ad'

597 3715 910 3808 ej'usd'em
953 3715 1304 3809 profectus
1349 3714 1715 3785 continuos
1759 3734 2001 3805 gerere
2047 3715 2196 3785 zel‘o
2250 3715 2617 3810 purissimo
2667 3715 3116 3812 parabamus,
3169 3737 3411 3820 utpote

595 3859 754 3911 cum
808 3837 1357 3909 indubitabiliter
1408 3836 1853 3907 crederemus
1900 3834 2226 3907 eumdem
2274 3837 2592 3909 ordinem
2640 3842 3062 3914 senescentis
3104 3840 3410 3920 Ecclesie

594 3961 920 4033 baculum
963 3970 1035 4031 et
1065 3961 1457 4031 columnam
1493 3956 1656 4029 fidei
1692 3956 2089 4050 christiane,
2135 3960 2250 4031 cui
2284 3961 2797 4055 corruptionem
2838 3963 3077 4037 mortis
3108 3964 3410 4042 heretica

595 4084 901 4180 pravitas
941 4092 1013 4154 et
1042 4081 1480 4154 inimicorum
1515 4081 1752 4153 crucis·
1773 4092 2010 4176 aperte
2057 4083 2473 4176 perversitas
2515 4083 3053 4159 destructionem
3103 4088 3413 4165 exterius

597 4204 1008 4294 cominatur,-
1067 4207 1414 4301 professos
1464 4204 1812 4297 quoslibet
1865 4204 2219 4297 religionis
2282 4204 2784 4298 predicantium
2844 4204 3153 4284 habitum
3209 4225 3283 4287 et
3337 4215 3410 4288 in

598 4308 950 4423 posterum
977 4330 1411 4423 professuros
1440 4326 1541 4425 (a)
1575 4327 1707 4398 sub
1728 4328 1847 4398 illa
1874 4328 2262 4399 constantia
2290 4349 2573 4399 manum
2605 4330 2697 4401 ad
2724 4342 3027 4405 aratrum
3046 4330 3412 4433 ‘apponere

599 4451 1019 4524 credidimus
1034 4504 1053 4542 ,
1100 4461 1182 4523 ut
1223 4451 1297 4521 in
1347 4471 1573 4544 agone
1617 4450 1910 4522 viriliter
1958 4451 2459 4523 contendentes
2506 4472 2581 4523 se
2627 4475 2911 4550 prorsus
2957 4458 3050 4529 ab
3092 4462 3414 4535 omnibus

678 4628 764 4707 (a)
809 4629 883 4689 In
908 4627 1108 4688 codiee
1118 4626 1497 4707 pnsum-os.

3578 2707 3715 2756 [Anno

3540 2759 3764 2810 exeunte]
