4364 5738
515 611 718 669 Iunior.
749 608 843 686 4.]
1400 605 1799 668 HISTORIA
1848 602 2444 668 DIPLOMATICA.
2479 601 2482 602 ⁷
3215 607 3336 668 365

518 741 843 837 periculis
895 751 967 813 et
1015 733 1430 812 instantibus
1480 740 1905 814 imminentis
1956 739 2204 813 hiemis
2267 737 2590 834 procellis
2612 788 2632 826 ‚
2691 746 3019 830 tanquam
3075 741 3339 835 positos

517 865 700 937 inter
731 866 1062 937 malleum
1091 873 1163 935 et
1191 862 1545 954 incudem,
1569 863 1729 936 licet
1759 865 2120 957 cujusdam
2149 861 2380 957 pontis
2410 861 2485 931 in
2517 860 2825 932 medium
2859 862 3186 935 transitus
3211 886 3362 959 per

520 1009 730 1082 quem
756 988 877 1059 vix
914 986 1241 1058 transitus
1276 983 1432 1081 (sic)
1472 987 1893 1079 fugientibus
1927 986 2181 1082 poterit
2207 986 2433 1057 afferri
2462 984 2867 1079 presidium,
2903 986 3066 1079 ipsis
3092 988 3336 1060 suffra-

516 1111 665 1205 gari
706 1110 1223 1207 quodammodo
1263 1108 1610 1211 videatur,
1649 1112 1720 1181 in
1762 1111 1950 1183 omni
1989 1121 2221 1182 tamen
2268 1119 2525 1190 eventu
2563 1109 2749 1203 ipsos
2788 1131 3036 1181 manus
3066 1122 3338 1185 nostras

516 1255 658 1307 non
684 1235 1031 1308 credimus
1063 1254 1418 1305 evasuros.
1437 1234 1526 1305 Ut
1551 1234 1761 1326 igitur
1788 1235 1860 1306 in
1887 1243 2201 1306 nostrum
2233 1233 2641 1304 retiaculum
2670 1232 2836 1303 dicti
2864 1233 3335 1307 Mediolanen-

517 1379 628 1429 ses
651 1358 1045 1453 expeditius
1073 1358 1402 1429 incedant
1434 1366 1505 1428 et
1534 1358 1816 1450 gravius
1846 1358 2158 1430 senciant
2185 1365 2420 1428 nostre
2447 1356 2946 1449 persecutionis
2971 1357 3334 1451 impulsus,

516 1481 604 1553 H.
644 1503 774 1553 rex
808 1481 1124 1554 Sardinie
1168 1490 1239 1552 et
1267 1480 1353 1551 H.
1397 1477 1550 1576 (sic)
1586 1481 1674 1552 de
1700 1483 2011 1554 Romano
2038 1479 2143 1577 (l)
2182 1502 2342 1551 cum
2374 1480 2860 1550 innumerabili
2895 1481 3335 1554 multitudine

517 1605 878 1677 venientes
915 1605 1062 1696 jam
1105 1626 1329 1697 usque
1371 1604 1677 1676 Laudam
1721 1606 2043 1678 Veterem
2096 1612 2609 1699 processerunt,
2645 1625 2734 1674 ex
2782 1614 2976 1699 parte
3017 1605 3133 1676 illa
3175 1628 3333 1677 cum

518 1729 747 1799 nullos
776 1727 1083 1799 habeant
1118 1727 1353 1800 obices
1387 1750 1519 1800 nec
1559 1729 1919 1800 inveniant
1957 1707 2381 1818 resistentes,
2417 1727 2833 1798 territorium
2880 1728 3187 1823 ipsorum
3225 1752 3336 1803 re-

517 1850 803 1923 bellium
834 1852 906 1922 in
935 1853 1094 1944 igne
1123 1860 1194 1923 et
1224 1853 1407 1924 ferro
1438 1861 1762 1946 potenter
1793 1862 1864 1923 et
1892 1852 2182 1925 viriliter
2211 1852 2588 1941 incursuri3
2629 1873 2720 1923 ex
2747 1874 2887 1944 quo
2913 1875 3071 1947 spes
3092 1855 3331 1948 pulcra

518 1976 697 2048 votis
740 1976 994 2046 nostris
1030 1975 1354 2067 adjicitur
1389 1986 1460 2046 et
1494 1976 1854 2047 manifeste
1889 1976 2336 2069 presumitur,
2374 1976 2585 2046 immo
2624 1997 2752 2069 pro
2792 1986 2983 2048 certo
3019 1988 3333 2051 tenemus

520 2098 710 2192 quod
741 2098 903 2170 hinc
929 2098 1283 2192 proximos
1310 2096 1630 2170 habitura
1658 2098 2043 2193 triumphos
2068 2098 2253 2168 bella
2279 2098 2425 2190 geri
2448 2099 2845 2170 nolentibus
2872 2120 2955 2169 ac
2978 2100 3140 2171 hinc
3168 2123 3331 2194 rege

517 2223 787 2316 prefato
815 2230 887 2292 et
922 2222 1111 2292 dicto
1140 2222 1227 2293 H.
1266 2220 1356 2293 ad
1391 2220 1784 2292 conflictum
1817 2222 2155 2292 instanter
2184 2221 2538 2308 accinctiS‚
2570 2222 2861 2292 rebelles
2894 2224 3139 2316 prefati
3173 2225 3328 2317 qui·

513 2345 647 2417 bus
674 2325 1093 2416 defensionis
1111 2366 1269 2440 spes
1291 2346 1482 2416 nulla
1507 2345 1888 2439 perveniet,
1925 2355 2256 2437 tanquam
2282 2345 2355 2414 in
2383 2344 2613 2415 medio
2637 2344 2839 2439 positi
2873 2357 2943 2417 et
2963 2347 3179 2420 cladis
3208 2349 3331 2420 im-

519 2468 842 2540 minentis
871 2469 1152 2540 aculeos
1180 2469 1557 2539 sentientes
1586 2491 1804 2539 unum
1836 2468 2226 2539 necessario
2260 2468 2516 2558 eligent
2542 2489 2580 2537 e
2609 2466 2910 2557 duobuS‚
2932 2480 3011 2540 ut
3036 2472 3148 2541 vel
3180 2471 3328 2543 vic-

521 2594 650 2664 tori
674 2592 907 2684 gladio
939 2601 1176 2663 nostro
1209 2591 1570 2664 tradantur
1599 2592 1671 2661 in
1706 2613 1970 2681 escam,
2008 2593 2121 2663 vel
2160 2612 2285 2686 per
2316 2591 2558 2662 celeris
2595 2590 2725 2661 sibi
2755 2593 2915 2684 fuge
2950 2595 3325 2687 presidium

520 2719 955 2790 consulentes
982 2738 1025 2787 a
1056 2716 1228 2796 facie
1257 2727 1495 2788 nostra
1533 2716 1777 2788 timore
1809 2716 2156 2811 perterriti
2188 2737 2330 2786 non
2364 2716 2513 2786 sine
2558 2714 2866 2811 ipsorum
2907 2719 3101 2810 gravi
3144 2722 3328 2815 peri-

518 2841 675 2913 culo
710 2839 1200 2936 precipitanter
1234 2839 1639 2913 abscedant.

624 3411 738 3492 Ex
789 3413 1027 3496 altero
1075 3441 1251 3498 vero
1287 3417 1520 3500 latere
1563 3421 2040 3529 episcopatus
2087 3423 2528 3532 Mediolani,
2579 3453 2711 3511 rex
2756 3429 3082 3514 Hencius
3135 3460 3330 3516 con-

523 3543 854 3653 gregatis
922 3545 1557 3632 Cremonensibus
1577 3612 1600 3657 ,
1667 3551 2203 3637 parmensibus
2224 3616 2256 3659 ,
2324 3566 2463 3638 etc.
2481 3617 2504 3662 ‚
2571 3569 3145 3646 castrametatus
3215 3576 3330 3649 est

518 3702 752 3785 prope
788 3677 1081 3760 clusam
1118 3681 1436 3763 Adduae
1470 3709 1705 3790 quam
1744 3685 2335 3769 Mediolanenses
2371 3688 2701 3771 fecerant
2742 3753 2762 3772 .
2830 3751 2850 3773 .
2917 3755 2935 3772 .
2972 3694 3107 3781 Die
3144 3697 3332 3780 sab-

519 3806 674 3889 bati
710 3809 809 3892 IV
844 3812 1278 3895 novembris
1317 3840 1493 3895 cum
1554 3816 1712 3897 suis
1747 3816 2117 3900 militibus
2166 3845 2468 3903 summo
2522 3847 2748 3903 mane
2798 3826 3143 3908 transivit
3192 3854 3328 3935 per

519 3942 798 4023 vadum
836 3942 1121 4035 flumen
1160 3946 1476 4028 Adduae
1512 3947 1591 4027 in
1637 3948 1979 4056 partibus
2007 3951 2111 4049 ‚de
2149 3950 2483 4034 Cassano
2518 3964 2593 4035 et
2627 3953 2901 4037 milites
2943 3957 3323 4041 Mediola-

522 4074 873 4156 nensium
931 4077 1066 4183 qui
1120 4075 1400 4158 ibidem
1455 4080 1772 4163 aderant
1809 4107 2052 4190 usque
2101 4084 2199 4164 ad
2236 4083 2491 4165 locum
2530 4084 3047 4193 Gorgunzolae
3091 4090 3326 4201 fuga-

516 4203 622 4285 vit
678 4264 697 4284 .
765 4265 785 4286 .
853 4266 872 4286 .
928 4207 1025 4288 Et
1079 4207 1204 4289 die
1252 4210 1601 4292 mercurii
1663 4212 1782 4320 (2)
1831 4239 1963 4295 rex
2024 4216 2370 4297 transivit
2416 4242 2689 4298 cavum
2738 4219 3054 4303 Adduae
3098 4225 3326 4333 equi-

587 4494 662 4567 (⁴)
701 4496 1003 4568 Lugendum
1030 4505 1212 4558 tamen
1243 4500 1334 4559 hic
1369 4509 1424 4560 et
1449 4503 1590 4561 infra
1616 4505 1693 4573 Ε,
1736 4506 1941 4563 scilicet
1966 4506 2244 4565 Ecolinus.
2272 4509 2378 4567 Res
2405 4524 2572 4582 nova,
2614 4511 2743 4570 dum
2777 4514 3028 4573 Vercium
3071 4517 3324 4577 historiae

515 4589 711 4648 domus
737 4592 1087 4652 Romanensis
1110 4603 1220 4653 tam
1245 4614 1477 4671 gnarum
1505 4601 1724 4658 omnino
1746 4602 1958 4675 fugerit.

590 4686 660 4760 (2)
698 4689 731 4743 8
758 4688 1084 4749 novembris.

3437 3456 3689 3510 [Novembri

3452 3511 3668 3563 ineunte.)
