4364 5738
556 606 759 667 lmcr.
790 601 882 685 5.]
1446 597 1841 661 HISTORIA
1891 597 2485 661 DIPLOMATICA.
3268 600 3390 664 495

561 739 681 813 siri
739 737 1023 812 losdani
1067 734 1345 830 Pappiri
1368 787 1388 825 ,
1453 735 1570 806 siri
1625 734 1842 829 Sergii
1881 786 2798 807 ............
2847 797 2853 802 .
2860 786 3208 808 .....
3266 735 3394 808 filii

562 861 825 936 Stefani
870 860 1086 932 Butiri
1135 859 1391 931 civium
1429 859 1871 950 Barensium,
1921 859 2201 930 testium
2243 858 2787 953 subscriptorum
2839 857 3254 930 licitatorum
3300 860 3394 933 ad

562 985 697 1059 hoc
738 983 1129 1081 specialiter
1175 991 1615 1072 vocatorum,
1663 982 1968 1079 presenti
2006 983 2263 1079 scripto
2312 984 2536 1055 fateor
2576 1003 2689 1054 me
2730 1002 2962 1054 sacras
2999 982 3392 1078 imperiales

562 1108 907 1206 recepisse
941 1107 1217 1178 lieteras
1243 1107 1316 1177 in
1344 1105 1478 1177 hac
1510 1109 1732 1178 forma
1761 1134 1779 1178 ι

657 1231 1100 1321 Fredericus,
1143 1230 1265 1301 Dei
1302 1230 1520 1322 gratia
1560 1231 2029 1303 Romanorum
2063 1229 2439 1326 imperator
2471 1251 2747 1326 semper
2778 1241 3149 1323 augustuS,
3195 1232 3388 1304 Ieru-

564 1358 781 1430 salem
818 1366 890 1427 et
920 1354 1148 1427 Sicilie
1189 1376 1320 1425 rex
1339 1406 1359 1444 ,
1401 1355 1594 1427 fratri
1628 1354 1979 1450 Stephano
2014 1354 2346 1426 massario
2379 1355 2568 1426 curie
2602 1375 2727 1425 sue
2766 1354 2837 1424 in
2882 1365 3065 1426 terra
3106 1355 3393 1427 Barensi

564 1479 754 1554 fideli
803 1501 930 1552 suo
973 1478 1266 1571 gratiam
1309 1499 1505 1549 suam
1541 1488 1612 1550 et
1655 1480 1911 1550 bonam
1945 1480 2405 1550 voluntatem.
2444 1478 2620 1563 Quia
2656 1480 2871 1549 frater
2905 1479 3185 1549 Maurus
3225 1501 3388 1575 pro·

565 1615 845 1678 curator
900 1602 1299 1675 monasterii
1349 1602 1600 1674 Montis
1640 1602 1938 1696 Virginis
1982 1623 2110 1698 pro
2149 1611 2347 1697 parte
2389 1602 2604 1698 ipsius
2650 1602 3047 1674 monasterii
3094 1603 3394 1676 obtinuit

565 1749 695 1823 per
733 1727 1150 1800 sententiam
1200 1735 1441 1799 contra
1477 1737 1997 1820 procuratorem
2038 1726 2229 1798 curie
2271 1735 2505 1799 nostre
2539 1723 2644 1822 (⁴)
2688 1726 3061 1820 quamdam
3107 1727 3392 1800 domum

565 1851 971 1947 palatiotam
1019 1851 1221 1921 sitam
1272 1851 1343 1921 in
1390 1859 1574 1945 terra
1605 1850 1884 1920 Barensi
1933 1871 2094 1920 cum
2140 1850 2448 1921 casalino
2495 1850 2559 1921 ei
2612 1852 3029 1942 conjuncto,
3065 1866 3273 1952 prout
3315 1852 3388 1924 in

569 1975 824 2071 scripto
865 1975 1207 2046 sententie
1238 1974 1403 2046 inde
1445 1975 1762 2046 confecto
1808 1973 2428 2069 subscriptionibus
2462 1974 2777 2045 Riccardi
2824 1974 2913 2046 de
2957 1975 3391 2067 Montenigro

567 2120 819 2191 magne
851 2098 1041 2170 curie
1089 2108 1326 2170 nostre
1362 2098 1672 2190 magistri
1708 2096 2069 2189 justiciarii
2116 2107 2189 2168 et
2220 2097 2538 2189 judicum
2580 2098 2893 2189 ejusdem
2946 2099 3136 2170 curie
3179 2100 3388 2171 robo-

569 2233 723 2295 rato
768 2223 1043 2319 plenius
1088 2222 1508 2312 continetur,
1559 2220 1875 2293 fidelitati
1937 2230 2052 2291 tue
2104 2221 2554 2316 precipiendo
2602 2222 3014 2293 mandamus
3065 2224 3392 2314 quatinus

567 2348 984 2419 sententiam
1022 2347 1283 2441 ipsam,
1325 2356 1531 2441 prout
1560 2346 1631 2416 in
1674 2346 1824 2440 ipso
1857 2345 2113 2439 scripto
2154 2345 2493 2416 sententie
2535 2345 2698 2417 inde
2741 2349 2923 2419 facto
2967 2347 3386 2436 continetur,

570 2487 774 2542 cures
810 2470 1206 2542 executioni
1240 2468 1472 2541 debite
1507 2469 1967 2560 demandare,
2005 2469 2169 2562 quia
2204 2468 2374 2539 nihil
2412 2470 2773 2563 prodesset
2804 2471 3180 2543 sententias
3212 2473 3391 2543 ferre

567 2589 701 2666 nisi
732 2594 1053 2666 executio
1089 2594 1325 2667 debita
1361 2602 1795 2686 sequeretur.

666 2716 916 2790 Datum
944 2717 1180 2810 Fogie,
1216 2718 1401 2789 XXII
1431 2718 1769 2809 januarii,
1802 2720 1860 2789 V
1895 2716 2316 2789 indictionis·

666 2843 1076 2939 Recepimus
1103 2842 1274 2914 alias
1309 2864 1540 2915 sacras
1573 2842 1966 2937 imperiales
2000 2842 2261 2915 litteras
2294 2843 2365 2914 in
2398 2841 2527 2914 hac
2559 2842 2779 2913 forma
2814 2867 2832 2912 ε

669 2968 1099 3055 Fredericus,
1140 2966 1264 3038 Dei
1304 2968 1526 3059 gratia
1562 2967 2031 3039 Romanorum
2071 2968 2446 3062 imperator
2477 2987 2751 3061 semper
2790 2977 3160 3059 augustus,
3201 2970 3391 3039 Ieru-

570 3091 788 3163 salem
832 3101 902 3162 et
939 3091 1168 3163 Sicilie
1211 3113 1377 3179 rex,
1426 3091 1617 3163 fratri
1661 3091 2014 3186 Stephano
2054 3092 2387 3163 massario
2430 3091 2618 3162 curie
2666 3113 2788 3162 sue
2830 3089 3019 3162 fideli
3065 3113 3192 3164 suo
3230 3114 3390 3184 gra-

571 3216 738 3287 tiam
771 3235 967 3287 suam
1000 3225 1070 3287 et
1099 3216 1356 3286 bonam
1387 3216 1846 3286 voluntatem.
1884 3216 2187 3286 Licteras
2215 3215 2567 3286 fidelitatis
2601 3226 2716 3286 tue
2745 3235 2920 3309 quas
2953 3236 3078 3309 per
3108 3216 3391 3287 fratrem

568 3340 888 3413 Maurum
933 3339 1386 3411 vestararium
1418 3338 1671 3409 Montis
1700 3338 2002 3429 Virginis
2032 3336 2308 3409 fidelem
2335 3348 2648 3409 nostrum
2679 3339 2751 3408 in
2789 3348 3095 3410 nostram
3128 3341 3391 3411 curiam

572 3464 963 3554 destinasti,
1009 3462 1336 3535 viderunt
1382 3461 1761 3533 Riccardus
1809 3461 1897 3533 de
1941 3461 2377 3553 Montenigro
2427 3481 2678 3553 magne
2724 3462 2913 3532 curie
2963 3470 3196 3534 nostre
3238 3483 3389 3534 ma·

570 3588 784 3680 gister
824 3585 1247 3679 justiciarius
1302 3596 1372 3657 et
1410 3583 1681 3677 judices
1721 3584 2033 3675 ejusdem
2079 3564 2287 3654 curie*
2311 3582 2705 3673 diligenter.
2760 3584 2985 3678 Super
3029 3604 3115 3654 eo
3155 3593 3389 3654 autem

572 3711 763 3806 quod
807 3710 1137 3805 scripsisti
1196 3709 1384 3803 quod
1426 3708 1929 3779 restitutionem
1966 3707 2250 3779 casalini
2291 3706 2606 3798 ejusdem
2654 3706 2845 3777 fratri
2878 3706 3119 3778 Mauro
3164 3707 3389 3778 facere

577 3887 922 3911 ......
953 3887 1001 3925 ᾗ.
1068 3889 1084 3904 .
1146 3886 1165 3906 .
1229 3886 1248 3905 .
1310 3885 1328 3905 .
1389 3884 1408 3903 .
1471 3884 1490 3903 .
1554 3885 1572 3902 .
1634 3885 1653 3902 .
1706 3853 1831 3927 pro
1871 3842 2068 3926 parte
2108 3830 2509 3903 monasterii
2556 3830 2809 3901 Montis
2855 3830 3152 3921 Virginis
3194 3832 3392 3922 cujus

573 3969 680 4031 est
703 3967 1136 4056 procurator,
1175 3978 1303 4052 pro
1342 3976 1426 4027 eo
1464 3956 1655 4049 quod
1693 3956 1764 4026 in
1799 3956 2101 4027 casalino
2133 3955 2283 4050 ipso
2317 3952 2639 4026 edificata
2667 3953 2798 4024 fuit
2828 3953 3055 4048 paries
3098 3973 3239 4024 una
3265 3975 3393 4049 per

648 4212 725 4286 (⁴)
761 4213 907 4268 Haeo
931 4198 1188 4269 sententia
1220 4214 1468 4266 servatur
1497 4209 1553 4264 in
1581 4208 1770 4265 eodem
1796 4207 2013 4265 archivo
2040 4213 2098 4265 et
2124 4207 2327 4265 volum.
2365 4206 2468 4264 sub
2499 4220 2562 4261 nv
2590 4208 2687 4276 ἃς
2717 4221 2858 4278 quae
2892 4206 3109 4278 quidem
3151 4207 3261 4266 lata
3295 4210 3394 4267 luit

575 4307 772 4381 Fogiae
796 4307 853 4362 in
878 4322 1060 4364 meuse
1087 4305 1360 4363 decembri
1384 4307 1506 4362 anni
1536 4307 1674 4361 ⁴216
1704 4320 1801 4377 per
1827 4304 2142 4361 Riccardum
2165 4304 2234 4360 de
2256 4303 2587 4391 montenigro
2611 4303 2930 4375 magistrum
2959 4321 3177 4379 magnae
3205 4310 3393 4365 curiae

567 4404 956 4477 justiciarium,
985 4402 1075 4459 cui
1103 4400 1415 4460 assidebant
1440 4401 1702 4458 Henricus
1729 4401 1798 4457 de
1823 4402 2017 4470 Tocco,
2046 4400 2312 4458 Rom-idus
2336 4400 2404 4458 de
2432 4401 2633 4458 Sancto
2659 4399 2958 4471 Germano,
2988 4402 3303 4462 Guillelmus
3323 4405 3394 4462 de

575 4501 746 4558 Vinea
783 4508 841 4558 et
869 4500 1140 4558 lohannes
1169 4500 1236 4557 de
1261 4500 1589 4570 Mai-torano,
1620 4513 1846 4571 magnae
1873 4496 2052 4555 curiae
2074 4498 2303 4569 judices,
2335 4505 2518 4554 contra
2545 4497 2781 4554 Florium
2806 4498 2874 4556 de
2896 4499 3107 4558 Bitonto
3134 4517 3392 4574 procura-
3487 4570 3493 4577 ⁴

578 4605 753 4656 torem
787 4598 986 4656 curiae.
1026 4596 1106 4653 lbi
1147 4595 1440 4653 Riccardus
1478 4596 1546 4652 de
1580 4594 1966 4653 montefusculo
2009 4595 2205 4652 dicitur
2248 4610 2462 4669 quoque
2502 4594 2770 4670 quondam
2808 4596 3076 4669 proditor,
3114 4605 3169 4655 et
3204 4598 3395 4670 legitur

577 4696 716 4755 infra
750 4714 766 4753 ε
794 4695 971 4755 dictus
996 4696 1288 4753 Riccardus
1311 4700 1564 4751 mortuus
1593 4698 1709 4765 ost<
