4364 5738
1005 572 1121 633 188
1996 574 2424 638 sumnum
2470 573 2818 637 saeuum
3437 576 3600 653 [Anu.
3641 578 3813 639 1244.

1103 708 1540 779 Innocentius
1571 708 1968 803 episcopus,
1992 731 2235 782 servus
2265 732 2626 783 servorum
2654 711 2811 802 Dei,
2843 709 3194 781 nobilibus
3225 710 3393 781 viris
3423 711 3720 784 Henrico
3749 723 3820 784 et

998 831 1253 904 Jacobo
1283 833 1438 924 ejus
1463 842 1628 904 nato
1661 832 1863 904 dictis
1898 833 2415 929 Fragapanibus
2446 836 2720 908 civibus
2749 833 3077 907 Romanis
3104 835 3401 905 salutem
3434 845 3505 905 et
3540 846 3817 930 aposto·

1002 955 1203 1025 licam
1231 955 1814 1028 benedictionem.
1843 957 1987 1028 Etsi
2021 980 2114 1029 ex
2142 970 2464 1054 suscepte
2484 959 2838 1031 servitutis
2863 957 3091 1031 officio
3120 969 3483 1030 teneamur
3514 970 3595 1031 ut
3624 959 3818 1031 dam·

997 1076 1293 1150 nificatis
1329 1080 1637 1151 ecclesiis
1662 1102 1790 1175 per
1817 1081 2159 1153 bonorum
2189 1083 2498 1178 ipsarum
2526 1082 2983 1155 alienationes
3021 1102 3147 1153 seu
3180 1082 3658 1155 concessiones
3685 1084 3817 1154 illi·

997 1200 1171 1272 citas
1223 1202 1567 1276 universis
1616 1225 1926 1297 congruo
1973 1204 2285 1278 remedio
2333 1226 2858 1297 succurramuS,
2904 1206 3193 1278 ecclesie
3237 1217 3468 1278 tamen
3512 1207 3816 1279 Romane

995 1347 1213 1418 quum
1245 1347 1400 1396 eam
1436 1327 1534 1398 sic
1568 1349 1692 1421 per
1723 1328 2118 1422 aliquomm
2161 1331 2616 1402 temeritatem
2656 1328 3083 1402 damnificari
3124 1331 3496 1423 contingit,
3542 1352 3629 1402 eo
3657 1351 3814 1404 suc·

997 1470 1276 1520 currere
1307 1449 1539 1540 studio
1578 1452 2008 1546 propensiori
2048 1475 2178 1524 nos
2209 1455 2537 1526 convenit
2564 1476 2709 1548 quo
2741 1456 2805 1526 ei
2842 1464 3172 1547 tanqmm
3204 1455 3534 1549 precipue
3565 1473 3815 1550 sponse

998 1581 1234 1644 nostre
1279 1595 1522 1645 sumus
1579 1575 2095 1667 quodammodo
2140 1577 2506 1671 specialius
2547 1578 2860 1669 obligati.
2914 1578 3085 1649 Cum
3130 1578 3363 1670 igitur,
3410 1579 3589 1651 sicut
3637 1581 3813 1651 lecta

997 1716 1232 1766 coram
1265 1696 1464 1767 nobis
1497 1707 1727 1769 vestra
1770 1700 2011 1793 petitio
2045 1701 2483 1790 continebat,
2522 1723 2749 1796 nuper
2789 1702 2978 1795 apud
3010 1701 3704 1797 Aquampendentem
3741 1703 3813 1772 in

999 1819 1348 1912 presentia
1391 1820 1723 1915 Principis
1763 1823 2119 1894 constituti
2163 1823 2392 1895 eidem
2438 1823 2529 1896 ad
2578 1846 2775 1896 suam
2822 1825 3257 1916 instantiam,
3312 1826 3527 1920 ipsius
3572 1827 3813 1899 timore

999 1942 1376 2035 perterriti,
1412 1944 1851 2016 medietatem
1876 1947 2118 2017 Colisei
2140 1969 2302 2018 cum
2332 1949 2589 2042 palatio
2618 1949 2948 2021 exteriori
2966 1949 3097 2020 sibi
3115 1950 3480 2040 adjacente
3496 1960 3569 2022 et
3587 1952 3812 2022 omni-

996 2064 1127 2135 bus
1146 2066 1422 2156 juribus
1438 2067 1530 2138 ad
1556 2068 1774 2162 ipsam
1806 2071 2255 2142 medietatem
2281 2072 2820 2166 pertinentibus,
2851 2073 3107 2145 dilecto
3140 2072 3281 2146 filio
3307 2072 3654 2146 Anibaldo
3678 2075 3815 2146 civi

993 2189 1303 2261 Romano
1346 2191 1544 2263 titulo
1578 2193 1883 2287 pignoris
1916 2195 2257 2288 obligata,
2293 2218 2429 2288 que
2467 2198 2561 2269 ab
2606 2197 2898 2269 ecclesia
2939 2199 3245 2269 Romana
3282 2198 3529 2269 tenetis
3559 2199 3629 2269 in
3662 2195 3812 2270 seu-

993 2312 1159 2384 dum
1178 2367 1196 2400 ‚
1235 2314 1324 2386 de
1357 2316 1576 2403 factO,
1614 2339 1771 2388 cum
1800 2318 1891 2389 de
1917 2320 2075 2410 jure
2104 2319 2591 2412 nequiveritiS,
2623 2320 2967 2392 duxeritis
2993 2321 3481 2411 concedenda,
3512 2322 3812 2417 prestitis

992 2437 1439 2511 nihilominus
1459 2441 1872 2531 juramentis
1895 2464 2021 2514 vos
2043 2453 2284 2514 contra
2302 2444 2819 2515 concessionem
2844 2444 3244 2537 hujusmodi
3276 2466 3418 2516 non
3444 2455 3804 2536 venturos,

991 2570 1198 2653 prout
1233 2561 1304 2633 in
1338 2563 1736 2653 juramento
1777 2564 1940 2635 inde
1980 2566 2297 2636 confecto
2336 2567 2610 2660 plenius
2638 2566 2896 2638 dicitur
2929 2567 3302 2659 contineri3
3352 2569 3514 2639 licet
3550 2589 3645 2640 ex
3678 2568 3809 2640 hoc

993 2684 1237 2755 essetis
1271 2706 1413 2756 non
1445 2685 1786 2758 immerito
1819 2688 2191 2780 puniendi,
2230 2690 2672 2761 attendentes
2711 2697 2944 2762 tamen
2978 2692 3170 2783 quod
3213 2693 3432 2763 coacti
3470 2692 3808 2784 quodam-

993 2808 1201 2880 modo
1236 2817 1494 2882 terrore
1536 2810 1706 2883 tanti
1747 2811 2079 2907 principis
2116 2811 2192 2885 id
2231 2813 2523 2908 fecistis,
2561 2815 3077 2887 concessionem
3117 2813 3515 2909 hujusmodi
3546 2817 3807 2887 nullam

991 2953 1143 3004 esse
1162 2933 1440 3027 penitus
1461 2936 1862 3007 nuntiantes
1880 2988 1900 3026 ,
1923 2936 2236 3030 predicta
2256 2937 2347 3009 ad
2366 2947 2677 3010 vestrum
2694 2949 2769 3010 et
2795 2939 3084 3010 ecclesie
3101 2939 3410 3010 Romane
3422 2940 3540 3032 jus
3560 2950 3632 3011 et
3654 2960 3810 3035 pro-

991 3056 1356 3150 prietatem
1387 3059 1796 3130 auctoritate
1823 3059 2137 3154 predicta
2177 3081 2623 3152 revocamus,
2656 3062 3070 3155 juramentis
3104 3062 3433 3157 predictis
3460 3062 3807 3136 nibilomi-

989 3199 1124 3249 nus
1179 3179 1546 3267 relaxatis3
1609 3180 1854 3251 eadem
1912 3184 2321 3255 auctoritate
2377 3186 3111 3257 excommunicationis
3158 3186 3438 3258 vinculo
3492 3208 3575 3258 ac
3631 3208 3807 3281 pene

991 3301 1300 3394 quinque
1346 3301 1636 3372 millium
1674 3325 2063 3375 marcarum
2100 3307 2369 3398 argenti
2403 3328 2646 3380 omnes
2675 3309 2797 3401 qui
2840 3310 3325 3382 contravenire
3363 3331 3804 3406 presumpse-

990 3425 1127 3496 rint
1161 3438 1630 3521 supponentes
1663 3426 1801 3525 (l).
2173 3418 2176 3419 ᾗ

1086 3552 1337 3622 Datum
1364 3552 1678 3623 Laterani
1696 3603 1716 3641 ,
1746 3552 1899 3624 XVI
1932 3551 2264 3626 kalendas
2291 3556 2455 3627 maii
2471 3607 2494 3647 ,
2524 3554 2966 3650 pontificatus
2990 3557 3208 3630 nostri
3230 3576 3420 3629 uno
3448 3560 3507 3628 ¹1.

1087 3670 1375 3770 [Extant
1406 3675 1496 3747 de
1533 3674 1784 3747 eodem
1811 3686 2224 3769 argumento
2258 3678 2435 3751 aliae
2470 3678 2739 3751 litterae
2775 3679 3036 3751 eisdem
3062 3680 3359 3775 scriptae
3385 3680 3536 3752 XIII
3566 3682 3802 3753 kalen·

990 3798 1116 3871 das
1145 3799 1306 3869 maii
1338 3802 1445 3894 (n0
1471 3800 1553 3871 6⁴
1573 3798 1679 3897 9),
1708 3799 1779 3869 in
1805 3800 2063 3894 quibus
2089 3801 2426 3873 Henricus
2454 3802 2852 3898 FraJapanis
2871 3803 3048 3875 sacri
3064 3804 3305 3898 palatii
3327 3806 3803 3879 Laterano-sis

989 3945 1222 3996 comes
1251 3910 1702 4020 appellatur.]

1062 4283 1136 4355 (⁴)
1165 4283 1342 4339 Altera
1372 4283 1533 4342 etiam
1558 4284 1744 4342 aderat
1767 4284 2073 4349 iracundiae
2095 4284 2151 4342 in
2174 4286 2551 4359 imperatorem
2579 4302 2741 4344 causa
2763 4293 2981 4361 propter
3003 4296 3276 4346 recentem
3300 4288 3454 4347 urbis
3476 4286 3802 4348 lutei-amnis

991 4380 1362 4437 delectionem.
1388 4379 1467 4436 ct.
1495 4381 1773 4454 epistolam
1800 4384 2086 4442 Innocentii
2116 4384 2209 4455 1v,
2235 4383 2421 4442 datam
2450 4380 2725 4455 Laterani,
2755 4382 2808 4441 X
2836 4384 2947 4442 kal.
2974 4385 3103 4444 maii
3134 4386 3221 4459 (22
3255 4384 3467 4459 apr-im,
3494 4402 3633 4444 anno
3660 4387 3703 4443 1.
