4364 5738
1051 522 1174 585 364
2049 530 2473 593 salutemet
2522 530 2868 593 SECUNDI
3481 536 3647 614 [Ant.
3683 537 3852 599 1245.

716 1110 920 1161 [ΝΟΜ
1160 1111 1620 1217 FridericuS,
1670 1112 2187 1194 Romanorum
2239 1111 2687 1220 imperator,
2735 1110 3037 1193 cuidam
3100 1110 3304 1193 fideli
3361 1136 3501 1193 suo
3563 1113 3856 1194 nuntiat

707 1169 934 1219 exeunte-1

1051 1245 1437 1352 quomodo
1483 1242 1703 1352 juxta
1756 1242 2040 1325 flumen
2099 1242 2434 1325 Tisinelli
2485 1254 2734 1325 castra
2777 1268 2916 1326 sua
2958 1243 3330 1351 posuerit,
3370 1242 3672 1326 modico
3717 1268 3852 1326 re-

1048 1376 1226 1458 licto
1280 1374 1674 1458 intervallo
1731 1375 1925 1456 inter
1980 1400 2060 1456 se
2114 1386 2189 1457 et
2243 1374 2879 1479 Mediolanenses,
2934 1400 3129 1484 quos
3193 1401 3286 1457 ex
3354 1374 3591 1457 altera
3648 1386 3854 1484 parte

1048 1507 1451 1612 HenricuS,
1493 1534 1624 1588 rex
1661 1506 2089 1613 Sardiniae,
2130 1532 2306 1588 cum
2354 1505 2661 1589 Ecelino
2697 1508 2794 1590 de
2834 1507 3178 1590 Romano
3222 1507 3492 1590 acriter
3536 1533 3853 1615 aggres-

1049 1665 1273 1721 surus
1308 1650 1445 1721 est.

1207 1853 1451 1933 (Inedit.
1481 1871 1554 1914 ex
1585 1853 1832 1914 codicib.
1862 1853 2016 1914 Bibl.
2050 1853 2245 1914 Cesar.
2276 1853 2534 1915 vindob.
2573 1853 2745 1914 dictis
2771 1849 3082 1933 Philotoq„
3109 1861 3175 1913 ιι·
3206 1861 3345 1930 305,
3376 1851 3482 1914 iol.
3520 1860 3631 1912 ¹80
3660 1867 3845 1930 verso,

1283 1970 1343 2022 et
1369 1971 1436 2022 ιι·
1465 1971 1564 2038 6¹,
1594 1960 1698 2020 fol.
1734 1970 1808 2021 54
1836 1977 2026 2021 verso.
2060 1960 2310 2021 Mendas
2347 1960 2730 2020 evidentiores
2755 1956 3170 2036 correximus.)

1136 2147 1551 2238 FridericuS,
1586 2157 1721 2217 etc.
1759 2147 2086 2218 Felicium
2128 2145 2549 2241 prosperitas
2587 2145 2990 2217 continuata
3030 2165 3472 2216 successuum
3508 2144 3847 2218 victoriosi

1037 2292 1400 2366 processus
1430 2270 1683 2360 nostri,
1721 2270 2045 2341 comitata
2076 2269 2453 2364 tripudium
2485 2279 2814 2360 tanquam
2842 2268 3141 2362 ingentis
3173 2268 3525 2339 alacritate
3546 2290 3845 2361 congau-

1038 2396 1161 2483 dii,
1202 2395 1291 2466 ad
1324 2394 1723 2467 devocionis
1763 2404 1876 2465 tue
1915 2393 2229 2465 notitiam
2263 2392 2550 2487 epistola
2586 2393 2889 2488 presenti
2926 2391 3319 2482 deducitur,
3358 2413 3495 2483 que
3536 2391 3634 2464 sic
3674 2393 3842 2464 reci·

1036 2518 1285 2613 pientis
1332 2519 1638 2588 animum
1675 2517 1962 2588 Cesarea
2005 2515 2330 2586 felicitate
2374 2512 2656 2585 letificet
2693 2523 2772 2585 ut
2818 2513 3244 2608 triumphum
3289 2524 3523 2607 optate
3563 2515 3844 2587 victorie

1033 2641 1306 2712 sublato
1334 2640 1700 2731 cujuslibet
1722 2637 2093 2710 dubietatis
2121 2637 2480 2710 involucro
2507 2636 2821 2732 prefigat.
2841 2636 3055 2709 Nobis
3080 2637 3361 2727 etenim,
3381 2647 3460 2709 ut
3486 2638 3847 2731 loquamur

1031 2763 1125 2836 ad
1155 2764 1481 2851 litteram,
1512 2784 1670 2834 cum
1703 2759 2070 2854 magnifico
2103 2770 2174 2832 et
2205 2761 2575 2833 victorioso
2607 2761 2915 2833 exercitu
2963 2770 3201 2831 nostro
3243 2759 3336 2832 ad
3370 2762 3841 2833 confusionem

1030 2887 1645 2960 Mediolanensium
1700 2886 2235 2981 procedentibus
2284 2886 2356 2956 in
2406 2885 2823 2958 fortitudinis
2871 2884 3192 2977 brachio,
3240 2907 3465 2980 nuper
3517 2896 3839 2981 tanquam

1031 3020 1522 3082 concurrentes
1571 3009 1663 3080 ad
1719 3010 2040 3101 laqueum
2087 3017 2157 3079 et
2195 3018 2645 3104 properantes
2696 3008 2788 3081 ad
2837 3008 3115 3098 cedem,
3142 3009 3346 3099 juxta
3383 3008 3704 3080 Abiatam
3737 3006 3838 3104 (t)

1030 3133 1258 3203 locum
1293 3130 1634 3223 siquidem
1664 3130 2047 3201 afflictionis
2079 3152 2321 3203 eorum
2355 3131 2678 3221 indicem,
2702 3130 2999 3203 rebelles
3028 3131 3273 3226 prefati
3303 3153 3460 3202 cum
3488 3132 3841 3204 carrochio

1029 3254 1489 3326 communiter
1532 3266 2014 3343 occurrerunt;
2054 3256 2261 3346 juxta
2297 3254 2593 3347 quor'um
2626 3255 3010 3327 exercitum
3041 3255 3167 3325 tali
3197 3255 3305 3325 die
3339 3252 3444 3350 (2)
3476 3257 3576 3327 sic
3618 3268 3838 3328 castra

1026 3386 1261 3450 nostra
1306 3377 1534 3449 vicina
1576 3374 1946 3449 defiximus
1981 3387 2061 3449 ut
2105 3378 2557 3450 tentoriorum
2598 3377 2877 3449 funibus
2909 3379 3220 3471 quinimo
3261 3376 3646 3450 confinibus
3681 3381 3836 3451 nul-

1026 3502 1172 3571 ium
1200 3503 1316 3574 vel
1348 3502 1695 3573 modicum
1727 3501 2087 3593 interjacet
2122 3501 2456 3589 medium,
2494 3522 2625 3573 nec
2651 3501 2935 3593 aliquod
2961 3502 3093 3572 nisi
3118 3501 3376 3573 flumen
3403 3501 3706 3583 Tisinelli
3729 3500 3831 3598 (3)

1026 3644 1117 3694 ex
1147 3644 1388 3695 eorum
1424 3632 1620 3717 parte
1658 3623 1888 3694 valido
1922 3623 2178 3694 fossato
2211 3622 2665 3712 succinctum,
2699 3623 2887 3716 quod
2919 3622 3101 3695 vado
3140 3623 3413 3695 transiri
3447 3634 3682 3717 potest
3706 3624 3829 3696 ha-

1022 3748 1280 3837 biliter,
1318 3747 1481 3818 iicet
1510 3766 1652 3817 non
1680 3767 1806 3839 per
1830 3745 2015 3815 acies
2043 3745 2423 3837 ordinataS,
2456 3756 2726 3818 nostras
2757 3747 2849 3817 ab
2880 3746 2980 3818 eis
3011 3746 3380 3818 intersecat
3407 3746 3823 3818 mansiones.

1020 3874 1235 3944 Immo
1267 3872 1324 3941 si
1358 3869 1616 3942 veritas
1659 3868 2007 3939 revelatur
2043 3869 2375 3961 apertius,
2416 3870 2608 3940 nulla
2652 3879 2934 3940 notatur
2969 3870 3039 3939 in
3072 3868 3492 3940 exercitibus
3522 3869 3827 3964 profecto

1018 3995 1407 4082 diversitas,
1440 3991 1565 4064 sed
1592 3990 1664 4062 in
1694 3991 1793 4062 eis
1828 4002 2070 4063 mutuo
2099 4012 2173 4062 se
2205 3991 2589 4063 videntium
2622 3992 3007 4064 communis
3035 3992 3408 4065 credulitas
3435 3992 3827 4087 idemptita-

1021 4119 1103 4189 tis
1133 4120 1277 4190 fere
1309 4116 1645 4209 dijudicat
1675 4115 2037 4204 unionem3
2073 4123 2355 4209 propter
2385 4114 2575 4205 quod
2601 4115 2808 4209 plane
2839 4115 3440 4187 circumstantibus
3472 4114 3638 4186 hinc
3669 4113 3826 4185 inde

1085 4424 1164 4496 (t)
1201 4421 1412 4480 Scilicet
1432 4422 1656 4481 Abbiato
1677 4424 1901 4495 Grasso,
1934 4423 2073 4482 sicut
2100 4439 2267 4497 supra
2293 4423 2480 4481 videre
2503 4422 2622 4480 fuit.

1086 4522 1156 4594 (2)
1194 4524 1264 4576 20
1291 4519 1376 4577 vel
1403 4523 1463 4577 2⁴
1500 4520 1754 4578 octobris.

1084 4619 1158 4691 (3)
1195 4616 1381 4691 Agitur
1409 4616 1477 4675 de
1502 4617 1674 4675 canali
1697 4617 1812 4675 sive
1836 4617 2082 4693 naviqlio
2106 4618 2186 4676 sic
2211 4623 2422 4689 vocato,
2449 4617 2579 4692 quia
2600 4616 2674 4674 ab
2700 4632 2860 4675 amne
2883 4617 3067 4676 Ticino
3093 4615 3297 4675 defluit.
