4364 5738
538 609 743 668 buter.
774 606 867 682 4.]
1435 604 1831 668 HISTORIA
1880 603 2474 669 mphoua'rch.
3244 598 3367 660 493

541 761 782 813 carere
833 739 1152 811 viventes
1207 739 1575 834 incipiant,
1623 762 1765 813 non
1806 762 2175 836 peccamus
2221 740 2294 811 in
2335 738 2465 810 hos
2482 790 2501 827 ,
2546 736 2667 829 qui
2707 745 3031 831 parentes
3070 755 3361 828 suspen·

541 862 708 952 diis,
770 860 950 935 filios
1002 883 1394 957 exposuere
1448 863 1796 960 martyriis
1815 917 1835 955 ,
1886 864 1957 934 in
2016 863 2148 935 hos
2198 861 2499 954 denique
2546 859 2666 953 qui
2718 880 2842 930 sue
2885 856 3366 949 generositatis

541 987 982 1058 immemores
1013 995 1084 1057 et
1111 996 1508 1059 nostrorum
1539 984 2036 1060 beneficiorum
2069 985 2350 1079 ingrati,
2383 1005 2466 1055 ac
2498 982 2731 1055 debite
2759 979 3110 1053 fidelitatis
3135 979 3360 1070 obliti,

539 1108 794 1181 nobilis
838 1108 1035 1201 regui
1073 1109 1291 1183 nostri
1323 1108 1551 1180 Sicilie
1592 1131 1734 1181 non
1779 1107 1936 1201 filii,
1984 1108 2109 1181 sed
2155 1107 2493 1203 privigni,
2529 1107 2747 1177 Deum
2785 1116 2856 1177 et
2904 1104 3221 1176 homines
3264 1103 3362 1175 sic

537 1232 1039 1305 incredibiliter
1089 1231 1534 1305 offenderunt
1584 1234 1775 1327 quod
1826 1255 1958 1305 nec
2019 1232 2303 1305 infamia
2360 1232 2564 1325 culpe
2607 1229 3029 1302 conveniens
3062 1251 3194 1301 nec
3241 1227 3363 1301 de·

540 1355 706 1431 licto
746 1378 928 1452 pena
988 1356 1336 1428 sufficiens
1387 1356 1734 1428 videatur.
1778 1356 1889 1429 Ad
1934 1356 2185 1428 horum
2228 1376 2395 1448 ergo
2451 1353 2829 1449 perniciem
2870 1353 3365 1446 indignationis

537 1490 773 1552 nostre
845 1480 1167 1574 pervenit
1224 1480 1508 1551 aculeus
1547 1534 1568 1572 ,
1635 1481 1872 1553 divina
1923 1481 2203 1573 justicia
2259 1500 2397 1573 que
2465 1477 2565 1549 sic
2627 1478 2935 1572 ipsorum
2997 1478 3365 1550 infatuavit

537 1612 779 1698 aperte
808 1603 1200 1693 consilium,
1239 1603 1427 1696 quod
1460 1604 1809 1700 predictos
1846 1604 2209 1677 Tibaldum
2252 1602 2729 1691 Franciscum‚
2772 1600 3239 1672 Guilhelmum
3271 1601 3362 1674 de

537 1727 792 1798 Sancto
822 1727 1192 1817 Severino,
1231 1737 1302 1799 et
1347 1748 1589 1799 eorum
1623 1730 1997 1825 complices
2029 1726 2375 1799 inferioris
2401 1725 2676 1819 generis
2709 1734 2779 1796 et
2810 1725 3036 1815 etatiS,
3080 1727 3361 1798 sceleris

445 1865 453 1870 ·
537 1849 1012 1922 nefandissimi
1067 1859 1486 1946 patratores,
1544 1862 1616 1923 et
1672 1861 1912 1923 contra
1975 1874 2103 1923 nos
2158 1849 2394 1921 divine
2451 1848 2755 1943 potentie
2809 1858 3355 1944 contemptores,

535 1973 1020 2044 convenientia
1060 1974 1494 2068 precogitare
1543 1975 1828 2046 consilia
1873 1984 1945 2046 et
1988 1973 2398 2046 sufficientia
2439 1993 2811 2068 preparare
2865 1972 3169 2044 subsidia
3215 1994 3358 2045 non

536 2097 871 2192 permisit.
917 2096 1051 2182 Qui
1080 2119 1240 2169 cum
1275 2098 1661 2193 potuissent
1696 2098 2114 2170 munitiones
2148 2096 2496 2190 quaslibet
2529 2095 2723 2187 regni
2757 2095 2973 2166 nostri
3014 2117 3142 2189 pro
3176 2097 3359 2167 velle

535 2220 888 2315 preripere
910 2274 929 2309 ‚
985 2230 1130 2292 tum
1192 2242 1287 2293 ex
1344 2221 1806 2292 familiaritate
1864 2219 2193 2316 precipua
2248 2240 2460 2312 quam
2512 2218 2606 2289 ad
2668 2218 2855 2313 ipsos
2911 2218 3358 2290 consiliorum

535 2354 929 2416 nostrorum
983 2345 1354 2440 participes
1399 2353 1470 2415 et
1512 2344 1819 2416 omnium
1869 2343 2317 2435 negociorum
2371 2349 2642 2412 actores
2695 2342 3042 2437 preteritis
3089 2352 3356 2438 tempo-

532 2464 726 2537 ribus
781 2466 1249 2559 habebamuS,
1306 2477 1454 2539 tum
1508 2489 1601 2539 ex
1651 2466 1943 2563 predicti
1983 2465 2265 2538 Andree
2319 2464 2409 2537 de
2453 2463 2680 2537 Cicala
2733 2465 2804 2535 in
2860 2478 3076 2557 reguo
3127 2465 3356 2538 Sicilie

532 2589 751 2661 nostri
805 2590 1150 2684 capitanei
1201 2590 1547 2684 generalis
1603 2589 1910 2662 nefando
1958 2588 2310 2661 consortio
2331 2640 2351 2675 ,
2404 2588 2525 2680 qui
2581 2608 2708 2682 per
2763 2588 3075 2680 quelibet
3129 2599 3356 2661 castra

532 2720 768 2782 nostra
824 2733 947 2784 sue
981 2712 1444 2804 jurisdictioni
1491 2713 1892 2803 commissa,
1944 2733 2209 2807 ponere
2257 2720 2534 2806 poterat
2584 2721 2654 2781 et
2701 2710 3052 2807 deponere
3102 2713 3353 2784 castel-

533 2832 763 2926 lanos,
802 2846 1101 2908 castrum
1133 2858 1351 2908 unum
1383 2836 1752 2931 Capacium
1779 2836 2087 2927 nomine,
2116 2834 2303 2928 quod
2334 2833 2600 2929 capide
2628 2833 2811 2906 facili
2839 2855 2980 2906 non
3013 2835 3355 2909 immerito

530 2969 854 3051 poterant
884 2960 1292 3050 formidare,
1339 2961 1437 3032 sic
1476 2961 1742 3051 subit0,
1794 2960 1893 3032 sic
1936 2959 2298 3032 temerarie
2345 2957 2901 3030 conscenderunt
2945 2970 3015 3031 et
3050 2961 3148 3031 sic
3198 2960 3352 3031 exi-

531 3078 689 3150 liter
736 3082 1179 3174 munierunt,
1237 3093 1315 3153 ut
1354 3083 1616 3155 nedum
1666 3095 1907 3155 contra
1957 3086 2342 3157 Romanum
2393 3082 2774 3177 principem
2802 3135 2821 3170 ,
2871 3083 2991 3177 qui
3041 3085 3351 3178 precelsa

531 3204 891 3275 cacumina
938 3205 1276 3276 montium
1316 3216 1638 3300 potenter
1685 3207 2006 3296 inclinat,
2048 3205 2171 3277 sed
2224 3227 2356 3276 nec
2401 3215 2643 3277 contra
2700 3205 3102 3299 potentioris
3142 3205 3351 3278 vicini

530 3324 913 3418 potentiam
970 3326 1145 3396 tueri
1204 3347 1278 3397 se
1331 3328 1538 3418 longo
1588 3328 1964 3398 certamine
2012 3327 2426 3423 potuissent.
2474 3328 2786 3416 Etenim,
2837 3330 2998 3400 licet
3041 3351 3182 3400 non
3236 3329 3355 3401 de·

534 3445 779 3517 fuisset
844 3446 1107 3520 eisdem
1167 3448 1258 3519 ad
1317 3447 1738 3520 defensionis
1795 3451 1998 3542 longe
2053 3447 2380 3521 fiduciam
2435 3450 2625 3543 rupis
2677 3453 2954 3522 excelse
3016 3452 3345 3542 muniti0,

537 3589 895 3640 murorum
929 3570 1206 3642 fortium
1239 3571 1567 3662 ambitus,
1619 3581 1690 3643 et
1724 3573 1924 3667 copia
1962 3574 2378 3644 bellatorum
2413 3573 2527 3644 vel
2560 3572 3037 3665 defensorum,
3077 3597 3355 3646 verum·

539 3703 771 3764 tamen
794 3693 1017 3764 abfuit
1045 3695 1593 3766 necessariarum
1624 3716 1856 3766 rerum
1889 3696 2227 3785 fertilitas,
2250 3707 2321 3767 et
2340 3716 2523 3788 aque
2556 3696 2881 3789 precipue
2908 3718 3048 3767 non
3077 3698 3350 3792 previsa

537 3816 864 3910 penuria,
900 3837 1109 3909 quam
1146 3819 1532 3888 naturalem
1567 3839 1657 3888 ex
1690 3818 1995 3890 fontibus
2027 3840 2237 3913 rupes
2272 3839 2521 3891 saxose
2559 3830 3015 3910 negaverant;
3066 3830 3135 3891 et
3169 3821 3351 3893 acci·

531 3936 880 4009 dentalem
919 3960 1009 4010 ex
1048 3940 1300 4034 pluviis
1336 3939 1789 4011 cisternarum
1826 3939 2147 4013 edificata
2184 3942 2582 4014 concavitas
2625 3942 2698 4010 iu
2743 3951 2933 4013 tanta
2967 3944 3165 4039 copia
3208 3967 3349 4016 non

529 4058 834 4133 habebat
871 4061 1061 4155 quod
1100 4084 1141 4133 a
1185 4062 1371 4133 veris
1416 4062 1742 4155 introitu,
1785 4085 1925 4157 quo
1967 4086 2042 4135 se
2084 4065 2356 4135 munire
2392 4075 2723 4160 ceperant
2761 4065 3183 4159 proditores,
3227 4087 3353 4162 per

532 4192 746 4257 totam
795 4186 1186 4279 proximam
1237 4186 1541 4256 futuram
1587 4195 1873 4258 estatem
1928 4187 2402 4281 pugnantibus
2456 4197 2529 4258 et
2571 4208 2665 4258 ex
2716 4188 3067 4260 anxietate
3116 4209 3350 4284 pugne

528 4304 949 4397 sitientibus,
985 4330 1068 4381 ac
1099 4309 1379 4403 copiose
1406 4308 1831 4397 bibentibus,
1860 4310 2177 4381 sufficere
2202 4309 2539 4404 potuisset
2571 4338 2587 4379 ε
2622 4312 2821 4402 cujus
2851 4311 3120 4405 copiam
3150 4312 3349 4384 estivi

529 4429 710 4500 aeris
741 4429 1178 4503 inclementia
1213 4430 1700 4523 subtrahebat3
1735 4453 1947 4524 quam
1980 4432 2187 4503 etiam
2230 4432 2287 4502 si
2334 4432 2588 4503 celitus
2623 4443 2864 4506 contra
2904 4457 3028 4507 sue
3061 4436 3348 4532 perfidie

532 4552 855 4625 meritum
888 4553 1331 4645 habuissent,
1362 4554 1436 4647 in
1468 4563 1733 4625 tantum
1767 4554 2156 4627 conductus
2184 4576 2522 4648 aquarum
2563 4565 2636 4627 et
2666 4579 2901 4631 muros
2927 4579 3171 4632 omnes
3197 4580 3346 4632 ma-

530 4675 736 4749 chine
772 4688 1011 4751 nostre
1054 4680 1565 4771 confregerant,
1601 4690 1681 4751 ut
1704 4680 1797 4753 ad
1829 4680 2166 4753 cisternas
2196 4681 2620 4755 transductio
2655 4705 2783 4778 per
2806 4687 3085 4758 canales
3122 4686 3346 4761 omni·
