4364 5738
927 642 956 668 ,
1019 593 1133 652 150
2007 595 2441 655 tumr-:met
2490 594 2838 654 SECUNDI
3442 593 3605 677 [Am.
3642 596 3816 656 1244.

1015 726 1201 797 dicto
1260 727 1495 800 Castro
1547 729 1770 800 Plebis
1821 752 2045 824 usque
2096 731 2191 803 ad
2244 751 2498 823 aquam
2552 730 2916 801 Clanarum
2971 725 3076 822 (a)
3121 727 3456 801 inclusive
3506 740 3822 802 vocatam

1014 849 1476 943 Guadaburga
1550 850 1647 948 (b)
1689 854 1895 945 juxta
1969 854 2388 927 territorium
2436 854 2951 926 Urbevetanum
3031 860 3388 943 totumque
3472 863 3824 924 terrenum

1013 977 1277 1046 cultum
1322 986 1393 1046 et
1439 975 1812 1069 incultum,
1845 979 2170 1051 silvatum
2204 988 2276 1051 et
2307 979 2811 1066 macchiosum,
2861 976 3274 1048 existentem
3319 976 3491 1048 citra
3533 989 3605 1048 et
3641 978 3822 1049 ultra

1013 1099 1257 1170 Clanes
1302 1121 1546 1171 versus
1584 1101 1913 1193 Salicem,
1962 1102 2354 1194 Fighinum,
2390 1102 2992 1195 Comporsevolam
3026 1109 3097 1170 et
3126 1108 3428 1171 castrum
3469 1101 3753 1173 Scitonii
3782 1122 3824 1173 a

1013 1224 1245 1295 strada
1277 1225 1539 1316 majore
1581 1224 1728 1297 sive
1762 1236 1998 1297 vetere
2030 1226 2367 1298 inclusive
2398 1247 2620 1320 usque
2656 1226 2747 1297 ad
2784 1223 3203 1295 territorium
3232 1224 3584 1295 Clusinum
3617 1226 3824 1316 juxta

1014 1347 1245 1418 locum
1275 1348 1539 1420 dictum
1571 1348 2029 1444 Fontespada,
2068 1370 2196 1444 per
2223 1369 2433 1442 quam
2472 1358 2758 1420 stratam
2795 1358 2982 1419 recte
3014 1347 3148 1418 iter
3179 1347 3400 1418 tendit
3431 1346 3518 1418 de
3547 1347 3823 1418 civitate

1013 1469 1288 1542 Clusina
1330 1471 1422 1543 ad
1461 1472 1812 1544 civitatem
1853 1473 2399 1563 Urbevetanam,
2430 1494 2514 1544 ac
2555 1473 2764 1544 etiam
2807 1481 3029 1544 totum
3072 1481 3422 1543 terrenum
3458 1474 3721 1542 cultum
3754 1480 3823 1543 et

1013 1595 1377 1685 incultum,
1401 1595 1727 1667 silvatum
1758 1606 1829 1668 et
1859 1597 2356 1687 macchiosum,
2387 1596 2593 1669 situm
2624 1618 2865 1667 versus
2893 1597 3162 1667 clusum
3189 1594 3592 1667 Perusinum
3618 1596 3822 1686 juxta

1012 1719 1288 1792 Tresam
1319 1728 1625 1789 veterem
1654 1719 1867 1811 viam,
1900 1722 2191 1793 fossatas
2231 1720 2579 1810 canicule,
2615 1721 2901 1814 podium
2931 1719 3164 1792 Sancti
3194 1719 3495 1791 Secundi
3529 1728 3601 1790 et
3619 1719 3821 1809 juxta

1011 1842 1229 1935 ipsam
1282 1842 1642 1913 ecclesiam
1679 1844 1912 1915 Sancti
1965 1845 2304 1935 Secundi,
2349 1846 2597 1916 collem
2629 1845 2909 1934 Novile,
2964 1845 3293 1916 fossatum
3333 1843 3719 1916 Lombarde
3753 1852 3824 1916 et

1010 1965 1193 2038 viam
1243 1986 1369 2060 per
1407 1987 1617 2058 quam
1667 1967 1806 2038 itur
1843 1968 2142 2039 Clusium
2195 1977 2267 2039 et
2306 1969 2514 2059 juxta
2555 1989 2666 2039 res
2705 1968 2976 2041 Mastuli
3019 1968 3440 2058 Benajuncte
3487 1989 3570 2039 ac
3617 1967 3822 2038 etiam

1014 2101 1234 2164 totum
1261 2102 1611 2163 terrenum
1639 2094 1898 2165 cultum
1933 2103 2003 2166 et
2036 2094 2400 2185 incultum,
2425 2094 2746 2166 silvatum
2777 2102 2846 2164 et
2870 2093 3362 2184 macchiosum,
3391 2114 3634 2164 versus
3655 2094 3821 2166 Pac·

1011 2217 1313 2307 cianum,
1350 2217 1738 2290 Panicalem
1771 2228 1844 2289 et
1874 2219 2264 2310 Plegarium
2289 2220 2495 2310 juxta
2529 2227 2598 2290 et
2630 2239 2850 2312 prope
2890 2218 3218 2290 fossatum
3251 2216 3526 2306 Moiani‚
3566 2218 3822 2289 fontem

1010 2340 1242 2412 Sancti
1279 2342 1566 2433 Galgani
1604 2352 1676 2413 et
1706 2342 1893 2414 viam
1927 2364 2055 2436 per
2088 2363 2301 2434 quam
2333 2342 2471 2412 itur
2502 2341 2929 2429 Panicalem,
2965 2343 3215 2413 collem
3256 2340 3710 2412 Castellonchi
3756 2350 3826 2411 et

1012 2465 1381 2536 terminum
1425 2466 1755 2537 fossatelli
1783 2465 2079 2554 Falcosi,
2117 2467 2366 2536 collem
2417 2466 2670 2536 montis
2707 2465 2939 2537 Sancti
2971 2466 3309 2552 Marcelli,
3352 2474 3633 2536 stratam
3678 2465 3822 2535 sive

1007 2589 1193 2659 viam
1239 2588 1568 2679 majorem
1608 2588 1899 2679 Plegarii
1935 2598 2007 2659 et
2039 2588 2223 2659 viam
2272 2610 2396 2683 per
2436 2610 2645 2681 quam
2688 2590 2826 2660 itur
2878 2589 2969 2660 ad
3020 2589 3245 2661 locum
3284 2589 3597 2659 Fratrum
3646 2588 3823 2660 divi·

1009 2710 1289 2783 dentem
1312 2733 1353 2782 a
1381 2711 1565 2783 dicta
1599 2722 1810 2783 strata
1838 2713 2080 2803 maj0ri
2109 2735 2235 2805 per
2266 2735 2475 2805 quarn
2514 2713 2652 2784 itur
2678 2713 3094 2806 Plegarium,
3120 2722 3189 2783 et
3226 2721 3443 2783 totum
3478 2723 3822 2783 terrenum

1009 2836 1275 2907 cultum
1316 2844 1387 2906 et
1430 2835 1802 2924 incultum,
1849 2836 2173 2908 silvatum
2215 2846 2285 2909 et
2321 2836 2821 2928 macchiosum,
2868 2836 3072 2908 situm
3105 2856 3349 2908 versus
3391 2834 3706 2906 hermum
3735 2832 3824 2931 (c)

1011 2959 1243 3030 Sancti
1280 2959 1608 3031 Iohannis
1650 2970 1722 3031 et
1761 2970 2067 3032 montem
2115 2962 2410 3032 Leonem
2438 2962 2644 3052 juxta
2676 2960 2934 3032 flumen
2967 2960 3307 3051 NestoriS,
3351 2958 3823 3032 molendinum

1012 3082 1364 3174 quondam
1397 3084 1693 3155 Baldutii
1733 3084 1968 3157 Jacobi
2008 3085 2190 3155 Petri
2222 3085 2493 3156 Baldini
2524 3085 2595 3154 in
2629 3084 2815 3155 dicto
2858 3083 3504 3179 flumine,·podium
3537 3084 3816 3172 fossale,

1011 3203 1198 3275 viam
1229 3225 1369 3295 qua
1403 3205 1800 3277 ascenditur
1833 3206 1925 3277 ad
1950 3208 2280 3278 Hermum
2312 3207 2700 3301 predictum
2734 3216 2805 3278 et
2831 3208 3038 3297 juxta
3071 3208 3298 3278 locum
3336 3206 3594 3279 dictum
3632 3207 3824 3278 Pirus

1014 3326 1201 3398 Iovis
1239 3348 1462 3419 usque
1493 3328 1585 3399 ad
1618 3328 1871 3399 dictam
1910 3351 2163 3424 aquam
2190 3331 2552 3402 Clanarum
2585 3341 2903 3403 vocatam
2938 3330 3426 3423 Guadaburga,
3462 3343 3532 3401 et
3566 3331 3822 3403 eisdem

1017 3450 1553 3543 et·respectibus
1601 3450 1758 3548 (sic)
1802 3474 1928 3524 vos
1973 3475 2215 3525 omnes
2262 3454 2578 3526 homines
2623 3467 2696 3526 et
2735 3455 3301 3527 communitatem
3353 3455 3568 3549 ipsius
3612 3454 3823 3526 Castri

1016 3572 1244 3643 Plebis
1278 3595 1437 3644 cum
1469 3575 1790 3647 omnibus
1829 3576 2043 3672 ipsius
2077 3577 2286 3649 castri
2323 3578 2681 3649 territoriis
2712 3577 3039 3671 predictis
3069 3578 3516 3668 absolvimuS,
3553 3577 3825 3671 penitus

1016 3696 1389 3769 liberamus
1421 3699 1512 3770 ab
1544 3701 1865 3771 omnibus
1906 3711 1977 3772 et
2016 3702 2304 3794 singulis
2344 3702 2719 3793 homagiis,
2753 3699 3133 3774 honeribus
3164 3711 3235 3773 et
3266 3702 3513 3773 debitis
3539 3701 3825 3795 quibus·

1017 3843 1314 3915 cumque
1345 3823 1596 3916 quibus
1623 3825 2145 3917 quomodolibet
2176 3826 2248 3896 in
2282 3827 2687 3920 preteritum
2719 3835 3040 3898 constare
3071 3835 3303 3920 posset
3332 3847 3457 3898 vos
3489 3836 3825 3897 vestram·

1016 3966 1153 4037 que
1193 3948 1687 4019 comunitatem
1729 3958 1800 4020 et
1841 3949 2182 4022 territoria
2224 3950 2565 4023 obnoxios
2609 3950 2755 4022 sive
2804 3949 3109 4022 obnoxia
3153 3949 3512 4042 quibusvis
3561 3947 3824 4042 imperii

1019 4070 1194 4141 sacri
1227 4069 1545 4143 fidelibus
1568 4073 1806 4164 fuisse,
1835 4073 2139 4144 maxime
2168 4074 2447 4146 Andree
2481 4084 2550 4145 et
2580 4073 2956 4166 Uguccioni
2993 4073 3358 4145 comitibus
3390 4074 3478 4145 de
3519 4071 3827 4164 Plegario

1018 4194 1524 4268 nefandissimis
1563 4207 1798 4269 nostre
1841 4197 2186 4289 majestati
2218 4218 2301 4268 ac
2342 4198 2798 4269 sacratissimo
2837 4199 3303 4269 Romanorum
3343 4196 3632 4291 imperio
3675 4214 3832 4289 pro-

1023 4315 1382 4390 ditoribus.
1431 4320 1625 4391 Nulli⁴
1659 4342 1825 4413 ergo
1870 4322 2152 4394 omnino
2197 4321 2459 4395 homini
2502 4323 2703 4394 liceat
2747 4321 2956 4413 hujus
2998 4321 3215 4393 nostri
3253 4320 3462 4393 edicti
3501 4328 3573 4390 et
3617 4318 3831 4414 privi-

1106 4489 1188 4569 (a)
1232 4492 1327 4552 Sic
1354 4496 1567 4554 rectius
1594 4502 1795 4557 tamen
1826 4495 2160 4572 Clarorum,
2190 4499 2409 4560 scilicet
2433 4498 2653 4560 fluvius
2683 4494 2913 4560 chiara.

1108 4595 1188 4674 (b)
1234 4598 1338 4657 Vel
1371 4596 1780 4665 Guadaburza.

1108 4702 1179 4782 (c)
1224 4704 1323 4766 Sic
1346 4722 1455 4783 pro
1482 4722 1752 4768 eremum.
