4364 5738
554 636 756 693 Iuntcr.
794 633 881 710 1.]
1450 634 1849 696 HISTORIA
1899 632 2503 696 DIPLOMATICA.
3310 631 3390 692 79

558 767 795 840 rabilis
842 766 1061 838 abbas
1098 767 1333 839 Sancti
1366 768 1744 842 Salvatoris
1785 769 1874 841 de
1904 769 2138 841 Monte
2176 769 2452 841 Amiato
2495 766 2721 841 fidelis
2760 776 2997 839 noster
3041 785 3388 859 conques-

557 891 744 964 tione
778 891 1190 962 monstravit
1224 891 1415 986 quod
1458 893 1811 965 multoties
1840 915 1968 989 per
2012 893 2341 965 officiales
2380 902 2537 966 tuos
2573 900 2642 963 et
2678 890 2851 963 alios
2891 890 3389 962 monasterium

554 1015 781 1111 ipsum
832 1025 968 1086 tam
1024 1013 1094 1084 in
1158 1015 1383 1110 capite
1436 1037 1647 1109 quam
1699 1016 1769 1087 in
1831 1017 2162 1089 membris
2217 1025 2460 1089 contra
2513 1025 2825 1087 tenorem
2869 1014 3388 1110 privilegiorum

554 1159 840 1209 suorum
887 1159 1025 1231 que
1066 1159 1108 1208 a
1155 1137 1334 1210 divis
1368 1139 1698 1232 Augustis
1749 1140 2356 1237 predecessoribus
2400 1139 2656 1211 nostris
2695 1138 2966 1210 indulta
3005 1138 3134 1210 sibi
3174 1139 3385 1210 fuisse

557 1272 943 1334 noscuntur
981 1272 1052 1333 et
1086 1284 1128 1333 a
1161 1273 1399 1335 nostra
1432 1263 1640 1334 etiam
1676 1264 2086 1337 celsitudine
2124 1263 2569 1353 confirmata,
2607 1261 2910 1355 angariis
2946 1271 3017 1333 et
3042 1283 3386 1358 peranga-

558 1379 710 1480 riis,
750 1396 822 1457 et
865 1385 1018 1457 aliis
1054 1387 1541 1459 exactionibus
1572 1388 1901 1460 indebitis
1934 1388 2351 1484 opprimitur
2382 1397 2451 1458 et
2482 1395 2848 1478 gravatum
2880 1396 3167 1482 propter
3196 1386 3390 1479 quod

556 1509 912 1580 humiliter
978 1510 1396 1606 supplicavit
1448 1522 1528 1583 ut
1588 1533 1800 1608 super
1859 1512 1992 1584 hec
2054 1512 2503 1605 dignaremur
2556 1509 2925 1603 benignius
2983 1510 3383 1605 providere3

556 1655 800 1708 verum
830 1635 995 1729 quia
1025 1635 1334 1708 indebita
1377 1638 1829 1709 ecclesiarum
1873 1637 2279 1731 gravamina
2322 1658 2454 1707 nec
2491 1635 2827 1707 debemus
2859 1655 2991 1705 nec
3023 1655 3391 1730 possumus

558 1759 1019 1854 equanimiter
1053 1760 1397 1831 sustinere
1419 1814 1439 1851 ,
1489 1758 1809 1833 fidelitati
1848 1770 1965 1832 tue
2007 1760 2459 1856 precipiendo
2492 1758 2905 1831 mandamus
2944 1768 3287 1851 quatenus
3330 1758 3389 1830 si

558 1882 893 1978 premissa
946 1883 1225 1954 veritati
1273 1884 1613 1975 nitantur,
1666 1885 1895 1956 taliter
1943 1885 2272 1957 officiales
2318 1883 2667 1979 predictos
2716 1893 2787 1954 et
2833 1883 3007 1955 alios
3059 1884 3149 1954 ab
3198 1883 3390 1954 omni

557 2008 1039 2080 molestatione
1082 2007 1393 2079 indebita
1434 2009 1751 2101 ejusdem
1794 2009 2198 2081 monasterii
2242 2018 2312 2079 et
2352 2008 2800 2079 ecclesiarum
2846 2028 3126 2078 suarum
3181 2028 3393 2103 super

556 2131 885 2227 predictis
940 2153 1213 2203 cessare
1270 2132 1684 2228 compellaS,
1729 2143 1810 2204 ut
1859 2142 2102 2205 contra
2157 2143 2470 2204 tenorem
2519 2131 3034 2227 privilegiorum
3104 2151 3386 2203 suorum

554 2255 739 2328 idem
783 2255 1001 2328 abbas
1037 2275 1181 2327 non
1220 2277 1296 2327 se
1338 2256 1591 2327 sentiat
1625 2257 2017 2346 molestari,
2064 2267 2136 2328 et
2179 2256 2429 2326 iterato
2469 2265 2754 2350 propter
2783 2253 2920 2326 hoc
2961 2255 3052 2327 ad
3095 2258 3388 2329 audien-

557 2381 722 2452 tiam
773 2389 1082 2452 nostram
1136 2382 1329 2473 justa
1372 2380 1804 2476 querimonia
1856 2401 1997 2452 non
2051 2388 2401 2468 recurrat,
2445 2379 2579 2450 nisi
2626 2379 2717 2451 de
2772 2379 3101 2453 mandato
3151 2392 3390 2456 nostro

558 2526 686 2599 pro
717 2504 1015 2576 servitiis
1044 2505 1302 2577 nostris
1330 2505 1701 2598 contigerit
1732 2505 2059 2577 collectas
2089 2505 2303 2576 fuisse
2339 2514 2637 2575 taxatas.

650 2630 899 2701 Datum
931 2629 1243 2721 Precine,
1281 2630 1408 2701 XII
1431 2630 1766 2722 januarii,
1809 2629 2208 2701 indictionis
2240 2628 2486 2724 prime.

651 2754 796 2846 Ego
828 2753 1268 2825 Altimannus
1300 2753 1389 2825 de
1429 2752 1663 2824 Monte
1704 2752 2059 2825 Fullonico
2078 2806 2097 2842 ,
2134 2751 2512 2848 imperialis
2544 2751 2735 2823 curie
2773 2761 2845 2823 et
2877 2774 3065 2823 nunc
3096 2753 3389 2849 predicti

555 2879 899 2975 capitanei
929 2880 1279 2969 notariuS,
1309 2878 1807 2974 presentationi
1843 2878 2182 2950 dictarum
2231 2876 2689 2972 imperialium
2733 2877 3125 2948 licterarum
3170 2879 3386 2950 inter·

555 3003 654 3075 fui
695 3013 765 3075 et
802 3012 1025 3075 totum
1067 3004 1256 3098 quod
1302 3025 1512 3099 supra
1549 3002 1947 3076 continetur
1984 3001 2165 3091 vidi,
2217 3001 2354 3094 legi
2396 3010 2467 3072 et
2516 3000 2846 3095 scriptum
2895 3001 3271 3092 recognovi
3317 3001 3385 3071 in

557 3126 814 3197 licteris
863 3125 1337 3220 imperialibus
1382 3127 1762 3219 majestatis
1815 3125 2192 3222 imperialis
2249 3124 2439 3197 bulla
2496 3123 2850 3216 sigillatis,
2907 3135 2979 3196 et
3021 3123 3193 3195 nihil
3257 3123 3386 3195 ad·-

556 3248 736 3322 dens
799 3249 915 3320 vel
978 3249 1373 3321 diminuens
1443 3271 1562 3323 eas
1620 3250 1734 3323 hic
1802 3248 2102 3323 fideliter
2169 3248 2431 3344 sumpsi
2492 3257 2565 3319 et
2617 3248 3012 3343 exemplavi
3072 3248 3144 3317 in
3202 3269 3388 3322 anno

555 3372 831 3445 Domini
857 3374 949 3445 Μ.
975 3373 1099 3445 CC.
1125 3374 1329 3475 XLII,
1352 3374 1739 3468 imperante
1772 3374 2058 3446 domino
2088 3382 2328 3446 nostro
2362 3371 2715 3465 Friderigo
2743 3372 3054 3445 secundo
3077 3372 3388 3445 invictis-

558 3496 734 3569 simo
765 3499 1237 3570 Romanorum
1263 3496 1711 3592 imperatore,
1730 3498 1844 3570 die
1877 3500 2039 3570 lune
2075 3493 2574 3595 sesta[gesime]
2602 3497 2756 3569 XVI
2793 3497 3146 3587 februarii,
3169 3497 3390 3593 prima

563 3620 977 3713 indictione,
1007 3621 1449 3717 presentibus
1491 3621 1789 3693 dominis
1813 3621 2131 3719 Philippo
2169 3622 2259 3694 de
2295 3620 2720 3710 Brundusio,
2746 3621 3006 3693 Uberto
3034 3620 3254 3713 Gangi
3293 3621 3382 3693 de

566 3742 778 3835 Luca,
808 3745 1136 3817 Gratiano
1170 3745 1261 3817 de
1291 3744 1518 3835 Senis,
1538 3743 1891 3836 judicibus
1924 3743 2144 3815 curie’.
2165 3744 2473 3815 Fuerunt
2505 3742 2689 3816 dicte
2724 3743 2962 3816 lictere
2994 3752 3388 3839 presentate

565 3866 751 3941 dicto
786 3868 1154 3963 capitaneo
1186 3878 1258 3942 et
1290 3869 1443 3941 aliis
1485 3868 1721 3940 multis
1754 3867 1826 3939 in
1854 3867 2113 3963 palatio
2147 3867 2222 3939 in
2253 3889 2494 3941 casare
2531 3866 2764 3940 Sancti
2792 3866 3114 3939 Miniatis.

1042 4173 1499 4182 —o-m-——m--ou
1515 4168 2896 4180 --ssmfflam—mffl—
2912 4168 2925 4176 a

673 4434 1182 4547 Sodegherius
1220 4439 1318 4521 de
1352 4438 1650 4547 Thieto,
1687 4448 2023 4549 potestas
2064 4436 2402 4521 Tridenti
2439 4446 2515 4518 et
2540 4435 3020 4547 episcopatus
3045 4466 3181 4548 per
3216 4441 3393 4524 Fri-

563 4567 906 4652 dericum
952 4570 1519 4680 imperatorem,
1559 4572 2001 4655 auctoritate
2035 4568 2380 4678 ejusdem
2408 4568 2890 4678 imperatoris
2917 4572 3393 4682 Riprandum

564 4700 663 4783 de
697 4701 897 4784 Arco
936 4711 1012 4784 et
1047 4702 1215 4811 ejus
1272 4702 1638 4787 haeredes
1687 4701 1990 4785 investit
2041 4702 2136 4784 de
2195 4701 2489 4784 cunctis
2545 4702 2769 4786 bonis
2839 4704 3257 4789 mobilibus
3322 4721 3397 4793 et

3474 4510 3527 4552 14
3540 4454 3778 4554 {¹8:³⁸2ss-
