4364 5738
549 487 755 547 Ixmcr.
792 485 881 562 1.]
1456 479 1849 542 HISTORIA
1903 479 2494 543 DIPLOMATICA.
3299 479 3380 540 99
3442 555 3443 558 ¹

650 619 1074 708 Fridericus,
1132 624 1304 706 etc„
1362 615 1524 687 duci
1586 616 1995 704 Brabantie‚
2055 626 2190 687 etc.
2250 617 2427 688 Ecce
2478 616 2669 709 quod
2727 615 2962 687 multis
3025 614 3378 686 laboribus

554 748 782 817 fuerat
814 750 1260 838 procuratum
1300 761 1425 834 per
1466 740 1914 835 quamplures
1960 739 2241 811 nuntios
2273 750 2343 811 et
2375 742 2665 833 legatos,
2700 738 2888 832 quod
2922 747 3157 810 nostra
3188 759 3374 808 sere·

553 867 733 938 nitas
768 887 808 936 a
841 863 1357 936 venerabilibus
1387 862 1714 935 fratribus
1757 885 1879 957 pro
1915 864 2222 955 generali
2258 864 2625 936 commodo
2662 861 2929 957 imperii
2972 870 3041 931 et
3074 860 3377 932 Ecclesie

550 1011 633 1062 ac
663 988 971 1081 generali
1002 1009 1174 1082 pace
1221 988 1618 1080 frequenter
1652 996 1723 1058 et
1753 987 2122 1058 instantius
2157 989 2567 1081 expetebat,
2607 987 2842 1059 dIVina
2880 985 3164 1056 demum
3211 1006 3373 1078 pro-

549 1112 861 1184 videntia
904 1132 1042 1204 que
1089 1111 1262 1181 fallit
1303 1110 1991 1188 conatushominum
2035 1120 2107 1183 et
2147 1110 2469 1201 affectus,
2516 1132 2759 1181 cursus
2808 1129 3042 1181 rerum
3086 1117 3155 1179 et
3203 1119 3377 1179 tem·

551 1257 800 1332 porum
866 1244 1177 1306 statuens
1237 1233 1330 1305 ad
1405 1254 1603 1304 suam
1673 1234 2310 1305 incommutabilem
2368 1234 2835 1336 voluntatem,
2911 1231 3377 1334 cardinalibus

550 1359 837 1452 quando
875 1357 1002 1458 sibi
1037 1357 1299 1460 placuit
1334 1357 1753 1428 unanimiter
1802 1357 2166 1464 inspiravit
2209 1357 2400 1449 quod
2446 1355 2559 1428 die
2610 1356 2928 1448 sequenti
2966 1364 3123 1450 post
3154 1356 3377 1448 primo

552 1492 974 1554 transactum
1003 1482 1256 1560 festum
1287 1481 1496 1554 beati
1506 1453 1840 1554 Iohannis
1869 1481 2212 1576 Baptiste,
2245 1453 2618 1575 quemdam
2652 1480 2741 1551 de
2779 1480 3105 1551 fratribus
3137 1500 3378 1549 eorum

548 1606 832 1677 nomine
878 1607 1285 1699 magistrum
1330 1605 1766 1677 Sinibaldum
1815 1587 1993 1676 tituli
2035 1606 2271 1676 Sancti
2329 1604 2677 1676 Laurentii
2739 1604 2812 1673 in
2865 1603 3120 1674 Lucina
3178 1624 3373 1697 pres·

547 1729 872 1824 hyterum
908 1730 1336 1804 cardinalem
1380 1729 1563 1800 votis
1597 1728 2058 1800 concordibus
2082 1728 2169 1799 ·in
2215 1750 2562 1799 summum
2600 1726 2996 1823 pontificem
3028 1748 3374 1798 assumse-

551 1862 736 1925 runt.
781 1854 917 1938 Qui
950 1876 1111 1928 cum
1143 1853 1234 1923 sit
1281 1851 1370 1924 de
1410 1850 1880 1922 nobilioribus.
1917 1851 2199 1944 imperii·
2232 1849 2389 1922 filiis
2437 1861 2506 1922 et
2542 1871 2671 1948 pro
2728 1851 2929 1923 nobis
2975 1860 3115 1922 tam
3159 1850 3377 1922 verbo

545 1997 761 2070 quam
794 1997 1009 2069 opere
1042 1996 1318 2069 semper
1348 1996 1423 2046 se
1456 1974 1915 2064 benevolum,
1952 1974 2442 2066 obsequiosum
2476 1975 2852 2068 prestiterit
2882 1986 2953 2045 et
2983 1984 3371 2067 acceptum,

546 2101 757 2195 plena
808 2098 1014 2170 datur
1071 2096 1355 2168 culmini
1409 2104 1649 2167 nostro
1700 2096 1789 2167 de
1835 2117 1963 2166 sua
2009 2096 2403 2167 sinceritate
2441 2095 2696 2168 fiducia
2744 2095 2936 2189 quod
2980 2097 3378 2186 generalem

547 2243 821 2316 pacem,
858 2222 1122 2293 bonum
1159 2230 1419 2292 statum
1453 2220 1724 2314 imperii
1774 2229 1845 2290 et
1890 2229 2126 2292 nostre
2163 2220 2501 2291 unitatem
2534 2219 2833 2290 amicitie
2877 2231 3167 2313 paterno
3211 2237 3376 2316 pro*-

547 2346 820 2416 curabit
864 2345 1152 2435 affectu,
1201 2353 1279 2414 ut
1321 2364 1450 2415 nos
1497 2364 1659 2414 eum
1703 2363 2150 2415 revereamur
2191 2344 2264 2414 in
2303 2353 2571 2438 patrem
2619 2353 2689 2414 et
2720 2344 2881 2437 ips‘e‘
2909 2364 3036 2415 nos
3060 2344 3375 2438 'amplec-

549 2478 732 2539 tatur
758 2470 830 2539 in
862 2467 1107 2540 filium.
1142 2470 1442 2562 Tempus
1476 2468 1660 2539 enim
1694 2477 1764 2540 et
1797 2489 2007 2539 causa
2035 2468 2390 2560 quondam
2426 2489 2586 2539 eum
2625 2470 2697 2538 in
2740 2468 2988 2540 minori
3034 2477 3215 2540 statu
3253 2481 3378 2563 per

546 2593 1049 2687 experientiam
1098 2591 1492 2664 docuerunt
1539 2591 1838 2684 qualiter
1885 2592 1961 2661 in
2013 2592 2193 2664 Sede
2241 2591 2638 2686 Apostolica
2662 2577 2665 2582 ¹
2693 2592 3107 2664 constitutus
3151 2593 3375 2665 zelare

546 2718 798 2790 debeat
845 2717 1183 2787 unitatem
1225 2725 1534 2788 nostram
1587 2725 1659 2787 et
1707 2736 1954 2811 pacem
2003 2715 2310 2810 imperii,
2364 2737 2491 2809 per
2540 2733 2749 2807 quam
2801 2724 3021 2787 status
3066 2715 3373 2789 Ecclesia

545 2840 973 2915 dissensione
1027 2840 1251 2936 sopita
1294 2841 1426 2912 sub
1485 2841 1878 2936 apostolatu
1903 2862 2052 2913 *suo
2105 2838 2441 2936 proficere
2474 2839 2756 2935 *poterit
2804 2840 2877 2911 in
2926 2840 3364 2912 immensum.

542 2964 971 3037 Intendimus
1003 2965 1286 3058 insuper
1330 2964 1518 3059 apud
1557 2986 1718 3036 eum
1751 2986 1996 3036 omnes
2029 2962 2273 3035 fideles
2314 2972 2385 3034 et
2426 2964 2729 3035 fautores
2760 2964 3031 3058 imperii
3068 2964 3137 3034 in
3182 2964 3370 3035 omni

542 3087 810 3159 honore
851 3108 934 3158 ac
980 3086 1480 3180 indempnitate
1526 3089 1791 3181 absque
1843 3087 2250 3159 difficultate
2294 3095 2367 3158 et
2418 3086 2695 3159 defectu
2740 3088 3054 3180 quolibet
3088 3104 3369 3162 conser-

543 3232 749 3303 vare,
788 3221 867 3282 ut
908 3221 1094 3282 certa
1137 3233 1298 3307 spes
1342 3212 1665 3283 omnibus
1713 3213 2005 3307 imperio
2038 3222 2278 3283 nostro
2328 3209 2467 3283 fide
2510 3222 2581 3283 e’t
2626 3213 2994 3287 devotione
3041 3214 3369 3306 subjectis

544 3345 778 3407 nostra
812 3334 1064 3407 debeat
1091 3334 1554 3407 insinuatione
1592 3334 1868 3407 firmari
1882 3335 2073 3429 quod
2102 3352 2343 3407 eorum
2376 3337 2652 3428 negotia
2682 3360 2819 3431 que
2850 3339 3130 3437 propria
3154 3346 3362 3435 repu'-

542 3467 801 3548 tamus,
832 3457 922 3529 ad
951 3467 1266 3551 optatum
1295 3457 1859 3552 promovebimus
1888 3457 2433 3549 incrementum,
2466 3461 2942 3533 confusionem
2967 3472 3366 3597 nostrornm

541 3580 845 3654 hostium
877 3581 989 3652 cui
1022 3580 1333 3673 quotidie
1359 3580 1753 3652 vicinamur
1798 3581 1867 3651 in
1900 3582 2090 3652 omni
2121 3582 2479 3676 diligentia
2513 3587 2893 3658 tractaturi.

635 3707 888 3778 Datum
931 3701 1382 3801 [Beneventi‚
1421 3705 1754 3777 XXVIII
1724 3705 1950 3797 junii,
1978 3706 2201 3801 prime
2233 3706 2652 3805 indictionis]
2688 3706 2822 3806 (⁴).

613 4009 683 4082 (l)
721 4010 832 4067 Has
861 4009 1272 4083 chronologicas
1310 4017 1465 4068 notas
1503 3986 1736 4069 libenter
1755 4002 2086 4084 'supplemus
2103 4054 2119 4083 ,
2158 4028 2327 4085 quum
2365 4027 2684 4086 persuasum
2726 4011 3021 4068 habeamus
3061 4011 3198 4068 hanc
3228 4012 3359 4085 epi-

539 4104 730 4162 stolam
751 4122 912 4163 unam
938 4107 1294 4180 eamdemque
1319 4124 1440 4165 esse
1460 4124 1525 4166 ac
1550 4109 1880 4184 encyclicam
1909 4109 2035 4167 duci
2060 4108 2320 4166 Bavariae
2346 4109 2604 4165 directam
2621 4150 2635 4178 ,
2664 4108 2733 4165 de
2757 4122 2866 4180 qua
2895 4104 2982 4164 his
3006 4106 3187 4165 verbis
3213 4102 3357 4182 ap‘ud

542 4207 790 4275 excerpta
814 4219 881 4259 ex
904 4202 1111 4262 Alberti
1137 4204 1359 4262 Bobami
1382 4206 1522 4263 actis
1543 4207 1748 4264 mentio
1775 4206 1840 4263 fit
1866 4225 1880 4261 ε
1915 4227 1943 4261 ι
1969 4204 2618 4277 Fridericns,.1>ei=grat1a
2655 4205 3011 4262 Romanorum
3043 4205 3352 4281 imperator,

540 4294 664 4355 duci
698 4298 945 4371 Boiorum
982 4300 1158 4374 aperit
1191 4307 1423 4359 mortem
1462 4317 1665 4377 papae;
1708 4303 1939 4360 electum
1982 4300 2322 4359 sinibaldum
2363 4300 2504 4358 tituli
2544 4302 2727 4360 Sancti
2769 4303 3037 4361 Laurentii
3066 4302 3122 4359 in
3156 4305 3355 4364 Lucina

542 4393 917 4468 presbyterum
945 4396 1276 4455 cardinalem
1304 4398 1531 4474 imperio
1568 4399 1754 4459 favere
1781 4399 1996 4470 scribit,
2028 4397 2167 4457 sicut
2192 4403 2316 4454 ante
2342 4403 2628 4471 papatnm3
2656 4399 2891 4459 fautores
2917 4401 3130 4476 imperii
3162 4417 3350 4476 perse-

545 4504 753 4549 verare.
779 4493 1089 4569 Beneventi,
1117 4496 1344 4557 XXVIII
1367 4497 1520 4571 junii.
1552 4516 1579 4551 s
1609 4495 1858 4556 Aventin.
1892 4511 1981 4568 ap.
2012 4495 2259 4571 Ossrssnss,
2285 4498 2409 4555 Rer.
2443 4499 2591 4556 Boio.
2617 4496 2910 4572 Scriptor„
2941 4504 2983 4556 t.
3001 4498 3048 4571 1,
3068 4516 3123 4577 p.
3146 4501 3277 4557 793.
