<?xml version="1.0" encoding="UTF-8"?>
<!DOCTYPE html PUBLIC "-//W3C//DTD XHTML 1.0 Transitional//EN"
    "http://www.w3.org/TR/xhtml1/DTD/xhtml1-transitional.dtd">
<html xmlns="http://www.w3.org/1999/xhtml" xml:lang="en" lang="en">
 <head>
  <title>
</title>
<meta http-equiv="Content-Type" content="text/html;charset=utf-8" />
  <meta name='ocr-system' content='tesseract 3.04.00' />
  <meta name='ocr-capabilities' content='ocr_page ocr_carea ocr_par ocr_line ocrx_word'/>
</head>
<body>
  <div class='ocr_page' id='page_1' title='image "./historiadiploma00degoog_0537.png"; bbox 0 0 4364 5738; ppageno 0'>
   <div class='ocr_carea' id='block_1_1' title="bbox 570 596 3390 677">
    <p class='ocr_par' dir='ltr' id='par_1_1' title="bbox 570 596 3390 677">
     <span class='ocr_line' id='line_1_1' title="bbox 570 596 3390 677; baseline 0.001 -18"><span class='ocrx_word' id='word_1_1' title='bbox 570 599 772 660; x_wconf 66' lang='lat' dir='ltr'>lamet.</span> <span class='ocrx_word' id='word_1_2' title='bbox 803 596 898 677; x_wconf 82' lang='grc'>5.]</span> <span class='ocrx_word' id='word_1_3' title='bbox 1476 596 1888 670; x_wconf 62' lang='grc' dir='ltr'><strong>ΗΙδΤΟΒΙΑ,</strong></span> <span class='ocrx_word' id='word_1_4' title='bbox 1920 597 2514 663; x_wconf 83' lang='lat' dir='ltr'><strong>DIPLOMATICA.</strong></span> <span class='ocrx_word' id='word_1_5' title='bbox 3275 599 3390 663; x_wconf 81' lang='lat'>521</span> 
     </span>
    </p>
   </div>
   <div class='ocr_carea' id='block_1_2' title="bbox 539 723 3393 4076">
    <p class='ocr_par' dir='ltr' id='par_1_2' title="bbox 542 723 3393 3453">
     <span class='ocr_line' id='line_1_2' title="bbox 570 723 3391 833; baseline 0.001 -28"><span class='ocrx_word' id='word_1_6' title='bbox 570 733 785 808; x_wconf 89' lang='lat' dir='ltr'>Puteo</span> <span class='ocrx_word' id='word_1_7' title='bbox 813 757 973 807; x_wconf 91' lang='lat' dir='ltr'>cum</span> <span class='ocrx_word' id='word_1_8' title='bbox 1003 736 1154 830; x_wconf 83' lang='lat' dir='ltr'>ejus</span> <span class='ocrx_word' id='word_1_9' title='bbox 1183 735 1402 828; x_wconf 91' lang='lat' dir='ltr'>curia,</span> <span class='ocrx_word' id='word_1_10' title='bbox 1435 735 1748 810; x_wconf 88' lang='lat' dir='ltr'>districtu</span> <span class='ocrx_word' id='word_1_11' title='bbox 1784 746 1855 810; x_wconf 89' lang='lat' dir='ltr'>et</span> <span class='ocrx_word' id='word_1_12' title='bbox 1881 723 2343 833; x_wconf 80' lang='lat' dir='ltr'>pertinentiiS,</span> <span class='ocrx_word' id='word_1_13' title='bbox 2369 738 2608 811; x_wconf 85' lang='lat' dir='ltr'>villam</span> <span class='ocrx_word' id='word_1_14' title='bbox 2632 735 2721 809; x_wconf 92' lang='lat' dir='ltr'>de</span> <span class='ocrx_word' id='word_1_15' title='bbox 2749 734 3021 828; x_wconf 90' lang='lat' dir='ltr'>Strada,</span> <span class='ocrx_word' id='word_1_16' title='bbox 3056 736 3391 810; x_wconf 85' lang='lat' dir='ltr'>Moucho-</span> 
     </span>
     <span class='ocr_line' id='line_1_3' title="bbox 568 862 3393 958; baseline 0.001 -28"><span class='ocrx_word' id='word_1_17' title='bbox 568 880 728 931; x_wconf 90' lang='lat' dir='ltr'>nem</span> <span class='ocrx_word' id='word_1_18' title='bbox 784 869 853 933; x_wconf 92' lang='lat' dir='ltr'>et</span> <span class='ocrx_word' id='word_1_19' title='bbox 907 862 1371 934; x_wconf 86' lang='lat' dir='ltr'>Petravelsam</span> <span class='ocrx_word' id='word_1_20' title='bbox 1422 884 1581 934; x_wconf 92' lang='lat' dir='ltr'>cum</span> <span class='ocrx_word' id='word_1_21' title='bbox 1634 884 1877 934; x_wconf 89' lang='lat' dir='ltr'>eorum</span> <span class='ocrx_word' id='word_1_22' title='bbox 1919 864 2127 937; x_wconf 90' lang='lat' dir='ltr'>curiis</span> <span class='ocrx_word' id='word_1_23' title='bbox 2170 872 2243 936; x_wconf 83' lang='lat' dir='ltr'>et</span> <span class='ocrx_word' id='word_1_24' title='bbox 2289 862 2759 958; x_wconf 84' lang='lat' dir='ltr'>pertinentiis,</span> <span class='ocrx_word' id='word_1_25' title='bbox 2795 869 3097 933; x_wconf 85' lang='lat' dir='ltr'><strong>castrum</strong></span> <span class='ocrx_word' id='word_1_26' title='bbox 3141 862 3393 933; x_wconf 88' lang='lat' dir='ltr'>Montis</span> 
     </span>
     <span class='ocr_line' id='line_1_4' title="bbox 568 983 3386 1079; baseline 0 -24"><span class='ocrx_word' id='word_1_27' title='bbox 568 984 812 1055; x_wconf 91' lang='lat' dir='ltr'>Doncii</span> <span class='ocrx_word' id='word_1_28' title='bbox 839 1007 998 1056; x_wconf 92' lang='lat' dir='ltr'>cum</span> <span class='ocrx_word' id='word_1_29' title='bbox 1028 986 1179 1077; x_wconf 89' lang='lat' dir='ltr'>ejus</span> <span class='ocrx_word' id='word_1_30' title='bbox 1205 986 1396 1058; x_wconf 90' lang='lat' dir='ltr'>curia</span> <span class='ocrx_word' id='word_1_31' title='bbox 1432 996 1503 1057; x_wconf 91' lang='lat' dir='ltr'>et</span> <span class='ocrx_word' id='word_1_32' title='bbox 1529 986 1873 1079; x_wconf 90' lang='lat' dir='ltr'>districtu,</span> <span class='ocrx_word' id='word_1_33' title='bbox 1913 989 2319 1060; x_wconf 82' lang='lat' dir='ltr'><strong>Montanum</strong></span> <span class='ocrx_word' id='word_1_34' title='bbox 2355 1008 2514 1058; x_wconf 90' lang='lat' dir='ltr'>cum</span> <span class='ocrx_word' id='word_1_35' title='bbox 2543 986 2692 1077; x_wconf 87' lang='lat' dir='ltr'>ejus</span> <span class='ocrx_word' id='word_1_36' title='bbox 2724 986 2915 1056; x_wconf 90' lang='lat' dir='ltr'>curia</span> <span class='ocrx_word' id='word_1_37' title='bbox 2945 994 3015 1055; x_wconf 93' lang='lat' dir='ltr'>et</span> <span class='ocrx_word' id='word_1_38' title='bbox 3045 983 3386 1077; x_wconf 91' lang='lat' dir='ltr'>districtu,</span> 
     </span>
     <span class='ocr_line' id='line_1_5' title="bbox 565 1106 3393 1202; baseline -0 -23"><span class='ocrx_word' id='word_1_39' title='bbox 565 1108 969 1180; x_wconf 86' lang='lat' dir='ltr'>Barbiscum</span> <span class='ocrx_word' id='word_1_40' title='bbox 1002 1131 1162 1181; x_wconf 91' lang='lat' dir='ltr'>cum</span> <span class='ocrx_word' id='word_1_41' title='bbox 1195 1110 1347 1201; x_wconf 89' lang='lat' dir='ltr'>ejus</span> <span class='ocrx_word' id='word_1_42' title='bbox 1383 1110 1575 1181; x_wconf 91' lang='lat' dir='ltr'>curia</span> <span class='ocrx_word' id='word_1_43' title='bbox 1603 1119 1675 1183; x_wconf 91' lang='lat' dir='ltr'>et</span> <span class='ocrx_word' id='word_1_44' title='bbox 1712 1110 2065 1202; x_wconf 83' lang='lat' dir='ltr'>districtu,</span> <span class='ocrx_word' id='word_1_45' title='bbox 2099 1108 2659 1183; x_wconf 90' lang='lat' dir='ltr'>commanditiam</span> <span class='ocrx_word' id='word_1_46' title='bbox 2693 1106 2926 1181; x_wconf 78' lang='lat' dir='ltr'>Sancti</span> <span class='ocrx_word' id='word_1_47' title='bbox 2961 1107 3288 1180; x_wconf 90' lang='lat' dir='ltr'>Marciani</span> <span class='ocrx_word' id='word_1_48' title='bbox 3321 1117 3393 1178; x_wconf 92' lang='lat' dir='ltr'>et</span> 
     </span>
     <span class='ocr_line' id='line_1_6' title="bbox 560 1233 3391 1328; baseline -0.001 -24"><span class='ocrx_word' id='word_1_49' title='bbox 560 1233 677 1326; x_wconf 85' lang='lat' dir='ltr'>jus</span> <span class='ocrx_word' id='word_1_50' title='bbox 703 1233 894 1328; x_wconf 90' lang='lat' dir='ltr'>quod</span> <span class='ocrx_word' id='word_1_51' title='bbox 923 1234 1185 1307; x_wconf 87' lang='lat' dir='ltr'>habent</span> <span class='ocrx_word' id='word_1_52' title='bbox 1210 1234 1280 1307; x_wconf 90' lang='lat' dir='ltr'>in</span> <span class='ocrx_word' id='word_1_53' title='bbox 1315 1237 1567 1307; x_wconf 88' lang='lat' dir='ltr'>Sancto</span> <span class='ocrx_word' id='word_1_54' title='bbox 1596 1236 1945 1308; x_wconf 88' lang='lat' dir='ltr'>Marciano</span> <span class='ocrx_word' id='word_1_55' title='bbox 1978 1236 2124 1308; x_wconf 88' lang='lat' dir='ltr'>sive</span> <span class='ocrx_word' id='word_1_56' title='bbox 2161 1237 2235 1307; x_wconf 90' lang='lat' dir='ltr'>in</span> <span class='ocrx_word' id='word_1_57' title='bbox 2267 1233 2892 1327; x_wconf 89' lang='lat' dir='ltr'>hominibusipsius</span> <span class='ocrx_word' id='word_1_58' title='bbox 2916 1233 3049 1304; x_wconf 91' lang='lat' dir='ltr'>loci</span> <span class='ocrx_word' id='word_1_59' title='bbox 3087 1241 3158 1303; x_wconf 93' lang='lat' dir='ltr'>et</span> <span class='ocrx_word' id='word_1_60' title='bbox 3187 1252 3391 1323; x_wconf 88' lang='lat' dir='ltr'>quar·</span> 
     </span>
     <span class='ocr_line' id='line_1_7' title="bbox 568 1356 3386 1454; baseline -0 -25"><span class='ocrx_word' id='word_1_61' title='bbox 568 1368 707 1429; x_wconf 89' lang='lat' dir='ltr'>tam</span> <span class='ocrx_word' id='word_1_62' title='bbox 744 1368 1011 1453; x_wconf 89' lang='lat' dir='ltr'>partem</span> <span class='ocrx_word' id='word_1_63' title='bbox 1041 1359 1293 1432; x_wconf 85' lang='lat' dir='ltr'>Montis</span> <span class='ocrx_word' id='word_1_64' title='bbox 1323 1360 1573 1432; x_wconf 85' lang='lat' dir='ltr'>Varchi</span> <span class='ocrx_word' id='word_1_65' title='bbox 1610 1371 1680 1432; x_wconf 85' lang='lat' dir='ltr'>et</span> <span class='ocrx_word' id='word_1_66' title='bbox 1715 1362 1865 1454; x_wconf 89' lang='lat' dir='ltr'>ejus</span> <span class='ocrx_word' id='word_1_67' title='bbox 1901 1361 2090 1433; x_wconf 91' lang='lat' dir='ltr'>curie</span> <span class='ocrx_word' id='word_1_68' title='bbox 2127 1372 2200 1432; x_wconf 91' lang='lat' dir='ltr'>et</span> <span class='ocrx_word' id='word_1_69' title='bbox 2230 1360 2583 1432; x_wconf 89' lang='lat' dir='ltr'>districtus</span> <span class='ocrx_word' id='word_1_70' title='bbox 2631 1368 2702 1429; x_wconf 92' lang='lat' dir='ltr'>et</span> <span class='ocrx_word' id='word_1_71' title='bbox 2736 1357 3085 1452; x_wconf 90' lang='lat' dir='ltr'>hospitale</span> <span class='ocrx_word' id='word_1_72' title='bbox 3126 1356 3216 1428; x_wconf 93' lang='lat' dir='ltr'>de</span> <span class='ocrx_word' id='word_1_73' title='bbox 3251 1357 3386 1428; x_wconf 92' lang='lat' dir='ltr'>Ge-</span> 
     </span>
     <span class='ocr_line' id='line_1_8' title="bbox 564 1480 3388 1580; baseline -0.001 -28"><span class='ocrx_word' id='word_1_74' title='bbox 564 1483 783 1555; x_wconf 87' lang='lat' dir='ltr'>nestia</span> <span class='ocrx_word' id='word_1_75' title='bbox 798 1482 899 1580; x_wconf 80' lang='lat' dir='ltr'>(a)</span> <span class='ocrx_word' id='word_1_76' title='bbox 930 1506 1091 1556; x_wconf 91' lang='lat' dir='ltr'>cum</span> <span class='ocrx_word' id='word_1_77' title='bbox 1125 1486 1275 1578; x_wconf 77' lang='lat' dir='ltr'>eJus</span> <span class='ocrx_word' id='word_1_78' title='bbox 1303 1485 1763 1580; x_wconf 80' lang='lat' dir='ltr'>pcrtinentiiS,</span> <span class='ocrx_word' id='word_1_79' title='bbox 1801 1495 2021 1558; x_wconf 91' lang='lat' dir='ltr'>totum</span> <span class='ocrx_word' id='word_1_80' title='bbox 2050 1484 2388 1580; x_wconf 85' lang='lat' dir='ltr'>hospitale</span> <span class='ocrx_word' id='word_1_81' title='bbox 2423 1482 2896 1571; x_wconf 88' lang='lat' dir='ltr'>Montissechi,</span> <span class='ocrx_word' id='word_1_82' title='bbox 2928 1480 3388 1553; x_wconf 90' lang='lat' dir='ltr'>Castillionem</span> 
     </span>
     <span class='ocr_line' id='line_1_9' title="bbox 562 1606 3387 1702; baseline -0 -23"><span class='ocrx_word' id='word_1_83' title='bbox 562 1608 651 1681; x_wconf 93' lang='lat' dir='ltr'>de</span> <span class='ocrx_word' id='word_1_84' title='bbox 685 1608 918 1680; x_wconf 89' lang='lat' dir='ltr'>Paccis</span> <span class='ocrx_word' id='word_1_85' title='bbox 950 1630 1110 1680; x_wconf 91' lang='lat' dir='ltr'>cum</span> <span class='ocrx_word' id='word_1_86' title='bbox 1144 1611 1296 1702; x_wconf 85' lang='lat' dir='ltr'>ejus</span> <span class='ocrx_word' id='word_1_87' title='bbox 1328 1609 1520 1682; x_wconf 91' lang='lat' dir='ltr'>curia</span> <span class='ocrx_word' id='word_1_88' title='bbox 1568 1618 1638 1682; x_wconf 90' lang='lat' dir='ltr'>et</span> <span class='ocrx_word' id='word_1_89' title='bbox 1683 1609 1997 1683; x_wconf 87' lang='lat' dir='ltr'>districtu</span> <span class='ocrx_word' id='word_1_90' title='bbox 2036 1620 2107 1682; x_wconf 93' lang='lat' dir='ltr'>et</span> <span class='ocrx_word' id='word_1_91' title='bbox 2140 1608 2701 1683; x_wconf 89' lang='lat' dir='ltr'>commanditiam</span> <span class='ocrx_word' id='word_1_92' title='bbox 2734 1607 2910 1678; x_wconf 91' lang='lat' dir='ltr'>libre</span> <span class='ocrx_word' id='word_1_93' title='bbox 2945 1606 3214 1698; x_wconf 79' lang='lat' dir='ltr'>argenti</span> <span class='ocrx_word' id='word_1_94' title='bbox 3250 1627 3387 1697; x_wconf 90' lang='lat' dir='ltr'>que</span> 
     </span>
     <span class='ocr_line' id='line_1_10' title="bbox 562 1729 3389 1830; baseline -0.001 -26"><span class='ocrx_word' id='word_1_95' title='bbox 562 1732 626 1804; x_wconf 90' lang='lat' dir='ltr'>ei</span> <span class='ocrx_word' id='word_1_96' title='bbox 681 1732 978 1806; x_wconf 90' lang='lat' dir='ltr'>debetur</span> <span class='ocrx_word' id='word_1_97' title='bbox 1023 1744 1095 1805; x_wconf 90' lang='lat' dir='ltr'>et</span> <span class='ocrx_word' id='word_1_98' title='bbox 1151 1733 1359 1807; x_wconf 91' lang='lat' dir='ltr'>datur</span> <span class='ocrx_word' id='word_1_99' title='bbox 1401 1735 1759 1805; x_wconf 91' lang='lat' dir='ltr'>annuatim</span> <span class='ocrx_word' id='word_1_100' title='bbox 1804 1756 1931 1830; x_wconf 91' lang='lat' dir='ltr'>pro</span> <span class='ocrx_word' id='word_1_101' title='bbox 1978 1756 2088 1806; x_wconf 87' lang='lat' dir='ltr'>ec.</span> <span class='ocrx_word' id='word_1_102' title='bbox 2139 1737 2311 1806; x_wconf 93' lang='lat' dir='ltr'>Item</span> <span class='ocrx_word' id='word_1_103' title='bbox 2361 1741 2678 1826; x_wconf 80' lang='lat' dir='ltr'>quartam</span> <span class='ocrx_word' id='word_1_104' title='bbox 2734 1741 3003 1826; x_wconf 93' lang='lat' dir='ltr'>partem</span> <span class='ocrx_word' id='word_1_105' title='bbox 3056 1729 3264 1823; x_wconf 84' lang='lat' dir='ltr'>Burgi</span> <span class='ocrx_word' id='word_1_106' title='bbox 3319 1739 3389 1802; x_wconf 93' lang='lat' dir='ltr'>et</span> 
     </span>
     <span class='ocr_line' id='line_1_11' title="bbox 557 1855 3385 1949; baseline -0.001 -22"><span class='ocrx_word' id='word_1_107' title='bbox 557 1856 835 1932; x_wconf 87' lang='lat' dir='ltr'>Rocche</span> <span class='ocrx_word' id='word_1_108' title='bbox 869 1858 958 1931; x_wconf 93' lang='lat' dir='ltr'>de</span> <span class='ocrx_word' id='word_1_109' title='bbox 991 1859 1284 1949; x_wconf 90' lang='lat' dir='ltr'>Balneo,</span> <span class='ocrx_word' id='word_1_110' title='bbox 1326 1859 1533 1931; x_wconf 84' lang='lat' dir='ltr'>castri</span> <span class='ocrx_word' id='word_1_111' title='bbox 1571 1859 1659 1931; x_wconf 91' lang='lat' dir='ltr'>de</span> <span class='ocrx_word' id='word_1_112' title='bbox 1697 1861 2004 1932; x_wconf 88' lang='lat' dir='ltr'>Torzano</span> <span class='ocrx_word' id='word_1_113' title='bbox 2045 1868 2116 1931; x_wconf 90' lang='lat' dir='ltr'>et</span> <span class='ocrx_word' id='word_1_114' title='bbox 2156 1858 2583 1931; x_wconf 89' lang='lat' dir='ltr'>Fontiscluse</span> <span class='ocrx_word' id='word_1_115' title='bbox 2617 1866 2687 1928; x_wconf 93' lang='lat' dir='ltr'>et</span> <span class='ocrx_word' id='word_1_116' title='bbox 2721 1855 3068 1929; x_wconf 88' lang='lat' dir='ltr'>Castellini</span> <span class='ocrx_word' id='word_1_117' title='bbox 3114 1863 3185 1926; x_wconf 93' lang='lat' dir='ltr'>et</span> <span class='ocrx_word' id='word_1_118' title='bbox 3220 1855 3385 1925; x_wconf 89' lang='lat' dir='ltr'>Lar·</span> 
     </span>
     <span class='ocr_line' id='line_1_12' title="bbox 557 1981 3384 2077; baseline -0.002 -24"><span class='ocrx_word' id='word_1_119' title='bbox 557 1981 787 2054; x_wconf 90' lang='lat' dir='ltr'>chiani</span> <span class='ocrx_word' id='word_1_120' title='bbox 823 1993 894 2056; x_wconf 90' lang='lat' dir='ltr'>et</span> <span class='ocrx_word' id='word_1_121' title='bbox 924 2005 1208 2056; x_wconf 89' lang='lat' dir='ltr'>suarum</span> <span class='ocrx_word' id='word_1_122' title='bbox 1240 1984 1587 2056; x_wconf 90' lang='lat' dir='ltr'>curiarum</span> <span class='ocrx_word' id='word_1_123' title='bbox 1630 1993 1701 2056; x_wconf 91' lang='lat' dir='ltr'>et</span> <span class='ocrx_word' id='word_1_124' title='bbox 1740 1984 2177 2056; x_wconf 85' lang='lat' dir='ltr'>districtuum</span> <span class='ocrx_word' id='word_1_125' title='bbox 2222 1992 2293 2055; x_wconf 91' lang='lat' dir='ltr'>et</span> <span class='ocrx_word' id='word_1_126' title='bbox 2331 1981 2905 2077; x_wconf 85' lang='lat' dir='ltr'>pertinentiarum</span> <span class='ocrx_word' id='word_1_127' title='bbox 2955 1990 3026 2051; x_wconf 92' lang='lat' dir='ltr'>et</span> <span class='ocrx_word' id='word_1_128' title='bbox 3066 1988 3384 2073; x_wconf 89' lang='lat' dir='ltr'>quartam</span> 
     </span>
     <span class='ocr_line' id='line_1_13' title="bbox 556 2106 3381 2202; baseline -0.001 -23"><span class='ocrx_word' id='word_1_129' title='bbox 556 2116 826 2202; x_wconf 91' lang='lat' dir='ltr'>partem</span> <span class='ocrx_word' id='word_1_130' title='bbox 857 2109 1169 2182; x_wconf 92' lang='lat' dir='ltr'>omnium</span> <span class='ocrx_word' id='word_1_131' title='bbox 1202 2108 1661 2200; x_wconf 87' lang='lat' dir='ltr'>edificiorum,</span> <span class='ocrx_word' id='word_1_132' title='bbox 1703 2119 2069 2200; x_wconf 88' lang='lat' dir='ltr'>terrarum,</span> <span class='ocrx_word' id='word_1_133' title='bbox 2111 2108 2662 2182; x_wconf 88' lang='lat' dir='ltr'>domnicatarum</span> <span class='ocrx_word' id='word_1_134' title='bbox 2704 2117 2773 2179; x_wconf 89' lang='lat' dir='ltr'>et</span> <span class='ocrx_word' id='word_1_135' title='bbox 2808 2106 3167 2181; x_wconf 91' lang='lat' dir='ltr'>hominum</span> <span class='ocrx_word' id='word_1_136' title='bbox 3195 2106 3381 2177; x_wconf 80' lang='lat' dir='ltr'>exis-</span> 
     </span>
     <span class='ocr_line' id='line_1_14' title="bbox 558 2230 3382 2328; baseline -0.001 -25"><span class='ocrx_word' id='word_1_137' title='bbox 558 2232 848 2305; x_wconf 89' lang='lat' dir='ltr'>tentium</span> <span class='ocrx_word' id='word_1_138' title='bbox 876 2233 948 2304; x_wconf 91' lang='lat' dir='ltr'>in</span> <span class='ocrx_word' id='word_1_139' title='bbox 978 2233 1143 2328; x_wconf 89' lang='lat' dir='ltr'>ipsis</span> <span class='ocrx_word' id='word_1_140' title='bbox 1173 2234 1378 2326; x_wconf 88' lang='lat' dir='ltr'>locis;</span> <span class='ocrx_word' id='word_1_141' title='bbox 1416 2235 1584 2307; x_wconf 92' lang='lat' dir='ltr'>item</span> <span class='ocrx_word' id='word_1_142' title='bbox 1615 2234 2057 2308; x_wconf 85' lang='lat' dir='ltr'>medietatem</span> <span class='ocrx_word' id='word_1_143' title='bbox 2089 2234 2387 2324; x_wconf 80' lang='lat' dir='ltr'>GironiS,</span> <span class='ocrx_word' id='word_1_144' title='bbox 2423 2233 2654 2323; x_wconf 86' lang='lat' dir='ltr'>castri,</span> <span class='ocrx_word' id='word_1_145' title='bbox 2688 2232 2889 2325; x_wconf 81' lang='lat' dir='ltr'>burgi</span> <span class='ocrx_word' id='word_1_146' title='bbox 2919 2241 2990 2304; x_wconf 91' lang='lat' dir='ltr'>et</span> <span class='ocrx_word' id='word_1_147' title='bbox 3015 2230 3204 2303; x_wconf 91' lang='lat' dir='ltr'>curie</span> <span class='ocrx_word' id='word_1_148' title='bbox 3235 2232 3382 2304; x_wconf 87' lang='lat' dir='ltr'>Mu-</span> 
     </span>
     <span class='ocr_line' id='line_1_15' title="bbox 552 2356 3379 2455; baseline 0.001 -27"><span class='ocrx_word' id='word_1_149' title='bbox 552 2357 768 2430; x_wconf 91' lang='lat' dir='ltr'>tiliani</span> <span class='ocrx_word' id='word_1_150' title='bbox 796 2368 866 2430; x_wconf 89' lang='lat' dir='ltr'>et</span> <span class='ocrx_word' id='word_1_151' title='bbox 892 2359 1044 2450; x_wconf 88' lang='lat' dir='ltr'>ejus</span> <span class='ocrx_word' id='word_1_152' title='bbox 1067 2358 1419 2432; x_wconf 90' lang='lat' dir='ltr'>districtus</span> <span class='ocrx_word' id='word_1_153' title='bbox 1444 2370 1515 2432; x_wconf 90' lang='lat' dir='ltr'>et</span> <span class='ocrx_word' id='word_1_154' title='bbox 1540 2360 2112 2455; x_wconf 88' lang='lat' dir='ltr'>pertinentiarum</span> <span class='ocrx_word' id='word_1_155' title='bbox 2146 2368 2218 2431; x_wconf 88' lang='lat' dir='ltr'>et</span> <span class='ocrx_word' id='word_1_156' title='bbox 2244 2359 2563 2430; x_wconf 88' lang='lat' dir='ltr'>villarum</span> <span class='ocrx_word' id='word_1_157' title='bbox 2582 2358 3154 2452; x_wconf 86' lang='lat' dir='ltr'>subscriptarum,</span> <span class='ocrx_word' id='word_1_158' title='bbox 3182 2356 3379 2430; x_wconf 88' lang='lat' dir='ltr'>vide·</span> 
     </span>
     <span class='ocr_line' id='line_1_16' title="bbox 549 2482 3376 2575; baseline 0 -22"><span class='ocrx_word' id='word_1_159' title='bbox 549 2482 713 2555; x_wconf 89' lang='lat' dir='ltr'>licet</span> <span class='ocrx_word' id='word_1_160' title='bbox 732 2483 965 2555; x_wconf 90' lang='lat' dir='ltr'>Sancti</span> <span class='ocrx_word' id='word_1_161' title='bbox 997 2483 1259 2575; x_wconf 86' lang='lat' dir='ltr'>Sabini,</span> <span class='ocrx_word' id='word_1_162' title='bbox 1278 2484 1576 2558; x_wconf 89' lang='lat' dir='ltr'>Misilioli</span> <span class='ocrx_word' id='word_1_163' title='bbox 1606 2494 1678 2557; x_wconf 89' lang='lat' dir='ltr'>et</span> <span class='ocrx_word' id='word_1_164' title='bbox 1706 2506 1943 2557; x_wconf 89' lang='lat' dir='ltr'>earum</span> <span class='ocrx_word' id='word_1_165' title='bbox 1972 2484 2321 2557; x_wconf 90' lang='lat' dir='ltr'>curiarum</span> <span class='ocrx_word' id='word_1_166' title='bbox 2350 2493 2420 2556; x_wconf 90' lang='lat' dir='ltr'>et</span> <span class='ocrx_word' id='word_1_167' title='bbox 2445 2483 2908 2573; x_wconf 88' lang='lat' dir='ltr'>districtuum,</span> <span class='ocrx_word' id='word_1_168' title='bbox 2931 2482 3376 2554; x_wconf 86' lang='lat' dir='ltr'>medietatem</span> 
     </span>
     <span class='ocr_line' id='line_1_17' title="bbox 549 2606 3372 2704; baseline 0 -26"><span class='ocrx_word' id='word_1_169' title='bbox 549 2606 754 2678; x_wconf 84' lang='lat' dir='ltr'>castri</span> <span class='ocrx_word' id='word_1_170' title='bbox 787 2606 875 2678; x_wconf 91' lang='lat' dir='ltr'>de</span> <span class='ocrx_word' id='word_1_171' title='bbox 907 2607 1208 2680; x_wconf 72' lang='lat' dir='ltr'>Mai-radi</span> <span class='ocrx_word' id='word_1_172' title='bbox 1244 2618 1315 2679; x_wconf 85' lang='lat' dir='ltr'>et</span> <span class='ocrx_word' id='word_1_173' title='bbox 1340 2610 1492 2700; x_wconf 88' lang='lat' dir='ltr'>ejus</span> <span class='ocrx_word' id='word_1_174' title='bbox 1525 2609 1716 2681; x_wconf 90' lang='lat' dir='ltr'>curie</span> <span class='ocrx_word' id='word_1_175' title='bbox 1746 2618 1818 2681; x_wconf 89' lang='lat' dir='ltr'>et</span> <span class='ocrx_word' id='word_1_176' title='bbox 1844 2609 2195 2682; x_wconf 91' lang='lat' dir='ltr'>districtus</span> <span class='ocrx_word' id='word_1_177' title='bbox 2232 2629 2315 2680; x_wconf 92' lang='lat' dir='ltr'>ac</span> <span class='ocrx_word' id='word_1_178' title='bbox 2344 2607 2916 2704; x_wconf 87' lang='lat' dir='ltr'>pertinentiarum</span> <span class='ocrx_word' id='word_1_179' title='bbox 2943 2607 3185 2701; x_wconf 90' lang='lat' dir='ltr'>ipsius,</span> <span class='ocrx_word' id='word_1_180' title='bbox 3222 2628 3372 2679; x_wconf 90' lang='lat' dir='ltr'>me·</span> 
     </span>
     <span class='ocr_line' id='line_1_18' title="bbox 546 2730 3374 2827; baseline 0 -25"><span class='ocrx_word' id='word_1_181' title='bbox 546 2730 878 2803; x_wconf 83' lang='lat' dir='ltr'>dietatem</span> <span class='ocrx_word' id='word_1_182' title='bbox 909 2731 1115 2803; x_wconf 90' lang='lat' dir='ltr'>castri</span> <span class='ocrx_word' id='word_1_183' title='bbox 1140 2733 1535 2806; x_wconf 88' lang='lat' dir='ltr'>Monsatulli</span> <span class='ocrx_word' id='word_1_184' title='bbox 1563 2742 1634 2805; x_wconf 92' lang='lat' dir='ltr'>et</span> <span class='ocrx_word' id='word_1_185' title='bbox 1661 2735 1812 2827; x_wconf 91' lang='lat' dir='ltr'>ejus</span> <span class='ocrx_word' id='word_1_186' title='bbox 1839 2734 2031 2806; x_wconf 90' lang='lat' dir='ltr'>curie</span> <span class='ocrx_word' id='word_1_187' title='bbox 2063 2742 2133 2805; x_wconf 89' lang='lat' dir='ltr'>et</span> <span class='ocrx_word' id='word_1_188' title='bbox 2165 2732 2516 2806; x_wconf 91' lang='lat' dir='ltr'>districtus</span> <span class='ocrx_word' id='word_1_189' title='bbox 2545 2742 2617 2805; x_wconf 92' lang='lat' dir='ltr'>et</span> <span class='ocrx_word' id='word_1_190' title='bbox 2642 2732 3085 2804; x_wconf 87' lang='lat' dir='ltr'>medietatem</span> <span class='ocrx_word' id='word_1_191' title='bbox 3108 2730 3273 2803; x_wconf 82' lang='lat' dir='ltr'>ville</span> <span class='ocrx_word' id='word_1_192' title='bbox 3304 2738 3374 2802; x_wconf 93' lang='lat' dir='ltr'>et</span> 
     </span>
     <span class='ocr_line' id='line_1_19' title="bbox 547 2854 3369 2954; baseline 0.001 -28"><span class='ocrx_word' id='word_1_193' title='bbox 547 2855 824 2928; x_wconf 88' lang='lat' dir='ltr'>abbatie</span> <span class='ocrx_word' id='word_1_194' title='bbox 857 2854 945 2930; x_wconf 89' lang='lat' dir='ltr'>de</span> <span class='ocrx_word' id='word_1_195' title='bbox 973 2855 1267 2931; x_wconf 86' lang='lat' dir='ltr'>Azareto</span> <span class='ocrx_word' id='word_1_196' title='bbox 1301 2867 1372 2931; x_wconf 90' lang='lat' dir='ltr'>et</span> <span class='ocrx_word' id='word_1_197' title='bbox 1403 2859 1553 2952; x_wconf 93' lang='lat' dir='ltr'>ejus</span> <span class='ocrx_word' id='word_1_198' title='bbox 1585 2858 1775 2931; x_wconf 92' lang='lat' dir='ltr'>curie</span> <span class='ocrx_word' id='word_1_199' title='bbox 1808 2867 1878 2931; x_wconf 94' lang='lat' dir='ltr'>et</span> <span class='ocrx_word' id='word_1_200' title='bbox 1911 2856 2262 2931; x_wconf 86' lang='lat' dir='ltr'>districtus</span> <span class='ocrx_word' id='word_1_201' title='bbox 2293 2867 2364 2929; x_wconf 92' lang='lat' dir='ltr'>et</span> <span class='ocrx_word' id='word_1_202' title='bbox 2395 2857 2993 2954; x_wconf 88' lang='lat' dir='ltr'>pertinentiarum,</span> <span class='ocrx_word' id='word_1_203' title='bbox 3032 2856 3369 2928; x_wconf 87' lang='lat' dir='ltr'>medieta-</span> 
     </span>
     <span class='ocr_line' id='line_1_20' title="bbox 548 2982 3369 3079; baseline 0 -27"><span class='ocrx_word' id='word_1_204' title='bbox 548 2990 688 3052; x_wconf 87' lang='lat' dir='ltr'>tem</span> <span class='ocrx_word' id='word_1_205' title='bbox 733 2982 1307 3056; x_wconf 88' lang='lat' dir='ltr'>monasteriorum</span> <span class='ocrx_word' id='word_1_206' title='bbox 1354 2984 1586 3057; x_wconf 88' lang='lat' dir='ltr'>Sancti</span> <span class='ocrx_word' id='word_1_207' title='bbox 1634 2984 2002 3057; x_wconf 87' lang='lat' dir='ltr'>Gaudentii</span> <span class='ocrx_word' id='word_1_208' title='bbox 2039 2982 2135 3079; x_wconf 83' lang='lat' dir='ltr'>(b)</span> <span class='ocrx_word' id='word_1_209' title='bbox 2180 2993 2253 3055; x_wconf 93' lang='lat' dir='ltr'>et</span> <span class='ocrx_word' id='word_1_210' title='bbox 2295 2984 2545 3055; x_wconf 90' lang='lat' dir='ltr'>Sancte</span> <span class='ocrx_word' id='word_1_211' title='bbox 2587 2984 2928 3078; x_wconf 88' lang='lat' dir='ltr'>Reparate</span> <span class='ocrx_word' id='word_1_212' title='bbox 2977 2991 3046 3054; x_wconf 93' lang='lat' dir='ltr'>et</span> <span class='ocrx_word' id='word_1_213' title='bbox 3088 3004 3369 3053; x_wconf 86' lang='lat' dir='ltr'>suarum</span> 
     </span>
     <span class='ocr_line' id='line_1_21' title="bbox 543 3106 3368 3202; baseline 0.001 -25"><span class='ocrx_word' id='word_1_214' title='bbox 543 3106 1109 3200; x_wconf 83' lang='lat' dir='ltr'>pertinentiarum</span> <span class='ocrx_word' id='word_1_215' title='bbox 1123 3160 1142 3198; x_wconf 95' lang='lat'>,</span> <span class='ocrx_word' id='word_1_216' title='bbox 1158 3108 1600 3181; x_wconf 88' lang='lat' dir='ltr'>medietatem</span> <span class='ocrx_word' id='word_1_217' title='bbox 1623 3110 1949 3183; x_wconf 89' lang='lat' dir='ltr'>Vidillani</span> <span class='ocrx_word' id='word_1_218' title='bbox 1978 3120 2048 3182; x_wconf 95' lang='lat' dir='ltr'>et</span> <span class='ocrx_word' id='word_1_219' title='bbox 2068 3109 2257 3181; x_wconf 82' lang='lat' dir='ltr'>feudi</span> <span class='ocrx_word' id='word_1_220' title='bbox 2278 3109 2468 3202; x_wconf 87' lang='lat' dir='ltr'>quod</span> <span class='ocrx_word' id='word_1_221' title='bbox 2490 3109 2621 3181; x_wconf 82' lang='lat' dir='ltr'>fuit</span> <span class='ocrx_word' id='word_1_222' title='bbox 2640 3109 2901 3201; x_wconf 90' lang='lat' dir='ltr'>Ugonis</span> <span class='ocrx_word' id='word_1_223' title='bbox 2921 3108 3009 3180; x_wconf 90' lang='lat' dir='ltr'>de</span> <span class='ocrx_word' id='word_1_224' title='bbox 3024 3108 3368 3181; x_wconf 89' lang='lat' dir='ltr'>Vidillana</span> 
     </span>
     <span class='ocr_line' id='line_1_22' title="bbox 544 3231 3370 3327; baseline 0.002 -27"><span class='ocrx_word' id='word_1_225' title='bbox 544 3238 614 3301; x_wconf 86' lang='lat' dir='ltr'>et</span> <span class='ocrx_word' id='word_1_226' title='bbox 644 3231 1089 3303; x_wconf 89' lang='lat' dir='ltr'>medietatem</span> <span class='ocrx_word' id='word_1_227' title='bbox 1120 3231 1253 3303; x_wconf 92' lang='lat' dir='ltr'>loci</span> <span class='ocrx_word' id='word_1_228' title='bbox 1282 3233 1400 3324; x_wconf 92' lang='lat' dir='ltr'>qui</span> <span class='ocrx_word' id='word_1_229' title='bbox 1424 3232 1678 3305; x_wconf 90' lang='lat' dir='ltr'>dicitur</span> <span class='ocrx_word' id='word_1_230' title='bbox 1701 3234 1912 3305; x_wconf 91' lang='lat' dir='ltr'>Sazus</span> <span class='ocrx_word' id='word_1_231' title='bbox 1938 3234 2057 3305; x_wconf 91' lang='lat' dir='ltr'>ubi</span> <span class='ocrx_word' id='word_1_232' title='bbox 2082 3243 2246 3305; x_wconf 89' lang='lat' dir='ltr'>sunt</span> <span class='ocrx_word' id='word_1_233' title='bbox 2272 3234 2549 3323; x_wconf 82' lang='lat' dir='ltr'>domus,</span> <span class='ocrx_word' id='word_1_234' title='bbox 2572 3234 3052 3306; x_wconf 89' lang='lat' dir='ltr'>molendinum</span> <span class='ocrx_word' id='word_1_235' title='bbox 3081 3244 3153 3306; x_wconf 91' lang='lat' dir='ltr'>et</span> <span class='ocrx_word' id='word_1_236' title='bbox 3176 3235 3370 3327; x_wconf 90' lang='lat' dir='ltr'>gual-</span> 
     </span>
     <span class='ocr_line' id='line_1_23' title="bbox 542 3353 3361 3453; baseline 0.002 -27"><span class='ocrx_word' id='word_1_237' title='bbox 542 3353 776 3427; x_wconf 90' lang='lat' dir='ltr'>cherie</span> <span class='ocrx_word' id='word_1_238' title='bbox 801 3354 1100 3430; x_wconf 88' lang='lat' dir='ltr'>filiorum</span> <span class='ocrx_word' id='word_1_239' title='bbox 1131 3356 1484 3453; x_wconf 87' lang='lat' dir='ltr'>quondam</span> <span class='ocrx_word' id='word_1_240' title='bbox 1511 3358 1841 3448; x_wconf 90' lang='lat' dir='ltr'>Gabrani,</span> <span class='ocrx_word' id='word_1_241' title='bbox 1859 3358 2303 3430; x_wconf 90' lang='lat' dir='ltr'>medietatem</span> <span class='ocrx_word' id='word_1_242' title='bbox 2327 3358 2681 3453; x_wconf 90' lang='lat' dir='ltr'>Cheppani</span> <span class='ocrx_word' id='word_1_243' title='bbox 2709 3369 2778 3430; x_wconf 89' lang='lat' dir='ltr'>et</span> <span class='ocrx_word' id='word_1_244' title='bbox 2807 3361 2957 3451; x_wconf 89' lang='lat' dir='ltr'>ejus</span> <span class='ocrx_word' id='word_1_245' title='bbox 2986 3358 3361 3449; x_wconf 83' lang='lat' dir='ltr'>districtuS,</span> 
     </span>
    </p>

    <p class='ocr_par' dir='ltr' id='par_1_3' title="bbox 542 3480 3366 3702">
     <span class='ocr_line' id='line_1_24' title="bbox 543 3480 3366 3574; baseline 0.001 -23"><span class='ocrx_word' id='word_1_246' title='bbox 543 3480 775 3552; x_wconf 88' lang='lat' dir='ltr'>Sancti</span> <span class='ocrx_word' id='word_1_247' title='bbox 802 3482 1100 3553; x_wconf 87' lang='lat' dir='ltr'>Cassiani</span> <span class='ocrx_word' id='word_1_248' title='bbox 1126 3492 1197 3554; x_wconf 91' lang='lat' dir='ltr'>et</span> <span class='ocrx_word' id='word_1_249' title='bbox 1224 3484 1374 3574; x_wconf 88' lang='lat' dir='ltr'>ejus</span> <span class='ocrx_word' id='word_1_250' title='bbox 1396 3483 1773 3573; x_wconf 83' lang='lat' dir='ltr'>districtuS,</span> <span class='ocrx_word' id='word_1_251' title='bbox 1802 3483 2251 3573; x_wconf 88' lang='lat' dir='ltr'>Petremauri,</span> <span class='ocrx_word' id='word_1_252' title='bbox 2292 3482 2540 3553; x_wconf 88' lang='lat' dir='ltr'>colline</span> <span class='ocrx_word' id='word_1_253' title='bbox 2567 3482 2796 3553; x_wconf 88' lang='lat' dir='ltr'>Sancti</span> <span class='ocrx_word' id='word_1_254' title='bbox 2831 3482 3039 3572; x_wconf 89' lang='lat' dir='ltr'>Illari,</span> <span class='ocrx_word' id='word_1_255' title='bbox 3073 3483 3260 3553; x_wconf 93' lang='lat' dir='ltr'>Palle</span> <span class='ocrx_word' id='word_1_256' title='bbox 3294 3491 3366 3554; x_wconf 91' lang='lat' dir='ltr'>et</span> 
     </span>
     <span class='ocr_line' id='line_1_25' title="bbox 542 3604 3360 3702; baseline 0.001 -28"><span class='ocrx_word' id='word_1_257' title='bbox 542 3624 783 3676; x_wconf 90' lang='lat' dir='ltr'>eorum</span> <span class='ocrx_word' id='word_1_258' title='bbox 811 3606 1188 3697; x_wconf 79' lang='lat' dir='ltr'>districtuS,</span> <span class='ocrx_word' id='word_1_259' title='bbox 1211 3608 1656 3680; x_wconf 87' lang='lat' dir='ltr'>medietatem</span> <span class='ocrx_word' id='word_1_260' title='bbox 1683 3606 1936 3679; x_wconf 84' lang='lat' dir='ltr'>Albani</span> <span class='ocrx_word' id='word_1_261' title='bbox 1964 3618 2033 3679; x_wconf 93' lang='lat' dir='ltr'>et</span> <span class='ocrx_word' id='word_1_262' title='bbox 2057 3606 2439 3701; x_wconf 88' lang='lat' dir='ltr'>Repignani</span> <span class='ocrx_word' id='word_1_263' title='bbox 2460 3615 2529 3677; x_wconf 89' lang='lat' dir='ltr'>et</span> <span class='ocrx_word' id='word_1_264' title='bbox 2557 3605 2842 3700; x_wconf 91' lang='lat' dir='ltr'>Popiani</span> <span class='ocrx_word' id='word_1_265' title='bbox 2865 3604 2959 3702; x_wconf 87' lang='lat' dir='ltr'>(c)</span> <span class='ocrx_word' id='word_1_266' title='bbox 2983 3615 3054 3678; x_wconf 91' lang='lat' dir='ltr'>et</span> <span class='ocrx_word' id='word_1_267' title='bbox 3080 3627 3360 3677; x_wconf 92' lang='lat' dir='ltr'>suarum</span> 
     </span>
    </p>

    <p class='ocr_par' dir='ltr' id='par_1_4' title="bbox 539 3727 3359 3826">
     <span class='ocr_line' id='line_1_26' title="bbox 539 3727 3359 3826; baseline 0.001 -28"><span class='ocrx_word' id='word_1_268' title='bbox 539 3728 888 3802; x_wconf 91' lang='lat' dir='ltr'>curiarum</span> <span class='ocrx_word' id='word_1_269' title='bbox 922 3740 993 3803; x_wconf 90' lang='lat' dir='ltr'>et</span> <span class='ocrx_word' id='word_1_270' title='bbox 1025 3731 1486 3823; x_wconf 90' lang='lat' dir='ltr'>districtuum,</span> <span class='ocrx_word' id='word_1_271' title='bbox 1521 3732 1963 3804; x_wconf 86' lang='lat' dir='ltr'>medietatem</span> <span class='ocrx_word' id='word_1_272' title='bbox 1997 3730 2259 3803; x_wconf 87' lang='lat' dir='ltr'>Linaris</span> <span class='ocrx_word' id='word_1_273' title='bbox 2280 3728 2408 3826; x_wconf 82' lang='lat' dir='ltr'>(d),</span> <span class='ocrx_word' id='word_1_274' title='bbox 2453 3727 2699 3801; x_wconf 90' lang='lat' dir='ltr'>Abbeti</span> <span class='ocrx_word' id='word_1_275' title='bbox 2732 3739 2803 3800; x_wconf 91' lang='lat' dir='ltr'>et</span> <span class='ocrx_word' id='word_1_276' title='bbox 2830 3749 3111 3800; x_wconf 92' lang='lat' dir='ltr'>suarum</span> <span class='ocrx_word' id='word_1_277' title='bbox 3143 3729 3359 3823; x_wconf 90' lang='lat' dir='ltr'>perti-</span> 
     </span>
    </p>

    <p class='ocr_par' dir='ltr' id='par_1_5' title="bbox 539 3852 3357 3948">
     <span class='ocr_line' id='line_1_27' title="bbox 539 3852 3357 3948; baseline 0.001 -27"><span class='ocrx_word' id='word_1_278' title='bbox 539 3852 969 3944; x_wconf 91' lang='lat' dir='ltr'>nentiarum,</span> <span class='ocrx_word' id='word_1_279' title='bbox 1005 3855 1451 3928; x_wconf 88' lang='lat' dir='ltr'>medietatem</span> <span class='ocrx_word' id='word_1_280' title='bbox 1488 3856 1843 3930; x_wconf 90' lang='lat' dir='ltr'>Caminani</span> <span class='ocrx_word' id='word_1_281' title='bbox 1877 3867 1947 3928; x_wconf 89' lang='lat' dir='ltr'>et</span> <span class='ocrx_word' id='word_1_282' title='bbox 1978 3857 2129 3948; x_wconf 88' lang='lat' dir='ltr'>ejus</span> <span class='ocrx_word' id='word_1_283' title='bbox 2169 3855 2555 3945; x_wconf 78' lang='lat' dir='ltr'>districtuS,</span> <span class='ocrx_word' id='word_1_284' title='bbox 2594 3854 3034 3927; x_wconf 88' lang='lat' dir='ltr'>medietatem</span> <span class='ocrx_word' id='word_1_285' title='bbox 3079 3864 3357 3926; x_wconf 89' lang='lat' dir='ltr'>centum</span> 
     </span>
    </p>

    <p class='ocr_par' dir='ltr' id='par_1_6' title="bbox 541 3975 3353 4076">
     <span class='ocr_line' id='line_1_28' title="bbox 541 3975 3353 4076; baseline 0.001 -30"><span class='ocrx_word' id='word_1_286' title='bbox 541 3995 937 4050; x_wconf 87' lang='lat' dir='ltr'>mansorum</span> <span class='ocrx_word' id='word_1_287' title='bbox 959 3978 1049 4051; x_wconf 92' lang='lat' dir='ltr'>de</span> <span class='ocrx_word' id='word_1_288' title='bbox 1078 3987 1261 4052; x_wconf 89' lang='lat' dir='ltr'>terra</span> <span class='ocrx_word' id='word_1_289' title='bbox 1293 4001 1505 4073; x_wconf 88' lang='lat' dir='ltr'>quam</span> <span class='ocrx_word' id='word_1_290' title='bbox 1531 3979 1792 4052; x_wconf 90' lang='lat' dir='ltr'>habent</span> <span class='ocrx_word' id='word_1_291' title='bbox 1817 3978 2131 4053; x_wconf 88' lang='lat' dir='ltr'>Catthani</span> <span class='ocrx_word' id='word_1_292' title='bbox 2165 3978 2254 4051; x_wconf 90' lang='lat' dir='ltr'>de</span> <span class='ocrx_word' id='word_1_293' title='bbox 2286 3977 2589 4052; x_wconf 88' lang='lat' dir='ltr'>Gattaria</span> <span class='ocrx_word' id='word_1_294' title='bbox 2613 3975 2740 4075; x_wconf 85' lang='lat' dir='ltr'>(e),</span> <span class='ocrx_word' id='word_1_295' title='bbox 2770 3977 3353 4076; x_wconf 81' lang='lat' dir='ltr'>castellumvide-</span> 
     </span>
    </p>
   </div>
   <div class='ocr_carea' id='block_1_3' title="bbox 620 4245 1940 4690">
    <p class='ocr_par' dir='ltr' id='par_1_7' title="bbox 621 4245 1470 4328">
     <span class='ocr_line' id='line_1_29' title="bbox 621 4245 1470 4328; baseline 0.004 -20"><span class='ocrx_word' id='word_1_296' title='bbox 621 4245 703 4328; x_wconf 84' lang='lat' dir='ltr'>(a)</span> <span class='ocrx_word' id='word_1_297' title='bbox 747 4248 824 4309; x_wconf 92' lang='lat' dir='ltr'>In</span> <span class='ocrx_word' id='word_1_298' title='bbox 851 4249 1040 4311; x_wconf 81' lang='lat' dir='ltr'>altero</span> <span class='ocrx_word' id='word_1_299' title='bbox 1065 4246 1136 4309; x_wconf 74' lang='lat' dir='ltr'>de</span> <span class='ocrx_word' id='word_1_300' title='bbox 1170 4247 1470 4312; x_wconf 67' lang='lat' dir='ltr'>amostra.</span> 
     </span>
    </p>

    <p class='ocr_par' dir='ltr' id='par_1_8' title="bbox 620 4369 1940 4574">
     <span class='ocr_line' id='line_1_30' title="bbox 620 4369 1940 4451; baseline 0.002 -19"><span class='ocrx_word' id='word_1_301' title='bbox 620 4369 702 4451; x_wconf 78' lang='lat' dir='ltr'>(b)</span> <span class='ocrx_word' id='word_1_302' title='bbox 745 4373 814 4434; x_wconf 87' lang='lat' dir='ltr'>ln</span> <span class='ocrx_word' id='word_1_303' title='bbox 840 4372 1026 4432; x_wconf 83' lang='lat' dir='ltr'>altero</span> <span class='ocrx_word' id='word_1_304' title='bbox 1056 4370 1413 4451; x_wconf 71' lang='lat' dir='ltr'>Gamundii;</span> <span class='ocrx_word' id='word_1_305' title='bbox 1438 4379 1499 4435; x_wconf 87' lang='lat' dir='ltr'>et</span> <span class='ocrx_word' id='word_1_306' title='bbox 1523 4371 1733 4436; x_wconf 68' lang='lat' dir='ltr'>Sancto·</span> <span class='ocrx_word' id='word_1_307' title='bbox 1756 4371 1940 4435; x_wconf 80' lang='lat' dir='ltr'>deest.</span> 
     </span>
     <span class='ocr_line' id='line_1_31' title="bbox 621 4490 1367 4574; baseline 0.004 -21"><span class='ocrx_word' id='word_1_308' title='bbox 621 4492 699 4574; x_wconf 82' lang='lat' dir='ltr'>(c)</span> <span class='ocrx_word' id='word_1_309' title='bbox 739 4496 814 4556; x_wconf 85' lang='lat' dir='ltr'>In</span> <span class='ocrx_word' id='word_1_310' title='bbox 843 4494 1027 4555; x_wconf 71' lang='lat' dir='ltr'>altero</span> <span class='ocrx_word' id='word_1_311' title='bbox 1053 4490 1367 4574; x_wconf 79' lang='lat' dir='ltr'>Populam’.</span> 
     </span>
    </p>

    <p class='ocr_par' dir='ltr' id='par_1_9' title="bbox 623 4608 1337 4690">
     <span class='ocr_line' id='line_1_32' title="bbox 623 4608 1337 4690; baseline 0.006 -19"><span class='ocrx_word' id='word_1_312' title='bbox 623 4608 711 4690; x_wconf 82' lang='lat' dir='ltr'>(d)</span> <span class='ocrx_word' id='word_1_313' title='bbox 753 4612 827 4672; x_wconf 92' lang='lat' dir='ltr'>In</span> <span class='ocrx_word' id='word_1_314' title='bbox 856 4612 1043 4676; x_wconf 83' lang='lat' dir='ltr'>altero</span> <span class='ocrx_word' id='word_1_315' title='bbox 1067 4612 1337 4675; x_wconf 76' lang='lat' dir='ltr'>Lanarti.</span> 
     </span>
    </p>
   </div>
   <div class='ocr_carea' id='block_1_4' title="bbox 621 4728 3030 4914">
    <p class='ocr_par' dir='ltr' id='par_1_10' title="bbox 621 4728 3030 4914">
     <span class='ocr_line' id='line_1_33' title="bbox 621 4728 1335 4810; baseline 0.008 -19"><span class='ocrx_word' id='word_1_316' title='bbox 621 4728 698 4810; x_wconf 78' lang='lat' dir='ltr'>(e)</span> <span class='ocrx_word' id='word_1_317' title='bbox 741 4733 812 4793; x_wconf 90' lang='lat' dir='ltr'>In</span> <span class='ocrx_word' id='word_1_318' title='bbox 840 4732 1026 4795; x_wconf 87' lang='lat' dir='ltr'>altero</span> <span class='ocrx_word' id='word_1_319' title='bbox 1056 4731 1335 4797; x_wconf 74' lang='lat' dir='ltr'>Gattana.</span> 
     </span>
     <span class='ocr_line' id='line_1_34' title="bbox 692 4839 3030 4914; baseline -0.003 -11"><span class='ocrx_word' id='word_1_320' title='bbox 692 4839 798 4903; x_wconf 84' lang='lat' dir='ltr'>VI.</span> <span class='ocrx_word' id='word_1_321' title='bbox 1349 4910 1355 4914; x_wconf 56' lang='grc'><strong>,</strong></span> <span class='ocrx_word' id='word_1_322' title='bbox 2954 4846 3030 4898; x_wconf 79' lang='lat'>66</span> 
     </span>
    </p>
   </div>
  </div>
 </body>
</html>
