4364 5738
570 524 772 582 inum.
810 519 897 594 1.]
1459 507 1853 576 msroam
1903 481 2496 575 mrtom'rch.
3313 502 3396 563 93

2165 790 2577 799 omm-—o
2590 789 2687 798 n-..
2701 789 2715 796 n
2727 789 2960 797 ——0-0

683 1058 1111 1140 Fridericus
1132 1121 1156 1165 ,
1231 1058 1756 1143 Romanorum
1828 1060 2278 1167 imperator,
2359 1057 2620 1139 scribit
2698 1058 3002 1139 cuidam
3074 1058 3235 1168 regi
3318 1083 3401 1140 se

580 1190 961 1274 Othonem
1000 1192 1256 1274 Sancti
1292 1191 1580 1275 Nicolai
1626 1193 1705 1272 in
1743 1218 2042 1274 carcere
2083 1191 2433 1273 Tulliano
2480 1191 2887 1272 diaconum
2933 1189 3399 1272 cardinalem

578 1322 1016 1406 liberavisse
1075 1351 1215 1406 nec
1273 1351 1428 1407 non
1484 1335 1560 1406 et
1616 1324 2054 1433 episcopum
2111 1323 2638 1405 Prenestinum
2662 1384 2684 1428 ,
2747 1322 2922 1404 licet
2990 1322 3401 1431 imperialis

575 1453 890 1537 honoris
942 1455 1426 1538 notissimum
1479 1456 2043 1561 adversarium,
2086 1454 2392 1537 orbitati
2443 1453 2824 1536 Ecclesiae
2877 1456 3403 1563 compatiendo

577 1587 700 1669 cui
775 1600 1025 1696 patres
1097 1615 1234 1697 per
1303 1590 1760 1672 creationem
1833 1589 2008 1671 novi
2091 1587 2468 1697 pontificis
2550 1615 2630 1670 se
2687 1587 3123 1696 provisuros
3204 1615 3399 1697 pro-

580 1721 979 1804 miserunt.

744 1934 949 2011 (Edid.
982 1936 1174 1995 Fam).
1211 1935 1422 2012 Hune,
1459 1931 1605 1996 Call.
1637 1951 1894 1994 monum.
1924 1941 2036 1995 vet.
2071 1941 2127 1994 et
2152 1942 2397 2004 recent„
2423 1942 2468 1994 t.
2504 1936 2555 2005 1,
2587 1936 2704 1993 litt.
2742 1938 2929 2011 princ.
2962 1942 3021 1994 et
3048 1938 3160 1993 vir.
3190 1936 3398 2009 illust„

823 2049 888 2100 η’
907 2040 1130 2112 XXIV,
1152 2058 1212 2116 p.
1238 2049 1534 2100 241-243.
1559 2045 1808 2101 Sensum
1827 2042 2104 2100 mutilum
2130 2057 2204 2100 ex
2225 2041 2592 2116 praecedenti
2614 2040 2966 2100 documento
2986 2042 3398 2119 restituimus.)

675 2228 1099 2319 Fridericus‚
1138 2228 1262 2298 Dei
1297 2228 1520 2319 gratia
1561 2227 2028 2298 Romanorum
2065 2227 2441 2323 imperator
2481 2248 2756 2322 semper
2795 2238 3165 2318 augustuS‚
3207 2231 3401 2301 Jeru-

579 2353 798 2423 salem
851 2360 922 2422 et
955 2352 1182 2423 Sicilie
1225 2372 1391 2441 rex,
1434 2360 1571 2422 etc.
1619 2350 1821 2423 Orbis
1856 2351 2117 2422 orbitas
2168 2363 2239 2422 et
2282 2350 2581 2422 turbatio
2621 2351 2966 2444 generalis
3007 2372 3134 2445 per
3176 2351 3405 2422 vidui-

581 2484 793 2547 tatem
843 2476 1149 2547 Ecclesie
1201 2475 1568 2569 superfuso
1613 2494 1889 2545 veneno
1920 2474 2176 2545 veteris
2226 2475 2568 2569 serpentis
2618 2475 2937 2564 inducta,
2982 2496 3110 2569 per
3149 2475 3402 2546 substi-

583 2600 917 2672 tutionem
965 2599 1216 2670 summi
1261 2596 1606 2699 pontificis
1655 2608 1795 2669 tam
1836 2597 2206 2668 salubriter
2246 2618 2455 2690 quam
2502 2597 2819 2668 celeriter
2862 2596 3251 2668 faciendam
3283 2597 3401 2667 diu

583 2723 898 2817 spiritum
944 2722 1234 2794 anxium
1277 2721 1774 2810 reddiderunt,
1809 2732 1889 2791 ut
1927 2721 2150 2815 ipsam
2193 2742 2319 2816 per
2359 2720 2796 2792 continuatos
2846 2722 3125 2792 nuntios
3167 2731 3401 2793 nostre

581 2846 1005 2920 celsitudinis
1048 2857 1119 2919 et
1155 2848 1551 2943 solempnes
1590 2848 1682 2919 ad
1723 2847 1969 2919 fratres
2004 2846 2357 2918 multoties
2405 2845 2783 2917 destinatos
2822 2866 3195 2940 procurare
3235 2846 3399 2918 soli-

582 2974 715 3046 cite
758 2974 1207 3063 deberemus;
1265 2984 1335 3045 et
1374 2996 1464 3045 ne
1496 2976 1689 3065 justa
1730 2972 2014 3047 daretur¹
2056 2972 2329 3043 occasio
2384 2982 2650 3042 tantum
2698 2972 2957 3044 bonum
3006 2972 3401 3044 volentibus

581 3097 918 3193 impedire
951 3118 1077 3191 per
1105 3096 1578 3168 detentionem
1611 3096 1918 3188 magistri
1953 3095 2225 3166 Ottonis
2257 3095 2529 3166 diaconi
2567 3094 2973 3186 cardinaliS,
3005 3105 3146 3167 tam
3172 3096 3401 3189 ipsum

584 3242 797 3315 quam
866 3220 1038 3292 alios
1103 3219 1408 3292 Ecclesie
1465 3220 1766 3314 prelatos
1817 3218 2145 3291 duximus
2197 3218 2617 3291 liberandOS.
2687 3220 2887 3290 Nunc
2953 3228 3186 3290 autem
3252 3240 3400 3290 rem

580 3366 836 3419 novam
884 3354 955 3415 et
999 3345 1259 3415 nedum
1297 3343 1756 3441 admiratione
1786 3344 1974 3434 justa
2005 3343 2519 3435 dignissimam,
2566 3341 2691 3413 sed
2723 3352 3041 3437 stupore,
3090 3344 3289 3415 vobis
3331 3352 3403 3413 et

584 3468 833 3541 ceteris
884 3481 1062 3551 terre
1119 3465 1544 3560 principibus
1594 3465 1884 3559 epistola
1941 3465 2289 3560 descripta
2343 3465 2653 3536 declarat
2700 3465 2891 3556 quod
2934 3485 3062 3537 nos
3105 3489 3398 3540 venera·

582 3592 793 3662 bilem
836 3592 1239 3686 episcopum
1271 3589 1777 3678 prenestinum,
1813 3588 2188 3683 imperialis
2223 3588 2506 3660 honoris
2538 3597 2609 3659 et
2638 3588 2936 3658 nominis
2968 3589 3398 3660 notissimum

584 3716 1095 3806 adversarium,
1133 3723 1366 3810 preter
1406 3734 1685 3785 omnem
1724 3734 1920 3808 spem
1961 3714 2270 3785 omnium
2316 3714 2544 3785 subito
2590 3712 3025 3785 decrevimus
3063 3710 3341 3782 liberari
3373 3740 3390 3781 ε

585 3842 1023 3912 mirabuntur
1051 3849 1130 3911 ut
1163 3838 1535 3929 credimus,
1562 3838 1912 3932 principes
1938 3838 2247 3911 bellicosi
2277 3839 2407 3909 viri
2436 3840 2682 3926 fortes3
2719 3836 3045 3908 memorie
3074 3836 3397 3906 Cesarum

586 3964 1158 4037 inestimabilibus
1191 3962 1510 4035 decorate
1542 3961 1979 4054 magnalibus
2005 3961 2251 4032 diffuse
2275 3983 2400 4057 per
2427 3961 2641 4032 libros
2670 3968 2942 4030 veteres
2969 3958 3391 4051 aperientur,

569 4091 670 4181 ¹de
708 4090 873 4162 folio
906 4088 978 4160 in
1021 4088 1264 4160 folium
1305 4086 1780 4177 revolventur,
1816 4086 2272 4180 exquirentur
2314 4094 2511 4178 gesta
2562 4081 2927 4174 magnifica
2970 4081 3395 4175 singulorum

583 4235 713 4286 nec
771 4215 844 4284 in
900 4223 1042 4286 tam
1097 4212 1464 4308 desperata
1518 4210 1828 4284 Ecclesie
1875 4210 2150 4284 miseria
2191 4229 2588 4302 comparem
2633 4206 2836 4277 nobis
2871 4206 3177 4278 inveniet
3225 4229 3397 4301 per-

585 4338 895 4429 quisitor.
965 4337 1144 4409 Nam
1200 4335 1329 4408 etsi
1375 4332 1645 4428 leg‘atur
1701 4334 1879 4406 forte
1947 4355 2158 4427 quam
2215 4330 2513 4426 plurium
2583 4330 2970 4426 principum
3041 4333 3413 4404 iracundia-

587 4461 872 4551 nobilis,
927 4464 1115 4533 clara
1167 4461 1533 4534 clementia
1589 4470 1661 4533 et
1713 4458 1998 4530 illustris
2051 4455 2404 4527 humilitas
2467 4476 2763 4546 quorum
2827 4457 3185 4550 prostratis
3233 4456 3394 4527 hos-

565 4585 774 4661 ,tibus
811 4584 1102 4658 dextera
1138 4584 1508 4658 victoriosa
1541 4580 1887 4679 pepercit,
1924 4581 2043 4673 qui
2078 4581 2219 4650 lese
2256 4579 2633 4670 maJestatis
2673 4600 2796 4651 sue
2830 4602 2984 4652 reos
3021 4581 3399 4651 clementer

3546 1069 3738 1126 [sunta]
