4364 5738
682 2627 932 2677 {Februario

692 2681 914 2735 σηπία]

1037 592 1117 654 30
1256 544 1261 549 ’
2030 591 2460 653 nummum
2510 591 2854 653 saeuum
3469 592 3841 671 [Amisa.

1037 727 1479 800 emendatum
1509 727 1833 799 redderet
1867 725 2086 798 filium
2127 736 2201 797 et
2238 723 2381 797 filio
2416 735 2712 821 purgato
2739 725 2954 819 patris
2985 725 3205 819 pietas
3242 725 3674 798 redderetur.
3711 727 3847 799 Ac-

1036 852 1204 924 cidit
1233 861 1465 924 autem
1491 864 1707 923 utres
1736 851 2094 923 manifesta
2129 851 2202 920 in
2235 849 2470 921 seculo
2497 858 2733 943 posset
2756 849 2813 920 si
2842 848 3266 920 dissimulata
3295 850 3510 944 patris
3536 853 3846 943 nequitia

1040 997 1321 1046 manum
1374 984 1445 1045 et
1485 974 1793 1046 animum
1832 973 2134 1067 effugere
2190 971 2588 1062 castigantis
2627 981 3000 1065 possetque
3041 968 3338 1041 filiorum
3385 973 3736 1045 temeritas
3776 973 3847 1044 in

1034 1100 1251 1195 patris
1277 1098 1794 1170 similitudinem
1828 1106 2096 1191 patrata
2130 1103 2334 1190 rupto
2371 1103 2616 1165 nature
2637 1091 2742 1190 (a)
2769 1093 3004 1166 federe
3031 1093 3169 1165 vim
3196 1093 3282 1190 (Ρ)
3309 1095 3585 1166 inferre.
3614 1097 3844 1191 Expe-

1036 1225 1209 1297 divit
1230 1224 1440 1317 igitur
1466 1223 1537 1292 in
1566 1221 1830 1293 mundo
1857 1231 2092 1292 nostra
2113 1218 2623 1291 animadversio
2647 1216 2996 1311 publicata
3019 1227 3101 1288 ut
3124 1219 3526 1312 parentibus
3547 1217 3845 1291 filiorum

1032 1371 1396 1445 processus
1429 1347 1792 1418 accederet
1833 1345 1903 1415 in
1946 1345 2232 1416 tutelam
2265 1352 2335 1414 et
2364 1324 2919 1436 filiis-proficeret
2957 1341 3028 1411 in
3066 1342 3431 1437 exemplis,
3473 1343 3846 1415 Condolete

1035 1476 1269 1566 itaque
1312 1470 1513 1542 nobis
1557 1479 1627 1541 et
1668 1468 1985 1540 lacrimas
2027 1467 2218 1538 fluite
2262 1467 2383 1559 qui
2423 1467 2496 1537 in
2540 1475 2763 1537 morte
2808 1464 3248 1560 primogeniti
3293 1466 3511 1538 nostri
3549 1468 3849 1560 patimur

1037 1605 1448 1690 exasperate
1480 1593 1788 1664 dolorem
1820 1612 2029 1684 quem
2057 1591 2318 1662 funeris
2341 1588 2536 1662 dedit
2560 1588 2931 1682 asperitas,
2963 1597 3044 1660 ut
3065 1590 3387 1681 loquatur
3418 1589 3846 1662 turbatamm

1036 1720 1290 1792 virium
1336 1717 1633 1810 qualitas
1677 1726 1937 1809 quanta
1981 1714 2180 1787 nobis
2227 1712 2599 1785 teneamini
2643 1712 2954 1785 caritate.
2994 1713 3323 1784 Putamus
3381 1712 3568 1784 enim
3614 1714 3840 1807 quod,

1038 1845 1218 1916 sicut
1248 1841 1337 1914 de
1367 1840 1797 1913 successibus
1823 1838 2075 1910 nostris
2106 1838 2289 1910 labia
2319 1846 2550 1909 vestra
2577 1836 2885 1931 aspirant
2910 1835 2981 1906 in
3000 1836 3301 1927 jubilum
3318 1889 3340 1929 ,
3367 1836 3467 1909 sic
3495 1846 3565 1908 et
3589 1837 3847 1910 doloris

1039 1966 1437 2039 amaricatio
1464 1965 1808 2060 pertineat
1831 1963 1920 2035 ad
1950 1964 2356 2052 lamentum,
2375 1969 2447 2033 et
2470 1967 2803 2055 appareat
2828 1959 2899 2030 in
2922 1959 3124 2031 vobis
3149 1959 3360 2031 tristis
3394 1958 3672 2032 devotio
3708 1983 3845 2054 que

1030 2089 1356 2183 Jocundis
1389 2088 1958 2185 prosperitatibus
1987 2085 2358 2158 letabatur.

1144 2611 1593 2714 Fridericus‚
1639 2611 2156 2694 Romanorum
2194 2611 2631 2718 imperator,
2664 2610 3127 2722 Margaretae
3154 2615 3384 2697 nurui
3415 2641 3597 2700 suae
3632 2642 3852 2699 mor-

1040 2758 1191 2829 tem
1230 2744 1527 2827 Henriei
1565 2745 1957 2854 quondam
2007 2743 2208 2854 regis
2243 2744 2759 2827 Romanorum
2791 2744 2928 2826 filii
2985 2747 3100 2829 sui
3149 2748 3490 2856 nuntiat,
3530 2774 3850 2833 monens

1039 2881 1248 2990 quod
1299 2879 1377 2960 in
1432 2877 1735 2961 duobus
1779 2877 1955 2960 filiis
2011 2905 2208 2987 quos
2262 2880 2357 2961 de
2410 2879 2574 2988 ipsa
2625 2879 2932 2989 reliquit
2992 2882 3529 2966 consolationis
3586 2910 3848 2968 reme-

1038 3013 1252 3097 dium
1291 3023 1661 3095 assumat.

1202 3226 1446 3306 (Inedlt.
1478 3243 1551 3286 ex
1588 3226 1721 3286 cod.
1753 3225 1901 3285 Btbl.
1948 3226 2222 3304 Leipzig,
2260 3235 2326 3286 n⁰
2370 3233 2554 3304 1268,
2604 3225 2704 3287 fol.
2752 3233 2819 3285 2¹
2871 3224 2996 3304 (80)
3029 3235 3210 3290 recto.
3241 3261 3323 3273 —
3357 3231 3433 3290 Et
3466 3230 3600 3292 cod.
3630 3231 3846 3310 Bet-ol„

1276 3342 1342 3391 n⁰
1375 3340 1509 3405 188,
1538 3330 1639 3392 fol.
1669 3340 1745 3391 94
1774 3330 1993 3410 verso.)

1133 3519 1297 3591 Erat
1331 3519 1665 3590 hactenus
1703 3517 1775 3587 in
1808 3526 2086 3612 pectore
2120 3527 2409 3612 paterna
2447 3516 2699 3592 fiducia
2741 3520 2799 3591 si
2835 3542 2995 3592 cum
3036 3542 3364 3616 processu
3398 3543 3629 3593 rerum
3661 3523 3848 3597 Hen-

1038 3645 1182 3716 rico
1211 3641 1355 3714 filio
1380 3652 1617 3713 nostro
1647 3641 1798 3713 viro
1832 3651 1952 3712 tuo
1980 3641 2213 3713 debita
2251 3643 2665 3734 recognitio,
2700 3665 2838 3737 que
2870 3646 3198 3717 reformat
3228 3645 3612 3737 hominem,
3647 3647 3852 3719 intel·

1036 3770 1289 3840 lectum
1328 3765 1651 3838 redderet
1688 3774 1758 3836 et
1794 3764 2217 3855 doctrinam,
2250 3766 2429 3860 patri
2471 3764 2687 3838 filium
2729 3778 2800 3839 et
2843 3769 2964 3841 tibi
3006 3771 3373 3862 conjugem
3417 3772 3844 3842 reformaret.

1038 3891 1147 3964 Ad
1198 3892 1399 3983 cujus
1446 3887 1905 3978 evidentiam,
1945 3888 2073 3958 etsi
2118 3887 2392 3981 paterni
2439 3889 2564 3959 zeli
2603 3889 2800 3980 virga
2849 3892 3265 3981 surrexerit,
3306 3893 3419 3963 cui
3448 3893 3505 3964 si
3547 3893 3854 3990 parcitur

1036 4016 1274 4087 odium
1307 4023 1703 4109 reputatur,
1739 4010 2226 4083 nichilominus
2259 4033 2351 4082 ex
2391 4012 2780 4105 provisione
2811 4024 3049 4085 nostra
3091 4015 3417 4110 peticioni
3457 4038 3580 4089 sue
3620 4017 3853 4089 omnia

1035 4138 1500 4232 suppetebant
1531 4147 1603 4208 et
1633 4134 1842 4206 nichil
1877 4134 1968 4207 ad
1986 4135 2167 4204 velle
2194 4134 2433 4206 deerat
2450 4135 2568 4206 ubi
2592 4157 2785 4207 suam
2810 4138 3020 4209 vellet
3051 4159 3490 4234 compescere
3522 4161 3650 4236 pro
3681 4150 3854 4212 tem·

1037 4281 1206 4356 pore
1250 4261 1708 4332 voluntatem.
1752 4259 2049 4349 Tamen,
2081 4258 2258 4330 sicut
2287 4259 2583 4331 Domino
2615 4260 2875 4354 placuit
2905 4261 3024 4333 ubi
3053 4264 3244 4333 nulla
3282 4271 3514 4358 potest
3550 4261 3854 4335 humana

1035 4382 1472 4478 providentia
1500 4403 1873 4477 precavere
1902 4402 2034 4454 nec
2065 4381 2382 4454 adhiberi
2411 4390 2641 4476 potest
2672 4393 2960 4456 conatus
2988 4382 3287 4456 hominis
3319 4396 3562 4457 contra
3589 4388 3849 4479 Deum,

1036 4505 1217 4578 filius
1261 4516 1498 4576 noster
1533 4504 1645 4576 vir
1683 4513 1843 4576 tuus
1879 4506 2278 4577 inevitabile
2319 4505 2537 4577 fatum
2577 4505 2889 4579 incurrit.
2926 4506 3080 4592 Quo
3117 4507 3355 4581 audito
3395 4510 3493 4581 sic
3524 4531 3654 4583 nos
3689 4511 3856 4583 vicit

1116 4680 1199 4761 (a)
1244 4682 1317 4742 In
1343 4680 1544 4741 codice
1568 4680 1762 4741 denno
1787 4696 1930 4742 vere.
1966 4682 2155 4741 Totus
2180 4684 2291 4743 iste
2316 4683 2482 4743 locus
2509 4681 2676 4744 foede
2702 4689 3015 4761 corruptus
3041 4685 3300 4747 videtur.
