4364 5738
1027 549 1154 613 ⁴92
2027 550 2458 615 ruinarum
2498 549 2856 614 sacuam
3468 547 3636 626 [Anu.
3673 546 3848 608 mv.

1036 695 1431 757 nostrorum
1465 683 1782 757 tfidelium
1813 685 2079 760 viribus
2105 688 2536 780 aggregatis,
2565 697 2890 783 potenter
2914 693 2994 756 ot
3017 680 3387 776 magnifica
3418 681 3847 776 processuri,

1032 809 1348 883 fidelitati
1379 820 1494 882 tue
1528 810 1974 906 precipiendo
1997 813 2408 886 mandamus
2424 823 2776 908 quatenus
2798 831 3008 902 quam
3033 808 3401 905 pulc-lamna
3422 808 3522 879 *sit
3542 827 3855 903 pugnare

1033 955 1162 1028 pro
1205 931 1380 1023 fide,
1419 955 1769 1027 quamque
1810 935 2139 1008 decorum
2181 937 2509 1010 dimicare
2554 957 2683 1031 pro
2722 934 3010 1007 domino
3046 931 3417 1024 diligenter
3444 931 3847 1022 attendam,

1034 1056 1248 1128 robur
1279 1069 1350 1128 et
1377 1058 1684 1129 animum
1720 1080 1859 1152 que
1893 1061 1964 1130 in
2005 1071 2072 1132 te
2109 1062 2259 1132 sine
2292 1060 2741 1154 requisitione
2779 1066 3019 1153 parata
3052 1056 3370 1128 invenire
3398 1053 3847 1145 confidimus,

1034 1181 1385 1253 ferventer
1414 1204 1760 1274 assumaS,
1794 1193 1863 1255 et
1898 1206 1988 1255 ne
2019 1185 2334 1256 absentia
2364 1194 2600 1256 nostra
2629 1183 2728 1254 eis
2758 1180 3132 1253 efficatiora
3163 1179 3663 1274 impedimenta
3690 1200 3848 1273 par·

1035 1305 1268 1395 turiat,
1295 1306 1493 1376 sicin
1520 1326 1870 1377 armorum
1905 1317 1978 1378 et
2007 1329 2345 1400 equorum
2376 1329 2537 1379 cum
2568 1306 2891 1379 omnibus
2920 1304 3244 1376 fidelibus
3270 1301 3853 1396 nostrisjurisdio-

1035 1427 1239 1500 tionis
1292 1437 1407 1499 tue
1462 1429 1555 1500 sis
1604 1429 1675 1499 in
1721 1429 2051 1501 continuo
2099 1441 2438 1525 apparatu
2466 1484 2486 1520 ,
2552 1430 2741 1524 quod
2804 1426 3319 1521 magnificentia
3374 1436 3611 1499 nostra
3658 1437 3725 1498 te
3779 1436 3851 1498 et

1033 1550 1278 1624 fideles
1309 1553 1591 1623 eosdem
1624 1563 1902 1647 paratos
1932 1554 2368 1646 inveniente,
2418 1576 2558 1627 non
2590 1553 2980 1648 parandOS,
3023 1562 3093 1624 et
3126 1553 3469 1644 condigne
3503 1571 3850 1623 commen·

1034 1674 1332 1747 dationis
1359 1676 1633 1746 titulum
1656 1687 1887 1749 vestre
1917 1677 2309 1751 devotionis
2332 1679 2724 1750 constantia
2755 1687 3246 1770 consequatur,
3284 1698 3416 1748 nec
3448 1695 3849 1771 processum

1031 1809 1345 1871 nostrum
1375 1809 1619 1872 contra
1663 1801 1959 1873 rebelles
1986 1804 2272 1875 eosdem
2314 1804 2408 1876 ob
2440 1803 2785 1876 defectum
2815 1812 3188 1898 apparatus
3224 1801 3539 1895 ejusdem
3574 1800 3847 1873 contin-

1032 1932 1153 2018 gat
1178 1925 1613 2018 aliquatenus
1643 1925 2005 1998 retardari.

640 2506 946 2607 „ngzffigffi
1135 2501 1531 2606 HenricuS,
1570 2526 1703 2583 rex
1740 2501 2132 2584 Sardiniae
2166 2512 2242 2585 et
2294 2502 2370 2583 in
2426 2502 2641 2584 Italia
2676 2500 2973 2610 legatus
3022 2500 3442 2610 imperialis
3467 2562 3491 2608 ,
3547 2498 3844 2581 investit

1024 2634 1386 2718 Jacobum
1435 2634 1646 2745 Gaya
1689 2645 1767 2717 et
1819 2634 2255 2718 Conradum
2309 2635 2631 2718 Cartana
2676 2635 2776 2717 de
2826 2645 3077 2717 castro
3126 2634 3423 2716 Lancea
3480 2629 3848 2739 (Lauso),-

1024 2794 1202 2851 cum
1255 2766 1755 2877 promissione
1813 2770 2122 2851 eosdem
2191 2767 2648 2851 defendendi
2710 2777 2977 2851 contra
3045 2767 3487 2878 episcopum
3550 2765 3839 2847 Tauri-

1025 2928 1368 2985 nensem.

1188 3111 1310 3189 (Ex
1335 3112 1676 3172 authentico
1704 3114 1769 3171 tu
1794 3108 2022 3172 archiv.
2051 3112 2309 3189 archiep.
2334 3114 2583 3174 Taurin.
2612 3120 2731 3175 cat.
2767 3123 2866 3186 11,
2896 3130 2979 3174 m.
3019 3123 3077 3191 ι,
3106 3122 3173 3173 n⁰
3204 3122 3275 3188 33
3307 3147 3388 3158 —
3414 3113 3563 3173 edit.
3600 3118 3839 3174 curante

1262 3216 1584 3277 Domanico
1609 3217 1869 3296 Promis,
1898 3234 1995 3296 ap.
2025 3218 2179 3279 Hist.
2203 3225 2367 3298 patr.
2398 3238 2680 3295 monum„
2715 3217 2945 3299 chart„
2974 3227 3024 3281 t.
3057 3221 3111 3297 1,
3140 3220 3255 3280 col.
3293 3227 3472 3289 1385,
3510 3219 3715 3299 1886.)

1115 3403 1490 3495 Hem-icus,
1518 3403 1645 3476 Dei
1683 3413 1754 3476 et
1787 3404 2129 3501 imperiali
2172 3406 2395 3498 gratia
2434 3428 2566 3478 rex
2605 3405 2920 3478 Sardinia
2944 3410 2977 3498 ,‘
2995 3406 3177 3477 sacri
3220 3405 3489 3501 imperii
3528 3405 3600 3475 in
3645 3404 3838 3476 ltalia

1021 3530 1316 3621 legatus.
1348 3529 1480 3602 Per
1505 3550 1796 3625 presens
1835 3530 2168 3624 scriptum
2205 3540 2453 3602 notum
2496 3531 2785 3602 facimus
2822 3530 3166 3607 universis
3204 3529 3477 3625 imperii
3518 3527 3839 3601 fidelibus

1020 3663 1162 3726 tam
1195 3654 1636 3748 presentibus
1664 3674 1875 3746 quam
1903 3654 2151 3725 futuris
2178 3654 2370 3747 quod
2397 3654 2660 3726 domini
2691 3654 2897 3727 castri
2922 3655 3167 3727 Lancis
3192 3654 3304 3725 siti
3328 3654 3404 3724 in
3435 3653 3836 3725 'Pam-inensi

1020 3778 1311 3869 diocesi,
1349 3777 1692 3849 mandatis
1732 3786 1803 3849 et
1843 3777 2298 3871 beneplacitis
2329 3777 2584 3850 nostris
2624 3778 2877 3851 devote
2908 3788 3271 3873 parentes,
3308 3777 3832 3870 assignaverunt

1016 3902 1217 3975 nobis
1243 3911 1545 3973 castrum
1577 3900 1970 3995 predictum
2003 3901 2249 3973 Lancis
2276 3923 2435 3973 cum
2460 3902 2797 3974 fortalicia
2824 3912 2895 3974 et
2917 3903 3087 3973 turri
3112 3900 3425 3994 ejusdem
3450 3901 3834 3973 tenendum

1017 4035 1085 4098 et
1127 4024 1657 4097 custodiendum
1687 4046 1819 4119 pro
1851 4024 2043 4096 curia
2084 4020 2421 4120 imperiali
2462 4048 2687 4118 usque
2739 4026 2831 4098 ad
2869 4028 3301 4098 voluntatem
3334 4036 3406 4098 et
3434 4025 3829 4121 beneplaci-

1019 4158 1166 4221 tum
1198 4148 1461 4221 domini
1487 4146 1926 4243 imperatoris
1960 4157 2031 4219 et
2065 4157 2405 4221 nostrum.
2441 4149 2639 4222 Unde
2686 4171 2823 4221 nos
2864 4150 3174 4245 ipsorum
3220 4150 3836 4245 supplicationibus

1016 4282 1402 4345 annuentes
1422 4325 1442 4363 ,
1487 4293 1582 4344 ex
1625 4272 1968 4367 imperiali
2009 4273 2215 4345 nobis
2260 4274 2670 4347 auctoritate
2722 4295 3050 4347 concessa
3066 4328 3086 4366 ,
3138 4274 3472 4346 Iacobum
3523 4274 3714 4369 Gaya
3764 4280 3837 4344 et

1014 4397 1408 4471 Conradum
1441 4397 1733 4469 Cet-tana
1764 4396 2154 4471 de'Lanceo
2185 4399 2597 4494 recipientes
2639 4420 2767 4493 pro
2809 4421 2886 4470 se
2929 4409 3001 4471 et
3039 4399 3192 4471 aliis
3223 4397 3661 4470 consortibus
3688 4395 3835 4466 suis

1013 4520 1293 4594 nomine
1335 4519 1509 4591 recti
1557 4520 1747 4592 feudi
1789 4530 1859 4593 et
1896 4522 2209 4615 gentilis,
2247 4523 2725 4596 investivimus
2777 4522 2867 4595 de
2914 4522 3227 4618 predicto
3272 4530 3538 4612 castre,
3580 4516 3833 4592 confir-

903 4741 910 4747 ,
1014 4656 1284 4720 mantes
1313 4654 1385 4718 et
1410 4644 1874 4718 concedentes
1904 4646 2168 4719 eisdem
2197 4647 2496 4721 dominis
2528 4656 2599 4721 et
2630 4669 2872 4721 eorum
2902 4647 3279 4721 heredibus
3315 4647 3386 4717 in
3416 4644 3837 4734 feudum,ut
