4364 5738
670 508 1000 587 mma]
1559 510 1955 574 msroms
2006 510 2597 575 DIPLOMATICA.
3361 515 3486 580 299

770 642 914 715 Nos
950 643 1187 738 itaque
1230 642 1353 737 qui
1392 641 1603 716 fidem
1646 654 1718 717 et
1755 646 2090 741 obsequia
2131 656 2524 720 nostrorum
2574 646 2965 742 principum
3003 666 3144 717 non
3184 646 3487 742 patimur

677 765 1172 838 irremunerata
1216 766 1545 858 transire,
1572 768 2014 841 attendentes
2046 767 2254 841 fldem
2292 790 2538 865 puram
2570 778 2642 840 et
2672 768 3115 841 devotionem
3146 769 3483 842 sinceram

666 906 881 982 quam
908 890 1262 986 predictus
1288 891 1609 987 princeps
1641 891 1731 964 ad
1765 894 2144 985 maJestatis
2180 900 2415 964 nostre
2446 912 2812 988 personam
2843 901 2917 963 et
2956 909 3229 964 sacrum
3269 892 3485 988 impe-

673 1012 851 1084 rium
880 1011 1115 1105 habet,
1141 1036 1267 1109 pro
1294 1015 1506 1107 gratis
1532 1036 1810 1109 quoque
1843 1016 2138 1087 servitiis
2169 1038 2308 1109 que
2333 1016 2537 1088 uobis
2567 1025 2640 1087 et
2664 1015 2956 1109 imperio
2984 1015 3301 1088 exhibuit
3326 1015 3486 1087 hao-

674 1144 875 1208 tenus
904 1135 1204 1209 fideliter
1233 1147 1303 1209 et
1336 1138 1588 1210 devote
1621 1148 1693 1210 et
1723 1160 1859 1232 que
1891 1138 2224 1211 exhibere
2252 1139 2509 1235 poterit
2545 1139 2621 1210 in
2656 1148 2863 1210 antea
2895 1138 3232 1231 gratiora,
3265 1139 3483 1234 ipsius

673 1258 1288 1353 supplicationibus
1326 1260 1800 1333 favorabiliter
1838 1260 2149 1333 inclinati
2171 1309 2192 1352 ,
2259 1260 2806 1356 suprascriptum
2852 1260 3289 1354 privilegium
3338 1259 3482 1332 divi

668 1383 949 1473 augusti
996 1383 1110 1454 avi
1149 1383 1366 1454 nostri
1412 1383 1706 1477 predicti
1750 1382 1916 1455 huic
1966 1394 2204 1457 nostro
2252 1384 2617 1479 privilegio
2656 1383 2745 1456 de
2793 1384 3013 1455 verbo
3051 1384 3144 1456 ad
3186 1384 3480 1456 verbum

666 1502 879 1576 inseri
897 1506 1265 1597 jussimus,
1295 1506 1530 1577 omnia
1566 1528 1703 1599 que
1738 1507 2184 1579 eontinentur
2215 1508 2291 1580 in
2326 1529 2411 1580 eo
2452 1508 2543 1580 de
2579 1505 2952 1601 imperialis
2984 1506 3480 1601 preeminentie

670 1636 907 1699 nostre
941 1629 1163 1721 gratia
1194 1627 1717 1702 confirmantes.
1753 1630 1971 1723 Igitur
2001 1630 2333 1725 competit
2368 1630 2576 1701 etiam
2609 1639 2846 1702 nostro
2887 1629 3226 1724 imperiali
3256 1630 3482 1726 impe-

673 1749 777 1822 rio
815 1751 1065 1823 illustri
1109 1754 1403 1849 principi
1442 1762 1682 1825 nostro
1721 1754 2103 1848 predilecto
2143 1754 2491 1826 Friderico
2527 1753 2805 1848 speciali
2836 1753 3057 1845 gratia
3086 1754 3474 1845 gratiando.

672 1874 1108 1970 Quapropter
1146 1878 1591 1950 concedimus
1628 1878 1838 1949 etiam
1878 1887 1949 1949 et
1979 1877 2227 1949 damus
2256 1878 2484 1949 eidem
2513 1877 2763 1948 illustri
2793 1876 3087 1971 principi
3113 1876 3274 1949 duci
3298 1876 3480 1950 Aus-

677 1998 805 2069 trie
850 1997 983 2070 hec
1027 2001 1414 2095 subscripta
1464 2001 1558 2072 ad
1616 2000 2013 2071 habendum
2056 2019 2189 2095 pro
2221 2001 2379 2092 jure
2425 2000 2737 2095 plenario
2789 2008 2870 2070 ut
2921 2000 3158 2070 nullus
3195 2018 3480 2071 suorum

671 2120 1050 2193 feudalium
1094 2133 1215 2195 aut
1275 2145 1434 2194 suas
1474 2132 1692 2194 terras
1732 2122 2268 2195 inhabitantium
2319 2124 2433 2194 vel
2494 2121 2993 2217 possidentium
3050 2122 3224 2193 nulli
3282 2124 3482 2194 alteri

671 2244 934 2337 aliquid
959 2245 1137 2337 juris
1164 2246 1484 2338 obediat,
1539 2257 1837 2341 excepto
1872 2246 2278 2340 sibimetipsi
2317 2245 2663 2317 Friderico
2691 2244 2985 2338 principi
3016 2244 3177 2316 duci
3206 2244 3484 2319 Austrie

671 2388 753 2439 ac
786 2390 946 2439 suas
976 2369 1165 2440 vices
1191 2370 1672 2464 supplentibus
1699 2370 1844 2441 sive
1880 2378 2292 2463 potestatem
2316 2366 2755 2440 habentibus.
2791 2368 3245 2440 Concedimus
3276 2370 3486 2440 etiam

670 2502 908 2564 nostro
940 2492 1187 2564 illustri
1222 2493 1516 2588 principi
1550 2493 1708 2564 duci
1743 2492 2019 2564 Austrie
2052 2514 2329 2565 crucem
2365 2492 2581 2563 nostri
2619 2491 3029 2563 diadematis
3063 2512 3189 2563 suo
3219 2492 3481 2587 princi-

671 2615 809 2710 pali
840 2615 1025 2711 pileo
1057 2615 1546 2688 sufferendam.
1585 2616 1923 2688 Volumus
1969 2615 2176 2687 etiam
2209 2625 2290 2686 ut
2320 2614 2546 2687 dictus
2582 2611 2732 2686 dux
2771 2614 3046 2686 Austrie
3085 2615 3316 2688 omnia
3358 2638 3484 2689 sua

671 2735 969 2812 feudalia
996 2737 1141 2812 sive
1159 2740 1318 2832 jura
1345 2735 1719 2811 liberaliter
1749 2735 2076 2835 suscipiat
2104 2734 2382 2810 datione
2412 2734 2559 2809 sine
2591 2735 2804 2810 omni.
2832 2733 3046 2831 Igitur
3069 2734 3225 2829 jura
3253 2736 3484 2811 omnia

674 2863 1050 2959 prescripta
1081 2863 1362 2936 illustris
1404 2863 1553 2937 dux
1596 2863 1871 2937 Austrie
1909 2860 2037 2936 rite
2071 2869 2142 2935 et
2173 2858 2552 2934 liberaliter
2583 2871 2817 2934 tenere
2863 2860 3118 2933 debeat
3148 2856 3219 2932 iu
3253 2863 3478 2934 omni·

668 2989 801 3059 bus
846 2987 988 3059 suis
1031 2988 1230 3088 terris
1280 3010 1453 3081 quas
1485 2990 1634 3080 jam
1684 2983 1992 3082 possidet
2035 2994 2105 3059 et
2145 2986 2218 3057 in
2274 2986 2582 3057 futurum
2641 2981 3046 3081 possidebit.
3097 2985 3474 3059 Statuimus

669 3110 880 3202 igitur
910 3118 982 3181 et
1016 3109 1355 3204 imperiali
1385 3111 1732 3183 sancimus
1762 3111 1989 3183 edicto
2018 3119 2362 3205 quatenus
2391 3110 2625 3180 nullus
2658 3131 2823 3201 rear,
2860 3111 3091 3181 nullus
3126 3110 3470 3202 marchio,

673 3231 904 3302 nullus
945 3248 1212 3321 eom,
1245 3234 1480 3303 nullus
1527 3234 1865 3328 prelatuS‚
1898 3234 2088 3304 nulla
2133 3232 2439 3325 denique
2483 3253 2779 3326 persona
2816 3233 2956 3304 alta
3003 3233 3114 3305 vel
3155 3233 3472 3325 humilis,

671 3353 1134 3426 ecclesiastica
1162 3355 1277 3426 vel
1303 3355 1682 3445 mundana,
1710 3365 1949 3428 contra
1978 3355 2322 3451 presentis
2345 3355 2810 3428 innovationis
2841 3365 2914 3426 et
2935 3353 3479 3430 confirmationis

672 3487 909 3549 nostre
959 3485 1268 3548 tenorem
1308 3476 1546 3549 venire
1587 3484 1965 3573 presumat.
2000 3476 2205 3564 Quod
2243 3473 2363 3572 qui
2402 3475 2899 3573 presumpserit
2932 3474 3477 3570 indignationem

673 3597 887 3671 nostri
912 3597 1229 3671 culminis
1253 3610 1323 3672 et
1341 3622 1589 3695 penam
1615 3583 2159 3672 mille'librarum
2185 3601 2334 3672 auri
2359 3621 2432 3673 se
2458 3600 2732 3672 noverit
2756 3599 3150 3688 incurrisse,
3181 3621 3477 3693 quarum

675 3719 1009 3796 medietas
1048 3745 1321 3795 camere
1355 3719 1673 3821 [nostre]‚
1709 3721 1976 3817 reliqua
2015 3745 2185 3795 vero
2230 3723 2408 3818 parti
2454 3744 2653 3817 passe
2698 3722 3018 3814 injuriam
3058 3721 3467 3819 applicetur.

673 3846 782 3920 Ad
815 3847 1022 3941 hujus
1057 3848 1265 3940 igitur
1294 3848 1757 3920 innovationis
1789 3860 1859 3919 et
1889 3845 2427 3920 confirmationis
2469 3856 2702 3919 nostre
2735 3847 3035 3916 futuram
3071 3847 3471 3920 memoriam

670 3980 746 4043 et
774 3972 989 4043 robur
1020 3981 1357 4066 perpetuo
1384 3972 1790 4062 valiturum,
1824 3990 2108 4065 presens
2142 3969 2582 4065 privilegium
2611 3968 2761 4040 fieri
2795 3978 2866 4040 et
2905 3969 3096 4041 bulla
3121 3987 3334 4041 aurea
3345 3969 3467 4068 (l)

671 4095 940 4189 typario
972 4104 1207 4166 nostre
1238 4095 1614 4187 majestatis
1643 4095 1977 4189 impressa
2002 4093 2335 4187 jussimus
2364 4091 2799 4166 communiri.

741 4422 812 4494 (t)
848 4423 911 4480 In
930 4428 1259 4501 transumpto
1283 4427 1408 4484 anni
1433 4429 1572 4484 ⁴⁴³7
1597 4426 1741 4500 quod
1766 4424 2008 4485 exhibuit
2025 4424 2285 4491 nument,
2315 4422 2448 4479 haec
2469 4437 2633 4480 aurea
2664 4422 2809 4480 bulla
2830 4422 3170 4493 describitur,
3195 4425 3345 4481 velut
3367 4423 3470 4483 filis

667 4517 853 4575 sericis
876 4517 1028 4575 rubri
1054 4522 1246 4579 coloris
1271 4522 1611 4595 impendens3
1637 4521 1793 4580 avelli
1819 4527 1999 4578 tamen
2016 4515 2190 4594 potuit
2211 4535 2277 4576 ex
2302 4516 2467 4576 altero
2489 4517 2761 4593 privilegio
2782 4517 2989 4579 sincoea
3007 4517 3173 4592 bulla,
3192 4537 3328 4594 quae
3346 4521 3472 4578 huic

667 4610 849 4686 spurio
868 4614 1038 4674 fuerit
1058 4616 1246 4676 callide
1271 4619 1502 4694 alligata.
