4364 5738
1101 608 1222 669 384
2094 605 2522 667 ramulum
2570 603 2915 666 SECUNDI
3523 603 3688 682 [Anu.
3731 604 3900 665 1245.

1100 751 1372 814 nostros
1411 763 1454 812 a
1501 741 1710 813 modo
1752 741 1953 812 liceat
1997 741 2253 833 eligere
2298 741 2414 811 vel
2454 739 2872 812 hereditario
2902 740 3062 831 jure
3101 738 3466 811 advocatie
3514 739 3908 811 monasterii

1101 864 1413 956 ejusdem
1462 864 1662 937 nobis
1714 874 1786 935 et
1828 864 2202 936 heredibus
2247 864 2499 935 nostris
2547 871 2883 958 perpetuo
2933 871 3319 951 reservate,
3360 872 3654 956 excepta
3703 863 3905 933 etiam

1101 989 1410 1061 clausula
1461 987 1579 1057 illa
1621 1009 1758 1080 que
1796 987 1962 1058 dicit
1999 1014 2016 1057 ε
2065 989 2149 1057 In
2181 989 2315 1080 fine
2346 986 2625 1058 additur
2664 997 2739 1055 ut
2777 987 2840 1055 si
2879 985 3029 1078 quis
3064 985 3140 1053 in
3173 986 3539 1056 crastinum
3563 986 3904 1078 »archiepi-

1099 1133 1367 1202 scopus,
1409 1120 1564 1199 etc„
1601 1130 1820 1202 usque
1861 1109 1954 1181 ad
1986 1110 2059 1178 in
2091 1120 2391 1178 eoetremo
2441 1108 2755 1178 afflamine
2795 1106 3090 1177 districte
3134 1105 3380 1177 ultioni
3412 1107 3780 1198 suln'aceat,
3819 1108 3904 1180 de

1098 1232 1472 1326 imperialis
1513 1232 2011 1327 preeminentie
2062 1241 2298 1303 nostre
2339 1232 2561 1325 gratia
2605 1228 3118 1302 confirmantes.
3175 1230 3549 1301 statuimus
3593 1230 3803 1322 igitur
3838 1242 3907 1303 et

1098 1355 1437 1451 imperiali
1468 1355 1814 1425 sancimus
1841 1355 2072 1426 edicto
2100 1366 2181 1426 ut
2207 1356 2439 1426 omnia
2476 1376 2614 1448 que
2645 1354 2716 1425 in
2754 1353 3059 1448 presenti
3086 1362 3322 1425 nostro
3348 1353 3710 1448 privilegio
3736 1375 3901 1426 oon-

1101 1481 1442 1568 tinentur,
1494 1477 1724 1548 eidem
1754 1478 1986 1550 abbati
2033 1489 2106 1548 et
2145 1478 2658 1550 successoribus
2701 1479 2851 1569 ejus
2893 1497 3165 1547 necnon
3214 1486 3286 1547 et
3324 1476 3452 1570 ipsi
3492 1479 3905 1552 monasterio

1099 1603 1236 1674 sint
1265 1610 1601 1695 perpetuo
1635 1601 1930 1672 valitura
1950 1653 1970 1689 ,
2007 1600 2388 1673 dummodo
2419 1602 2491 1671 in
2534 1611 2768 1672 nostra
2808 1610 2878 1671 et
2911 1599 3178 1693 imperii
3212 1597 3542 1670 fidelitate
3572 1620 3656 1672 ac
3687 1601 3902 1673 devo·

1101 1727 1286 1799 tione
1320 1727 1766 1820 persistentes
1795 1747 1837 1796 a
1870 1726 2120 1797 nostris
2152 1737 2224 1796 et
2259 1725 2530 1821 imperii
2559 1725 2854 1797 servitiis
2880 1746 3021 1797 non
3057 1724 3419 1815 recedant,
3452 1734 3586 1796 etc.
3625 1723 3802 1821 (sic).

1196 1851 1413 1941 Hujus
1449 1849 1546 1920 rei
1581 1858 1789 1919 testes
1824 1859 1985 1919 sunt
2022 1878 2038 1918 ε
2076 1847 2460 1919 Fridericus
2492 1846 2673 1918 filius
2701 1847 3055 1941 quondam
3081 1848 3378 1919 Heinrici
3411 1848 3695 1920 illustris
3727 1851 3904 1942 regis

1098 1974 1597 2061 Romanorum,
1638 1969 2011 2042 Riccardus
2047 1991 2281 2041 comes
2316 1971 2765 2060 Casertanus,
2801 1969 3174 2041 Pandolsus
3213 1968 3301 2040 de
3333 1970 3721 2061 Fasanella,
3757 1992 3901 2043 ma-

1097 2097 1309 2189 gister
1342 2095 1661 2167 Taddeus
1696 2094 1786 2165 de
1818 2095 2066 2165 Suessa
2109 2114 2359 2186 magne
2397 2094 2768 2187 imperialis
2807 2094 2997 2164 curie
3025 2092 3284 2184 judex,
3314 2093 3555 2164 Petrus
3585 2093 3676 2167 de
3710 2095 3902 2165 Cala-

1095 2219 1274 2307 bria,
1316 2218 1637 2289 Nicolaus
1668 2216 1757 2287 de
1790 2218 2087 2311 Trayna,
2123 2217 2447 2288 Nicolaus
2480 2216 2569 2288 de
2598 2217 2848 2305 Cicala,
2887 2227 2957 2287 et
2983 2217 3096 2287 alii
3124 2217 3592 2311 quamplures.

1195 2343 1478 2433 Signum
1534 2340 1794 2412 domini
1845 2340 2060 2411 nostri
2120 2339 2443 2411 Friderici
2510 2340 2633 2411 Dei
2683 2341 2901 2431 gratia
2970 2339 3395 2411 invictissimi
3439 2340 3897 2412 Romanorum

1098 2464 1527 2559 imperatoris
1559 2484 1833 2556 semper
1860 2461 2161 2553 augusti,
2193 2461 2570 2532 Jerusalem
2605 2471 2674 2532 et
2705 2461 2931 2533 Sicilie
2959 2461 3166 2553 regis.

1192 2587 1364 2658 Acta
1419 2598 1582 2658 sunt
1642 2585 1774 2655 hec
1831 2606 2016 2657 anno
2068 2584 2412 2656 dominice
2470 2584 2957 2656 incarnationis
3009 2584 3370 2657 millesimo
3429 2586 3897 2657 ducentesimo

1097 2710 1628 2805 quadragesimo
1674 2708 1956 2799 quinte,
1999 2728 2236 2778 mense
2280 2706 2704 2795 decembris,
2751 2717 2997 2800 quarte
3044 2706 3472 2798 indictioniS,
3519 2708 3897 2803 imperante

1095 2835 1377 2909 domino
1409 2843 1643 2908 nostro
1686 2831 2030 2904 Friderico
2062 2831 2190 2902 Dei
2222 2831 2443 2924 gratia
2479 2830 2967 2923 gloriosissimo
2992 2831 3457 2903 Romanorum
3485 2830 3894 2926 imperatore

1096 2980 1369 3052 semper
1390 2966 1710 3049 augusto,
1736 2955 2115 3027 Jerusalem
2146 2964 2218 3024 et
2244 2955 2471 3025 Sicilie
2501 2977 2691 3046 rege,
2721 2954 3009 3026 Romani
3039 2955 3305 3049 imperii
3334 2956 3483 3047 ejus
3510 2977 3696 3028 anno
3717 2957 3892 3028 vice-

1098 3083 1270 3153 simo
1303 3089 1526 3170 sexto,
1563 3078 1758 3169 regni
1784 3077 2161 3147 Jerusalem
2189 3077 2516 3148 vicesimo
2548 3077 2854 3149 secundo
2883 3076 3013 3173 (a),
3047 3078 3241 3171 regni
3271 3100 3438 3151 vero
3471 3079 3697 3151 Sicilie
3725 3102 3893 3174 qua-

1097 3202 1484 3294 dragesimo
1514 3200 1834 3293 septimo,
1866 3198 2176 3269 feliciter.
2217 3197 2467 3270 Amen.

1193 3325 1442 3394 Datum
1472 3322 1807 3411 Grosseti,
1844 3342 2064 3411 annu,
2099 3342 2339 3393 mense
2372 3332 2439 3393 et
2474 3322 2847 3393 indictione
2883 3322 3301 3417 prescriptis.

1179 3576 1260 3657 (a)
1304 3577 1543 3637 Numeri
1572 3592 1861 3636 annorum
1897 3578 2214 3652 impertiet
2241 3578 2403 3654 regul
2436 3576 2754 3635 Jerusalem
2792 3577 2944 3636 male
2977 3579 3040 3636 in
3077 3580 3357 3654 impresso
3392 3585 3882 3640 transvertuntur.
