4364 5738
547 566 749 632 mm.
772 564 875 641 .5.]
1432 555 1831 624 umnam
1877 556 2475 626 munumina.
3247 561 3373 626 m

553 709 780 772 temus
822 696 1015 791 quod
1069 693 1432 766 rebellium
1492 693 1800 787 ipsorum
1854 693 2205 767 temeritas
2249 695 2373 788 qui
2420 717 2608 767 nunc
2653 696 2886 768 forsan
2929 695 3020 769 de
3059 698 3375 770 absentia

551 823 964 916 gloriantur,
1007 819 1245 892 divina
1296 816 1496 889 nobis
1530 816 1898 888 assistente
1944 818 2256 912 potentia
2296 839 2435 913 que
2481 819 2658 890 tueri
2701 841 2978 914 semper
3015 822 3379 894 consuevit

553 945 958 1041 imperium,
999 943 1074 1013 in
1125 941 1435 1014 adventu
1467 939 1689 1012 nostri
1725 939 2047 1012 culminis
2081 950 2479 1014 evanescet.
2506 929 2641 1013 'Ad'
2666 933 2799 1014 hec
2833 925 3179 1038 quidquid
3229 966 3377 1016 me-

557 1079 866 1151 moratus
913 1057 1300 1148 Fridericus
1351 1063 1535 1146 filius
1587 1072 1825 1136 noster
1864 1064 2066 1137 vobis
2114 1086 2245 1162 per
2284 1066 2549 1155 litteras
2601 1075 2671 1138 et
2715 1049 2998 1159 nuntios
3046 1089 3142 1162 ex
3179 1077 3379 1164 parte

557 1202 796 1266 nostra
821 1189 1290 1282 mandaverit,
1323 1188 1693 1294 diligenter
1724 1197 1796 1275 et,
1826 1187 2197 1277 efficaciter
2229 1189 2487 1300 exequi
2519 1188 2881 1282 studeatis·

1929 1459 2023 1532 11.

656 1725 664 1730 .
736 1637 923 1726 (Edit.
956 1640 1021 1698 ln
1046 1636 1215 1702 Peto-1·
1237 1633 1309 1695 dc
1344 1635 1478 1705 Vin.
1508 1635 1705 1726 epist„
1736 1635 1840 1706 lib.
1870 1635 1963 1712 11,
1993 1651 2129 1718 cap.
2149 1636 2394 1716 xxm,
2415 1641 2477 1704 st
2500 1653 2600 1726 ap.
2632 1636 2880 1716 spinter,
2909 1636 3140 1717 ,Νοζιζήᾳ
3161 1633 3380 1720 d'iptpr,

815 1743 1004 1821 Tora,
1033 1749 1076 1804 t.
1102 1743 1220 1818 X13
1247 1742 1388 1801 coll.
1420 1757 1557 1810 cum
1585 1743 1764 1814 variis
1789 1740 1943 1816 Bibl,
1973 1740 2168 1816 Cesar,
2200 1743 2390 1819 Paris.
2421 1741 2773 1822 codicibus.)

665 1927 1082 2017 rudericus,
1114 1936 1286 2018 etc.,
1318 1925 1666 1999 Fridcrico
1693 1927 1783 1998 de
1805 1926 2201 2019 Antiochia,
2231 1938 2367 2001 etc.
2397 1929 2561 2001 Sine
2588 1929 2976 2000 litterarum
3000 1927 3395 2001 nostrarum

570 2053 846 2127 indiciis
867 2054 981 2124 vel
1006 2051 1570 2146 expressionibus
1596 2050 2010 2123 nunciorum
2043 2060 2163 2123 tue
2186 2050 2579 2124 devotionis
2599 2052 3010 2124 industriam
3034 2051 3211 2124 scire
3238 2073 3401 2124 oon-

574 2177 853 2251 fidimus
885 2184 1226 2270 quantum
1253 2198 1347 2246 cx
1378 2183 1605 2246 castro
1633 2183 1706 2248 et
1734 2173 1901 2246 villa
1909 2227 2161 2247 .....
2182 2174 2355 2246 dum
2384 2175 2458 2246 in
2486 2174 2626 2247 fide
2656 2184 2892 2248 nostra
2920 2175 3396 2270 persisterent,

576 2300 833 2375 nostris
857 2309 1093 2395 posset
1119 2297 1428 2390 negociis
1455 2297 1685 2370 afferri
1713 2297 2234 2393 compendium,
2260 2309 2737 2393 quantumque
2766 2320 2893 2394 per
2918 2275 3032 2389 ea,
3057 2299 3115 2370 si
3142 2297 3214 2370 in
3248 2320 3405 2394 par-

582 2435 725 2498 tem
755 2423 1174 2496 contrariam
1207 2422 1575 2512 cederent,
1612 2443 1828 2514 grave
1859 2407 1950 2495 de
1983 2422 2170 2493 facili
2202 2421 2643 2518 dispendium
2679 2424 3075 2515 timeretur3
3106 2424 3301 2496 velut
3326 2422 3406 2496 in

577 2549 779 2641 cujus
805 2547 1071 2640 gremio
1096 2567 1138 2617 a
1159 2544 1363 2617 nobis
1391 2545 1462 2615 in
1490 2545 1866 2637 Liguriam,
1885 2545 2061 2618 etad
2090 2567 2221 2619 nos
2248 2547 2504 2620 abinde
2533 2547 2864 2643 precipuo
2890 2568 3015 2619 seu
3042 2546 3401 2640 singulari,

581 2672 756 2768 quin
806 2671 1035 2766 potius
1075 2668 1469 2741 necessario
1515 2668 1808 2740 transitu
1849 2678 2257 2741 remanente
2272 2723 2293 2762 ,
2332 2679 2661 2765 tanquam
2718 2668 3200 2743 deficientibus
3256 2667 3409 2741 aliis

581 2795 856 2869 viarum
884 2792 1244 2890 passagiis,
1278 2792 1448 2865 inde
1477 2791 1568 2864 sit
1592 2790 1801 2864 unica
1825 2792 2041 2865 clav-is
2073 2801 2145 2864 et
2170 2793 2384 2886 janua
2410 2815 2551 2888 que
2576 2793 2778 2867 nobis
2803 2793 3196 2889 nostrisque
3229 2814 3413 2866 rese-

585 2936 744 2991 rare
769 2927 1002 3013 potest
1031 2926 1104 2987 et
1131 2916 1459 2988 claudere
1491 2916 1859 2988 transitum
1882 2925 1956 2988 et
1979 2938 2399 3010 regressum.
2430 2918 2601 2992 Cum
2627 2918 2842 3011 igitur
2860 2896 3032 2991 =villa
3058 2919 3207 3014 ipsa
3235 2918 3413 2991 sicut

585 3063 816 3137 nuper
845 3041 1276 3136 accepimus,
1307 3062 1358 3112 a
1398 3039 1563 3112 fidei
1597 3050 1836 3114 nostre
1869 3041 2136 3114 semitis
2173 3041 2535 3135 deviante,
2577 3052 2880 3115 castrum
2913 3041 3304 3137 predictum
3335 3040 3413 3113 in

587 3175 830 3239 nostra
859 3165 1233 3237 devotione
1263 3163 1565 3235 fideliter
1595 3174 2032 3259 perseveret,
2062 3163 2471 3239 fidelitatem
2506 3177 2696 3239 tuam
2732 3166 3184 3259 requirimus,
3218 3187 3416 3240 man-

594 3291 843 3363 dantes
899 3310 1229 3384 expresse
1288 3297 1634 3379 quatenus
1702 3288 2018 3379 ejusdem
2087 3290 2361 3382 negocii
2430 3291 2983 3362 circumstantias
3048 3289 3419 3382 diligenter

589 3413 998 3504 ‘advertenffi
1028 3411 1262 3483 statim
1292 3409 1381 3482 de
1410 3410 1700 3482 consilio
1732 3409 2041 3482 fidelium
2072 3421 2470 3484 nostrorum
2500 3411 2832 3501 Thuscie,
2867 3433 3166 3504 quorum
3197 3412 3418 3504 magis

499 3540 504 3545 “
592 3537 855 3610 videris
882 3534 1248 3630 expedire,
1288 3534 1440 3607 vias
1473 3544 1542 3606 et
1576 3532 1821 3606 modos
1848 3555 2184 3629 operosus
2215 3534 2573 3627 excogites
2609 3534 2908 3627 qualiter
2935 3534 3027 3606 ad
3055 3555 3421 3629 recupera-

593 3657 863 3732 tionem
908 3658 1075 3730 ville
1118 3656 1335 3752 ipsius
1353 3710 1372 3747 ,
1411 3677 1495 3728 ac
1544 3655 1897 3728 efficacem
1940 3655 2418 3729 defensionem
2464 3666 2535 3729 et
2574 3656 3172 3729 conservationem
3213 3656 3423 3729 castri

593 3781 852 3878 prefati
881 3780 1274 3872 aggregatis
1304 3779 1583 3850 auxiliis
1609 3779 1931 3853 celeriter
1954 3790 2435 3872 succurratur3
2469 3779 2879 3852 inducturus
2910 3778 3002 3851 ad
3031 3779 3166 3851 hoc
3197 3777 3425 3852 effica-

596 3906 778 3980 citer
806 3904 1204 3979 communia
1230 3903 1532 3995 regionis
1575 3902 1824 3999 ipsius,
1873 3912 1946 3977 et
1974 3925 2351 3977 commune¹
2375 3905 2671 3977 civitatis
2678 3956 3008 3976 ......
3049 3904 3378 4009 precipue
3395 3958 3417 3996 ‚

605 4029 895 4102 utsicut
935 4048 1250 4121 unquam
1298 4026 1698 4100 desiderant
1728 4026 1800 4099 in
1839 4027 2153 4122 personis
2185 4037 2255 4100 et
2285 4029 2493 4100 rebus
2525 4049 2607 4100 ac
2634 4027 3252 4124 supplicationibus
3284 4011 3428 4101 suis

607 4174 842 4225 coram
879 4151 1078 4223 nobis
1121 4151 1431 4223 favorem
1479 4160 1550 4221 et
1587 4150 1882 4242 gratiam
1923 4151 2235 4222 invenire
2257 4203 2277 4241 ,
2326 4152 2557 4224 statim
2609 4151 2794 4223 circa
2831 4152 3427 4246 recuperationem

612 4275 927 4368 ejusdem
949 4274 1142 4364 ville,
1167 4274 1528 4346 tuitionem
1556 4273 1790 4364 castri,
1816 4285 1886 4344 et
1913 4270 2465 4368 pacificationem
2493 4283 2737 4365 strate,
2769 4295 2851 4345 ac
2877 4273 3258 4369 provincie.
3296 4327 3315 4347 .
3351 4328 3370 4347 .
3405 4327 3424 4346 .

613 4406 936 4493 potenter
968 4406 1039 4468 et
1068 4397 1359 4469 viriliter
1390 4395 1868 4487 intendenteS,
1902 4394 2114 4468 fidem
2145 4418 2357 4491 quam
2389 4396 2482 4468 ad
2513 4417 2641 4468 nos
2673 4406 2745 4471 et
2775 4397 3141 4492 imperium
3173 4398 3433 4471 habere

603 4529 943 4601 (tenentur
969 4541 1068 4590 ex
1094 4519 1358 4609 debito,
1375 4528 1450 4591 et
1475 4502 2318 4615 eos-semperpnomptam
2342 4518 2707 4614 ‘hucusque
2728 4519 3430 4612 novimus=habuisse‚

603 4665 746 4738 (per
777 4643 1153 4717 efficaciam
1181 4642 1411 4737 operis
1436 4644 1809 4717 fateantur.
