4364 5738
549 611 750 670 mm.
783 606 878 684 4.]
1448 602 1850 665 msroma
1897 599 2492 664 eumcum-ica,
2771 587 2782 591 ’
3258 605 3380 669 399

549 742 752 815 matri
780 749 1003 813 morte
1029 739 1286 813 debeat
1306 738 1481 811 mori
1506 738 1811 831 legitima
1842 748 1914 809 et
1937 758 2050 809 res
2072 748 2315 810 contra
2333 746 2654 809 naturam
2675 738 2765 811 sit
2781 739 3140 830 insurgere
3159 738 3377 813 filium

547 867 621 938 in
661 875 1062 961 parentem,
1093 862 1341 937 merito
1382 863 1456 933 in
1503 862 1922 955 degenerem
1967 862 2089 955 qui
2129 883 2273 933 non
2318 871 2425 933 est
2474 862 2727 956 dignus
2767 863 3050 936 nomine
3092 861 3215 936 filii
3253 865 3380 938 sed

549 989 874 1083 privigni,
910 989 1003 1061 ob
1036 996 1308 1059 reatum
1340 1007 1545 1058 suum
1575 996 1889 1058 materna
1916 985 2405 1058 benedictione
2437 986 2813 1081 privatum,
2840 985 3102 1058 nedum
3129 988 3221 1061 ad
3251 989 3380 1061 de-

546 1113 960 1203 fensionem,
988 1111 1116 1184 sed
1138 1112 1349 1183 etiam
1377 1110 1470 1182 ad
1490 1109 1912 1182 vindicanda
1935 1109 2152 1205 ipsius
2169 1110 2545 1206 opprobria
2570 1110 2853 1181 armatis
2875 1110 3140 1182 viribus
3162 1112 3378 1184 debe-

551 1237 637 1307 tis
671 1237 1034 1327 insurgere
1054 1288 1072 1324 ,
1113 1244 1185 1307 et
1210 1244 1551 1327 quantum
1579 1233 1651 1304 in
1681 1235 1834 1325 ejus
1872 1234 2134 1306 lesione
2170 1232 2557 1325 gravemini
2588 1232 2957 1305 ostendere
2990 1233 3221 1328 operis
3252 1255 3380 1329 per

547 1359 894 1449 effectum,
917 1358 976 1429 si
990 1357 1449 1429 hereditatem
1467 1356 1595 1428 Dei
1617 1355 1918 1428 viventis
1939 1378 2068 1451 per
2088 1354 2431 1427 Christum
2459 1364 2530 1426 et
2542 1355 2920 1426 Ecclesiam
2944 1356 3194 1450 cupitis
3221 1358 3374 1430 adi-

547 1465 745 1576 pisci.
782 1477 921 1553 Sed
955 1479 1490 1551 christianorum
1526 1480 1646 1573 qui
1673 1481 1764 1551 ab
1796 1479 1948 1574 ipso
1975 1479 2289 1575 oppressi
2318 1491 2483 1551 sunt
2515 1488 2587 1551 et
2624 1479 2933 1571 quotidie
2966 1480 3373 1575 opprimun-

550 1616 663 1678 tur
705 1604 1013 1677 indebite
1049 1604 1244 1675 velut
1275 1603 1705 1698 compatiens
1734 1603 2160 1693 miseratriX,
2195 1612 2298 1675 tot
2328 1613 2401 1675 et
2432 1613 2657 1675 tantas
2691 1626 3051 1699 pressuras
3083 1605 3378 1677 sustinet

549 1736 619 1798 et
651 1725 1047 1799 discrimina
1080 1728 1341 1822 patitur
1370 1749 1413 1798 a
1445 1737 1768 1823 tyrann0,
1802 1727 1968 1800 dum
1999 1737 2242 1799 contra
2284 1728 2635 1820 subjectos
2666 1727 2917 1820 injurie
2950 1749 3033 1799 ac
3059 1728 3374 1802 afflictio-

550 1875 678 1924 nes
705 1852 1067 1923 innumere
1101 1851 1531 1923 humanitate
1562 1852 1893 1946 propulsa
1923 1853 2157 1922 locum
2186 1851 2316 1922 sibi
2347 1851 2877 1923 vendicaverint
2906 1851 2977 1921 in
3012 1852 3370 1942 eumdem,

547 1977 840 2048 veritate
868 1996 952 2047 ac
963 1975 1228 2067 justitia
1259 1996 1473 2070 penes
1502 1997 1663 2046 eum
1676 1975 1880 2066 juxta
1912 1975 2154 2046 mundi
2186 1975 2513 2046 terminos
2529 1975 2973 2069 propulsatis·
3006 1977 3380 2048 Hortamur

548 2101 784 2195 itaque
828 2121 955 2171 vos
981 2099 1228 2169 fratres
1266 2107 1336 2170 et
1370 2096 1468 2169 fili
1502 2108 1573 2170 et
1600 2098 1671 2168 in
1702 2099 1861 2169 Jesu
1895 2097 2163 2169 Christo
2196 2097 2318 2190 qui
2349 2119 2477 2192 pro
2510 2098 2731 2168 salute
2762 2098 3074 2169 omnium
3104 2098 3193 2170 de
3224 2100 3375 2171 sinu

551 2224 766 2319 patris
815 2222 1249 2295 descendens
1291 2222 1515 2293 crucis
1559 2221 1885 2314 dignatus
1924 2230 2031 2292 est
2062 2219 2297 2293 subire
2329 2221 2715 2316 patibulum
2768 2231 2840 2292 et
2878 2244 3007 2316 pro
3049 2223 3374 2318 redemp-

555 2349 740 2421 tione
776 2356 1011 2419 nostra
1052 2367 1253 2417 suum
1294 2344 1585 2417 fundere
1625 2344 2033 2436 sanguinem
2083 2345 2474 2439 preciosum
2497 2398 2516 2433 ‚
2548 2345 2880 2416 attentius
2923 2345 3381 2441 deprecamur

551 2483 897 2566 quatenus
936 2479 1177 2544 contra
1219 2470 1603 2564 predictum
1642 2469 1769 2541 Dei
1813 2478 1884 2540 et
1921 2468 2282 2541 hominum
2327 2468 2680 2540 inimicum
2727 2469 2847 2561 qui
2894 2477 3226 2562 tanquam
3267 2471 3378 2543 leo

551 2597 831 2690 rugiens
860 2593 1236 2666 ferocitatis
1268 2593 1585 2674 devictus
1616 2593 1835 2683 rabie,
1864 2593 2346 2664 incunctanter
2375 2593 2605 2686 querit
2634 2615 2842 2686 quem
2876 2592 3188 2664 destruat
3224 2595 3378 2687 qui-

550 2742 688 2813 que
718 2741 860 2793 non
893 2718 1201 2789 misereri
1235 2716 1481 2807 elegit,
1524 2714 1651 2787 sed
1682 2715 1925 2806 irasci,
1964 2726 2035 2787 et
2071 2717 2366 2787 multum
2399 2716 2472 2786 in
2512 2715 2902 2810 perditione
2937 2717 3374 2787 morientium

552 2843 964 2932 delectatur,
1003 2842 1074 2913 in
1118 2840 1489 2915 devotione
1539 2848 1938 2912 constantes
1992 2859 2075 2911 ac
2123 2839 2339 2911 fortes
2383 2839 2454 2910 in
2508 2837 2646 2911 fide
2699 2848 3059 2912 manentes
3108 2849 3376 2913 mentes

551 2988 936 3060 manusque
965 2966 1220 3039 tollatis
1244 2986 1374 3039 nec
1403 2985 1546 3035 non
1578 2964 1649 3033 in
1670 2985 1829 3035 eum
1864 2964 2063 3055 cujus
2086 2985 2334 3035 manus
2366 2973 2529 3035 sunt
2561 2973 2798 3035 contra
2832 2986 3097 3053 omneS,
3132 2964 3223 3036 ad
3248 2965 3374 3037 de·

553 3091 935 3161 fensionem
991 3089 1297 3161 Ecclesie
1349 3109 1477 3183 pro
1535 3088 2013 3182 redemptione
2068 3088 2378 3160 omnium
2434 3089 2894 3183 redemptoris
2956 3089 3377 3160 unanimiter

550 3234 745 3284 arma
773 3222 1152 3302 sumenteS,
1172 3210 1385 3283 fidem
1414 3220 1717 3283 vestram
1751 3213 2079 3307 operibus
2099 3213 2365 3304 justitie
2394 3213 2761 3302 roborem,
2783 3222 2865 3284 ut
2889 3213 3277 3285 devotionis
3307 3222 3378 3285 et

549 3334 712 3408 fidei
749 3345 977 3407 vestre
1008 3336 1283 3407 fervore
1315 3335 1605 3406 accincti
1641 3332 1783 3427 (sic)
1822 3344 2118 3423 attentO,
2148 3336 2713 3427 tranquillitatem
2749 3337 3008 3408 tribuat
3039 3337 3375 3408 Dominus

551 3480 804 3555 sponse
858 3480 982 3530 sue
1029 3468 1100 3533 et
1146 3467 1305 3553 post
1352 3458 1696 3554 presentis
1740 3457 1884 3528 vite
1938 3458 2281 3530 curricula
2330 3457 2404 3529 in
2460 3469 2698 3530 eterna
2752 3460 3197 3531 tabernacula
3245 3481 3373 3531 vos

550 3584 897 3657 admittat.

657 4042 773 4147 [In
809 4040 1198 4152 quindena
1231 4039 1584 4145 Paschae]
1622 4038 1776 4149 (1),
1819 4065 1952 4121 rex
1987 4038 2456 4123 Francorum
2501 4049 2752 4148 partes
2790 4063 2968 4120 suas
3025 4038 3372 4148 interpo-

550 4199 740 4255 nens
775 4198 1055 4282 papam
1094 4174 1280 4255 adiit
1287 4230 1661 4254 .....
1703 4172 1848 4280 ipsi
1878 4172 2311 4255 adventanti
2340 4154 2583 4281 usque
2614 4170 3057 4252 Cluniacum
3085 4197 3370 4255 occur-

552 4316 882 4413 rentem,
925 4317 1331 4388 tractatum
1369 4330 1597 4412 super
1631 4304 1778 4386 hoc
1812 4304 2216 4387 habiturus
2254 4305 2317 4384 si
2366 4330 2519 4413 qua
2566 4303 2772 4412 pacis
2825 4303 3071 4386 forma
3120 4316 3374 4414 posset

550 4440 898 4521 inveniri.
946 4440 1244 4526 Obtulit
1280 4450 1534 4522 autem
1583 4440 2008 4521 Fridericus
2060 4449 2146 4520 ut
2204 4439 2282 4518 in
2331 4438 2640 4521 Terram
2681 4437 3039 4522 Sanctam
3095 4440 3374 4523 irredi-

624 4701 695 4774 (4)
730 4700 947 4760 Scilicet
975 4703 1118 4760 circa
1146 4704 1395 4777 quintum
1421 4710 1478 4761 et
1502 4704 1769 4761 decimum
1792 4703 1934 4760 diem
1962 4702 2147 4777 aprilis
2173 4703 2229 4759 in
2254 4702 2360 4762 hoc
2387 4718 2530 4761 anno
2560 4705 2721 4762 ⁴2⁴6.
