4364 5738
562 582 765 641 mm.
798 574 931 658 ιε]
1454 571 1850 633 ms’roau
1898 568 2492 631 manusueti.
3303 569 3391 631 *39

564 714 666 786 rei
711 709 1120 783 memoriam
1167 719 1239 781 et
1288 708 1604 781 stabilem
1648 706 2077 795 firmitatem,
2112 694 2401 800 presens
2433 704 2764 799 scriptum
2805 702 2960 775 fieri
3006 714 3078 775 et
3129 706 3385 796 majes-

566 838 725 909 tatis
754 843 990 906 nostre
1020 832 1249 923 sigillo
1282 832 1615 923 jussimus
1643 830 2079 902 communiri.

660 961 918 1031 Datum
962 955 1297 1049 Neapoli,
1348 976 1533 1026 anno
1572 953 1919 1025 dominice
1965 951 2458 1023 incarnationis
2491 949 2866 1022 millesimo
2908 949 3382 1021 ducentesimo

565 1079 1097 1177 quadragesimo
1127 1079 1465 1168 secundo,
1502 1098 1741 1148 mense
1764 1076 2036 1172 aprilis,
2067 1074 2582 1169 quintodecimo
2611 1073 3028 1146 indictionis.

677 1651 1142 1759 Fridericus,
1211 1652 1740 1735 Romanorum
1815 1653 2256 1760 imperator,
2315 1652 2745 1737 Mantuanis
2815 1651 3076 1734 scribit
3145 1678 3228 1737 se
3281 1656 3389 1735 ad

572 1784 1014 1867 electionem
1068 1785 1243 1868 novi
1283 1782 1665 1893 pontificis
1708 1784 1915 1869 velut
1969 1786 2070 1867 ad
2124 1784 2621 1893 praecipuum
2675 1785 3068 1894 negotium
3116 1785 3387 1868 inten-

570 1926 739 1999 atum
757 1978 783 2022 ,
828 1918 1243 1999 adventum
1313 1942 1540 1999 suum
1594 1918 1696 1999 ad
1748 1918 2090 2025 ipsorum
2144 1928 2400 2024 partes
2465 1916 2800 2020 differre,
2861 1917 3105 1999 filium
3157 1943 3389 2000 snum

576 2049 981 2132 Henricum
1034 2050 1115 2131 in
1148 2049 1368 2132 Italia
1409 2050 1751 2159 legatum
1798 2075 1986 2131 cum
2034 2048 2313 2132 militia
2358 2050 2460 2131 ad
2503 2075 2641 2132 eos
2689 2050 3221 2157 praemittens,
3259 2051 3390 2133 eui

576 2192 941 2292 tanquam
981 2207 1353 2291 personae
1388 2208 1581 2265 snae
1622 2181 2013 2264 intendere
2040 2163 2474 2263 studeant.'

728 2418 983 2500 (laedit.
1005 2438 1087 2482 ex
1116 2421 1382 2482 chartiil.
1408 2421 1737 2481 Mantuano
1764 2421 1946 2481 seculi
1972 2437 2092 2480 1111
2119 2422 2182 2479 in
2210 2420 2451 2479 archivo
2479 2421 3044 2498 emolliamus,
3073 2417 3255 2498 hujus
3283 2394 3396 2482 do·

814 2532 1073 2589 cumenti
1112 2529 1268 2589 lectu
1293 2526 1627 2587 difficillimi
1662 2527 1835 2586 solita
1869 2543 1978 2587 sua
2016 2526 2373 2586 liberalitate
2408 2528 2633 2603 copiam
2669 2526 2846 2587 nobis
2887 2526 3028 2586 fecit
3071 2529 3164 2587 vir
3199 2527 3399 2588 clarus

822 2634 927 2697 Fr.
958 2635 1295 2710 Boe'bmer.)

669 2847 1085 2939 fridericuS,
1113 2847 1246 2920 ‘Dei
1278 2846 1512 2941 gracia
1537 2846 2011 2920 'Romanorum
2047 2847 2449 2942 imperator,
2481 2867 2755 2942 semper
2792 2861 3161 2941 augustuS,
3196 2849 3393 2922 Ieru-

580 2974 794 3045 salem
823 2983 895 3045 et
922 2972 1156 3044 Sicilie
1192 2994 1348 3063 rex,
1379 2972 1729 3068 potestati,
1769 2970 2059 3044 consilio
2092 2972 2356 3064 totique
2375 2967 2866 3069 [universitati]
2885 2974 3193 3065 Mantue,
3220 2969 3392 3047 fide-

578 3095 761 3166 libus
820 3094 970 3166 suis
992 3146 1012 3184 ,
1077 3094 1381 3186 graciam
1448 3115 1648 3165 suam
1725 3103 1794 3165 et
1847 3094 2106 3166 bonam
2159 3096 2619 3166 voluntatem.
2672 3094 2842 3167 Cum
2906 3096 3089 3168 circa
3143 3106 3399 3168 statum

581 3218 774 3290 italie
820 3218 1213 3290 sollicitudo
1244 3226 1480 3290 nostra
1512 3217 1795 3313 speciali
1828 3238 1994 3290 cura
2033 3226 2376 3309 versetur,
2419 3219 2949 3312 procurantibus
2988 3219 3189 3291 nobis
3220 3221 3400 3291 utin

582 3340 1064 3413 Lombardiam
1114 3340 1462 3435 presentis
1521 3341 1756 3413 estatis
1809 3341 2153 3436 principio
2194 3339 2450 3412 venire
2505 3342 2960 3435 personaliter
3023 3353 3094 3415 et
3149 3345 3402 3416 morari

440 3493 451 3501 „
576 3485 976 3559 possemuS,
1022 3464 1583 3560 expectavimus,
1622 3464 1996 3536 honestam
2041 3486 2328 3559 operam
2386 3464 2834 3558 adhibentes,
2882 3467 3101 3538 veluti
3162 3467 3401 3540 catho-

585 3588 796 3660 licum
850 3588 1242 3683 principem
1289 3588 1528 3679 decet,
1579 3597 1651 3658 et
1708 3609 1803 3659 ex
1854 3587 2215 3660 advocatie
2262 3586 2498 3661 debito
2558 3589 2971 3683 promotioni
3027 3602 3097 3661 et
3149 3590 3400 3662 honori

580 3712 888 3784 Ecclesie
927 3733 1179 3784 vacare
1230 3720 1577 3801 tenemur,
1615 3719 1694 3782 ut
1735 3711 1806 3782 in
1838 3710 2236 3806 Apostolica
2275 3712 2455 3784 Sede
2496 3735 2807 3785 summus
2846 3713 3167 3807 pontifex
3206 3733 3401 3783 crea-

578 3845 806 3928 retur,
845 3836 966 3930 qui
1002 3858 1128 3931 per
1158 3835 1573 3909 concordem
1600 3836 1894 3907 fratrum
1931 3836 2342 3908 electionem
2378 3845 2798 3932 assumptuS,
2836 3839 2945 3907 vir
2977 3836 3176 3907 nobis
3207 3835 3401 3930 paci-

580 3958 758 4062 ficus
800 3960 1199 4052 adveniret,
1251 3960 1517 4032 cunctis
1556 3960 1630 4029 in
1666 3957 1932 4032 Christo
1973 3958 2417 4032 credentibus
2443 3961 2758 4056 presenti
2799 3959 3190 4031 turbatione
3232 3969 3403 4030 tem·

587 4106 862 4179 porum,
901 4106 1112 4177 qnam
1136 4085 1484 4156 barbarus
1517 4083 1767 4175 hostiS,
1804 4105 1848 4156 a
1884 4085 2088 4176 longe
2116 4085 2406 4156 veniens
2446 4093 2905 4178 persequutor
2937 4092 3173 4155 nostre
3209 4081 3402 4175 fidei,

590 4206 1085 4298 comminatur,
1142 4207 1575 4280 necessarius
1625 4217 1696 4278 et
1738 4217 2088 4303 acceptus.
2149 4207 2421 4279 Accidit
2470 4206 2679 4297 igitur
2727 4205 2918 4298 quod
2969 4206 3042 4277 in
3089 4228 3404 4302 assump-

594 4330 779 4402 tione
813 4331 1065 4403 summi
1102 4329 1475 4426 pontificia,
1509 4330 1629 4423 qni
1662 4330 1971 4403 nondum
1998 4328 2149 4401 fieri
2177 4330 2403 4425 potuit
2431 4329 2695 4400 unitate
2727 4329 3018 4402 fratrum
3039 4330 3210 4402 hinc
3243 4330 3403 4402 inde

596 4452 851 4546 divisa,
898 4455 1217 4527 fraudata
1256 4464 1362 4526 est
1402 4463 1641 4527 nostra
1686 4454 2077 4550 expectatio
2118 4474 2246 4525 suo
2300 4463 2501 4566 vote,
2546 4463 2625 4526 ut
2672 4453 2873 4526 nobis
2895 4440 3014 4552 ’(α)
3056 4454 3145 4527 de
3187 4453 3406 4526 tocius

681 4681 766 4761 (a)
809 4685 883 4744 In
909 4684 1264 4744 chartularIo
1290 4688 1503 4745 nostre.
