4364 5738
970 546 1092 610 2¹20
1970 551 2398 618 rmnsmct
2446 549 2796 616 saeuum
3408 553 3572 632 [Anu.
3609 552 3787 617 1214.

972 686 1453 760 auctoritatem
1487 688 1852 764 babentes.
1902 692 2130 788 Super
2160 693 2346 764 facto
2376 690 2587 762 etiam
2627 684 3199 777 Lombardorum,
3235 688 3402 781 quia
3434 689 3583 762 sine
3622 707 3790 762 con-

971 807 1126 881 silio
1175 809 1567 906 principum
1592 866 1611 903 ,
1668 835 1841 910 pace
1899 814 2295 889 Constantio
2362 833 2505 885 non
2558 822 2897 908 excepta,
2961 831 3097 885 nos
3147 812 3442 905 alicujus
3501 812 3790 887 arbitrio

970 933 1401 1007 committere
1428 957 1571 1008 non
1603 937 1940 1012 debemus
1977 949 2101 1012 aut
2129 957 2536 1035 possumus,
2574 935 2911 1008 stabimus
2943 935 3242 1007 libenter
3268 936 3392 1007 uni
3426 935 3519 1008 de
3548 935 3788 1008 formis

972 1056 1151 1128 datis
1186 1057 1470 1132 domino
1510 1061 1784 1134 Oddoni
1830 1063 2217 1136 venerabili
2253 1061 2618 1135 Portuensi
2657 1061 2987 1155 episcopo
3026 1056 3397 1149 cardinali,
3437 1079 3648 1153 quam
3690 1079 3786 1133 ex

971 1180 1070 1252 eis
1107 1180 1432 1255 dominus
1469 1205 1653 1279 papa
1702 1187 1958 1279 eligere
2005 1186 2332 1259 voluerit.
2382 1184 2801 1258 vocabimus
2847 1183 3057 1255 etiam
3109 1183 3406 1255 libenter
3443 1183 3790 1281 principes

970 1315 1040 1376 et
1072 1304 1136 1376 si
1173 1306 1265 1377 de
1301 1307 1589 1380 consilio
1619 1330 1862 1382 eorum
1895 1310 2310 1405 processerit
2343 1307 2533 1403 quod
2576 1308 2733 1404 plus
2777 1305 3004 1380 facere
3050 1307 3468 1399 debeamus,
3505 1309 3663 1402 plus
3704 1308 3785 1379 li-

967 1427 1367 1502 bentissime
1411 1431 1745 1504 faciemus
1776 1434 1846 1505 in
1883 1435 2162 1527 negotio
2206 1434 2492 1530 scripto,
2526 1430 2621 1503 ad
2667 1431 2801 1503 hoc
2843 1442 2921 1503 ut
2949 1452 3096 1527 pax
3124 1433 3357 1503 valeat
3388 1433 3779 1526 provenire.

965 1550 1302 1625 Predictis
1344 1575 1513 1628 vero
1562 1557 1962 1654 compositis
2000 1567 2072 1630 et
2115 1557 2522 1649 declaratis,
2568 1556 2789 1652 parati
2839 1553 3096 1627 fuimus
3134 1557 3343 1648 juxta
3386 1556 3782 1629 condictum

970 1685 1223 1747 terram
1274 1678 1638 1752 restituere
1683 1701 1894 1774 quam
1951 1692 2266 1754 tenemus
2308 1691 2382 1752 et
2428 1680 2737 1753 Ecclesia
2779 1678 3180 1776 possidebat
3238 1679 3641 1774 priusquam
3692 1681 3785 1753 de

966 1799 1380 1874 Alamannia
1420 1802 1935 1876 discederemus
1975 1815 2047 1877 et
2086 1805 2158 1875 in
2208 1824 2500 1898 regnum
2549 1801 2993 1875 intraremus,
3039 1801 3431 1875 obtulimus
3473 1803 3681 1874 etiam
3724 1803 3782 1873 si

967 1922 1291 1997 dominus
1344 1945 1526 2022 papa
1573 1927 1646 1998 in
1696 1929 2139 2023 Campaniam
2180 1928 2284 2000 ire
2340 1927 2640 2000 voluerit
2690 1935 2762 1998 et
2809 1927 2905 1997 ibi
2955 1926 3212 1998 morari
3258 1926 3429 1998 dum
3474 1926 3785 2022 predicta

965 2048 1199 2120 omnia
1245 2048 1688 2123 declarentur
1727 2061 1799 2124 et
1835 2052 2179 2125 absolutio
2220 2052 2711 2146 subsequatur,
2756 2061 3026 2145 partem
3071 2059 3254 2122 terre
3292 2050 3656 2122 restituere
3693 2050 3786 2122 de

965 2191 1104 2264 qua
1140 2182 1373 2245 actum
1413 2183 1554 2267 est;
1608 2187 1689 2247 ut
1741 2186 1974 2248 tamen
2011 2176 2212 2248 nobis
2253 2185 2584 2249 caveatur
2612 2174 2806 2269 quod
2834 2173 3157 2246 dominus
3192 2194 3373 2269 papa
3404 2194 3531 2269 per
3560 2195 3635 2246 se
3670 2173 3781 2246 vel

962 2316 1091 2389 per
1121 2297 1337 2368 alium
1377 2319 1522 2370 non
1557 2309 1882 2395 procuret
1913 2302 2027 2372 vel
2073 2299 2432 2395 procurari
2462 2299 2817 2394 permittat
2854 2307 2979 2369 aut
3017 2297 3225 2369 etiam
3261 2297 3410 2369 sine
3454 2316 3783 2393 procura·

965 2416 1153 2492 tione
1185 2421 1475 2516 recipiat
1516 2433 1769 2495 terram
1814 2425 2119 2518 aliquam
2153 2445 2276 2496 seu
2311 2444 2678 2519 personam
2712 2445 2755 2495 a
2796 2420 3129 2494 fidelitate
3162 2432 3401 2495 nostra
3437 2423 3785 2496 diverten-

963 2553 1105 2615 tem
1142 2553 1215 2616 et
1248 2545 1341 2617 ad
1369 2547 1748 2618 Ecclesiam
1790 2548 1891 2619 ire
1923 2549 2279 2620 volentem
2316 2568 2540 2640 usque
2581 2546 2674 2619 ad
2706 2545 3039 2618 kalendas
3072 2546 3299 2618 martii
3331 2547 3556 2642 primo
3594 2547 3779 2619 futu·

962 2689 1101 2741 ras.
1140 2667 1534 2742 obtulimus
1575 2670 1784 2742 etiam
1826 2671 2020 2765 quod
2060 2672 2118 2742 si
2159 2671 2486 2744 dominus
2524 2690 2707 2766 papa
2746 2671 3046 2742 voluerit
3079 2670 3149 2741 in
3181 2671 3624 2776 Campaniam
3649 2672 3774 2763 ire,
3818 2687 3826 2694 ’

960 2809 1105 2865 non
1135 2804 1417 2890 recepta
1445 2804 1642 2890 parte
1668 2805 1851 2868 terre
1880 2795 1969 2868 de
1995 2817 2135 2891 qua
2163 2795 2421 2889 agitur,
2452 2815 2582 2866 nos
2609 2794 2866 2867 cessari
2896 2794 3284 2867 faceremus
3309 2813 3349 2865 a
3374 2814 3623 2889 guerra
3644 2815 3781 2890 que

963 2915 1043 2989 fit
1087 2917 1255 2990 alibi
1305 2928 1547 2991 contra
1599 2929 1852 2992 terram
1893 2942 2104 3015 quam
2158 2920 2472 2992 Ecclesia
2513 2920 2809 2993 detinet.
2856 2918 3150 3015 Propter
3203 2930 3468 2991 tantum
3520 2921 3777 2992 bonum

963 3041 1172 3113 etiam
1194 3044 1821 3116 consummandum
1852 3044 1943 3116 ad
1975 3046 2176 3139 plura
2200 3044 2719 3135 descendimus,
2752 3043 2847 3115 ad
2882 3063 3020 3137 que
3052 3044 3462 3116 nullomodo
3490 3043 3780 3117 descen·

963 3164 1134 3236 dere
1164 3156 1620 3238 credebamus
1657 3193 1675 3237 ε
1712 3166 2040 3239 videlicet
2071 3187 2283 3264 super
2318 3170 2500 3240 facto
2528 3163 3076 3239 Lombardorum
3114 3167 3402 3239 retentis
3439 3167 3782 3263 prioribus

962 3288 1236 3379 formis,
1267 3308 1479 3384 super
1515 3290 1980 3363 declaratione
2023 3292 2340 3364 facienda
2384 3292 2457 3363 in
2494 3291 2650 3364 aliis
2686 3290 3007 3386 capitulis
3040 3310 3182 3384 que
3224 3291 3296 3362 in
3336 3291 3557 3363 forma
3596 3290 3784 3387 pacis

961 3411 1434 3505 devenerunt,
1477 3414 1540 3484 si
1579 3413 1902 3487 dominus
1947 3435 2129 3512 papa
2173 3415 2638 3488 committeret
2678 3424 2901 3487 totum
2935 3414 3294 3508 negotium
3332 3414 3784 3488 absolutionis

962 3535 1322 3608 Portuensi
1355 3547 1426 3610 et
1459 3536 1836 3611 Albanensi
1864 3539 2244 3636 episcopis,
2276 3559 2408 3613 nos
2432 3539 2770 3612 stabimus
2794 3535 2985 3611 dicto
3014 3548 3087 3610 et
3114 3538 3560 3611 declarationi
3595 3539 3781 3635 ipso·

959 3680 1146 3733 rum.
1182 3662 1408 3757 Super
1435 3662 1906 3736 declaratione
1932 3658 2251 3736 facienda
2282 3662 2550 3757 dejure
2582 3660 2775 3757 quod
2803 3659 3141 3734 babemus
3163 3661 3236 3732 in
3268 3670 3452 3734 terra
3477 3660 3781 3734 Ecclesia

958 3785 1333 3881 mtivimus
1377 3806 1707 3882 expresse
1757 3787 2016 3883 apponi
2057 3786 2150 3860 de
2178 3787 2492 3860 exercitu
2512 3839 2533 3879 ,
2573 3786 3044 3882 parlamento,
3092 3785 3475 3877 cabalcata,
3519 3786 3672 3859 foro
3709 3795 3783 3857 et

957 3910 1484 4004 procuratione3
1533 3921 1658 3983 aut
1705 3910 1766 3983 si
1822 3910 2131 4007 predicta
2173 3911 2559 4006 expressim
2607 3906 2978 4002 designare
3032 3909 3420 4001 noluerint,
3472 3909 3781 3984 contenti

955 4052 1204 4106 sumus
1246 4034 1441 4128 quod
1474 4044 1841 4107 serventur
1875 4034 2079 4107 nobis
2119 4054 2205 4105 ea
2244 4035 2479 4107 omnia
2523 4052 2667 4130 que
2706 4031 3054 4130 principes
3092 4033 3367 4129 imperii
3406 4033 3668 4107 babent
3705 4034 3781 4105 in

959 4156 1163 4228 tou-is
1194 4159 1641 4231 ecclesiarum
1671 4180 1965 4252 quarum
2003 4156 2131 4256 ipsi
2169 4168 2334 4231 sunt
2352 4158 2715 4250 advocatig
2752 4167 2830 4230 et
2852 4178 3065 4253 super
3094 4157 3230 4231 boc
3266 4158 3608 4231 stabimus
3640 4168 3781 4231 tes—

958 4278 1250 4352 timonio
1299 4280 1690 4379 principum
1754 4284 2251 4379 predictorum.
2311 4279 2577 4355 Deinde
2628 4300 2795 4354 cum
2847 4281 2942 4354 ad
2993 4280 3519 4377 procedendum
3576 4302 3786 4378 super

958 4400 1201 4474 formis
1253 4403 1580 4498 predictis
1625 4406 1894 4480 nobiles
1955 4407 2088 4480 viri
2131 4407 2510 4502 imperator
2572 4404 3375 4501 Constantinopolitanus
3424 4414 3500 4477 et
3550 4423 3783 4478 comes

962 4523 1344 4597 Tolosanum
1373 4536 1446 4598 et
1474 4528 1782 4621 magistri
1809 4531 2052 4604 Petrus
2075 4528 2171 4603 de
2205 4528 2426 4602 Vinea
2461 4537 2534 4602 et
2555 4526 2885 4601 Taddsus
2903 4526 3000 4600 de
3038 4528 3334 4620 Suessa„
3365 4535 3526 4622 post
3565 4525 3781 4599 colla-
