4364 5738
1049 586 1173 650 san
2043 582 2470 650 amusium
2521 581 2868 648 sscuum
3481 579 3646 663 [Aa.
3682 578 3856 642 ιω.

1048 722 1303 794 milites
1331 720 1424 793 de
1449 721 1736 794 Commo
1765 723 1836 794 in
1871 724 2220 819 presentia
2258 724 2397 796 mei
2437 724 2663 797 notari
2695 732 2768 795 et
2805 720 3077 794 testium
3110 718 3701 812 infrascriptomm
3737 717 3862 788 de-

1050 846 1547 920 nuntiaverunt
1569 847 1718 920 sive
1755 857 2449 943 representaverunt3
2489 849 2609 944 qui
2645 847 2899 919 milites
2927 844 3255 917 mandato
3279 843 3571 938 predicti
3600 840 3863 913 domini

1048 971 1397 1064 Frederigi
1443 971 1624 1065 regis
1667 972 1866 1043 Senis
1905 972 2273 1069 interiti(?)
2308 975 2580 1046 fuerant
2617 983 2687 1045 et
2722 971 2986 1045 detenti
3022 997 3040 1041 ε
3079 969 3199 1064 qui
3244 989 3415 1040 vero
3456 968 3711 1039 milites
3752 965 3863 1036 isti

1047 1107 1214 1168 sunt
1263 1096 1586 1168 dominus
1625 1096 1996 1188 Cui-radus,
2038 1098 2359 1170 domiuus
2402 1098 2805 1188 SalandruS‚
2840 1096 3160 1168 dominus
3202 1092 3548 1166 Corradus
3595 1091 3685 1163 de
3735 1089 3862 1162 La-

1049 1243 1263 1314 veug,
1295 1210 1618 1294 dominus
1644 1223 2067 1295 Parracchus
2095 1231 2165 1293 et
2192 1221 2514 1295 domiuus
2540 1223 2962 1295 Laufrancus
2989 1230 3061 1291 et
3091 1220 3367 1292 Simone
3400 1226 3473 1288 et
3501 1214 3857 1288 Dubadus.

1149 1347 1399 1419 Actum
1431 1345 1619 1442 apud
1650 1347 1976 1420 Sanctum
2009 1347 2363 1432 Quiricum
2396 1357 2595 1420 extra
2638 1356 2905 1443 portam
2933 1345 3182 1418 Sancte
3214 1343 3426 1417 Marie
3460 1361 3674 1438 prope
3711 1342 3863 1412 fon-

1054 1476 1193 1541 tem
1234 1469 1620 1566 hospitalis,
1661 1491 1893 1544 coram
1936 1473 2221 1545 domino
2254 1473 2646 1566 Fortarrigo
2688 1472 3000 1561 Ranerii,
3039 1468 3444 1542 Rustichino
3494 1475 3567 1538 et
3612 1466 3863 1538 Iacobo

1051 1592 1422 1665 Alamanni
1471 1595 1559 1667 de
1603 1596 1840 1688 Senis,
1882 1596 2165 1670 domino
2214 1597 2662 1670 Maccovaldo
2717 1596 2979 1669 domini
3023 1593 3297 1687 Arrighi
3346 1594 3435 1666 de
3480 1594 3739 1664 Severo
3775 1590 3864 1662 de

1053 1720 1385 1791 comitatu
1416 1719 1792 1794 Melanensi
1818 1720 1956 1817 (l),
1989 1722 2276 1795 domino
2308 1722 2620 1795 Sucterio
2652 1721 2914 1794 domini
2944 1720 3181 1793 Uberti
3219 1719 3309 1792 de
3357 1719 3544 1791 dicto
3577 1719 3768 1804 loco,
3799 1725 3867 1788 et

1030 1843 1339 1918 domino
1373 1845 1685 1919 Gnidone
1725 1846 1892 1918 dicti
1935 1848 2067 1919 loci
2101 1858 2172 1920 et
2206 1848 2521 1943 pluribus
2548 1847 2704 1919 aliis
2739 1847 3028 1918 testibus
3068 1842 3542 1941 presentibus,
3580 1842 3653 1912 in
3682 1859 3865 1912 anuo

1053 1970 1325 2042 Domini
1375 1971 1739 2044 millesimo
1785 1973 2262 2046 ducentesimo
2310 1974 2584 2063 XLVII,
2627 1972 3002 2044 indictione
3027 1971 3112 2063 V,
3137 1970 3251 2042 die
3279 1971 3394 2041 llll
3421 1986 3643 2041 nonas
3674 1965 3859 2037 maii.

1151 2096 1298 2188 Ego
1335 2098 1611 2170 Manuel
1657 2095 1988 2170 Gnidonis
2040 2097 2353 2169 notarius
2393 2093 2721 2191 predictis
2766 2096 3043 2168 interfui
3096 2104 3167 2166 et
3208 2114 3292 2166 ea
3342 2102 3624 2186 rogatus
3670 2100 3740 2163 et
3778 2089 3867 2161 de

1057 2241 1397 2293 consensu
1436 2231 1506 2293 et
1543 2222 1871 2317 parabola
1911 2221 2073 2294 dicti
2107 2221 2369 2295 domini
2400 2221 2746 2293 Frederici
2779 2220 2959 2312 regis
2989 2218 3230 2314 scripsi
3266 2227 3340 2289 et
3369 2215 3739 2312 publicavi.

1152 2343 1504 2440 Appareat
1539 2346 1647 2417 his
1688 2346 1942 2417 licteris
1989 2345 2351 2418 evidenter
2385 2345 2683 2439 qualiter
2722 2367 2882 2417 cum
2927 2343 3373 2439 suprascripti
3412 2341 3758 2416 Iohannes
3799 2347 3867 2410 et

1056 2469 1358 2561 Uguccio
1406 2471 1916 2544 ambassatores
1958 2480 2029 2542 et
2063 2470 2478 2562 Angelerius
2518 2471 2868 2543 castaldus
2909 2470 3260 2565 predictus
3301 2468 3578 2541 nomine
3616 2475 3688 2538 et
3723 2464 3866 2538 vice

1055 2593 1434 2688 supradicti
1466 2594 1780 2667 comunis
1814 2594 2138 2667 Senensis
2175 2594 2666 2667 denuntiarent
2698 2595 2981 2667 domino
3007 2592 3371 2666 Frederico
3397 2591 3486 2664 de
3508 2587 3870 2663 Antiochia

1055 2716 1204 2810 regi
1267 2718 1584 2814 superius
1645 2719 2003 2793 nominato
2063 2720 2440 2815 quemdam
2501 2720 2779 2792 nomine
2789 2769 3374 2792 ........
3430 2714 3520 2788 de
3593 2716 3867 2788 Commo

1055 2833 1303 2942 [quod]
1336 2839 1721 2917 infirmatus
1754 2854 1936 2919 esset
1981 2867 2106 2918 seu
2154 2841 2553 2918 infirmitate
2598 2843 2906 2941 corporis
2944 2851 3384 2938 gravaretur,
3423 2838 3544 2935 qui
3592 2848 3742 2913 erat
3778 2860 3867 2911 ex

1057 2969 1469 3063 supradictis
1502 2970 1834 3041 militibus
1863 2970 1950 3042 de
1979 2970 2263 3044 Commo
2296 2968 2492 3043 Senis
2526 2968 2876 3043 detenutis
2907 2979 2987 3041 ut
3020 2968 3337 3065 superius
3369 2966 3784 3056 continetur,
3801 2973 3869 3036 et

1053 3087 1372 3165 dicerent
1415 3093 1642 3165 eidem
1679 3092 1962 3167 domino
2003 3094 2151 3187 regi
2193 3116 2278 3167 an
2319 3096 2377 3167 si
2406 3096 2621 3168 vellet
2660 3095 2851 3192 quod
2890 3092 3037 3191 ipse
3072 3092 3363 3167 deberet
3390 3110 3434 3165 a
3470 3086 3867 3165 custodibus

1059 3215 1389 3290 custodiri
1421 3218 1533 3288 vel
1560 3218 1749 3311 quod
1782 3218 1972 3290 aliud
2006 3229 2189 3291 esset
2216 3219 2305 3291 de
2339 3240 2423 3292 eo
2464 3218 2832 3292 facendum
2862 3216 3046 3316 (sic),
3088 3218 3314 3290 dictus
3359 3214 3683 3289 dominus
3708 3212 3868 3286 Fre-

1047 3339 1334 3449 dericus
1374 3362 1501 3414 rex
1538 3342 1898 3437 respondit
1937 3352 2008 3416 et
2052 3344 2234 3416 dixit
2275 3344 2467 3439 quod
2503 3344 2787 3417 volebat
2828 3343 3019 3439 quod
3058 3343 3346 3416 deberet
3383 3364 3426 3415 a
3471 3340 3870 3414 custodibus

1058 3458 1342 3532 minime
1396 3462 1761 3555 custodiri,
1817 3472 1889 3534 et
1936 3485 2096 3535 cum
2137 3463 2346 3535 fuerit
2392 3464 2724 3536 liberatus
2772 3463 2864 3535 ad
2913 3485 2987 3536 se
3033 3463 3388 3536 dominum
3435 3461 3867 3534 Fredericum

1057 3607 1294 3678 regem
1323 3582 1583 3659 ibidem
1618 3584 1806 3678 duci,
1826 3586 2005 3660 sicut
2031 3584 2119 3660 de
2152 3610 2278 3660 sua
2312 3588 2724 3685 processerit
2755 3589 3142 3682 voluntate,
3168 3582 3529 3661 liberando
3556 3597 3629 3660 et
3652 3582 3870 3658 absol·

1054 3706 1286 3782 vendo
1318 3732 1613 3783 comune
1643 3712 1950 3784 Senense
1981 3712 2301 3808 superius
2332 3714 2790 3786 nominatum.
3280 3804 3289 3815 .

1152 3830 1403 3907 Actum
1437 3835 1509 3906 in
1541 3834 1795 3909 Sancto
1824 3832 2101 3920 Quirico
2135 3833 2206 3907 in
2238 3836 2446 3911 domo
2478 3835 2921 3930 Lucteringbi
2953 3858 3184 3911 coram
3222 3832 3504 3911 domino
3535 3830 3860 3926 Currad0‚

1057 3954 1342 4032 domino
1375 3954 1751 4051 Salandro,
1791 3960 2073 4033 domino
2111 3960 2494 4036 Parraccho
2532 3972 2601 4035 et
2633 3959 2916 4035 domino
2948 3963 3332 4037 Lanfranco
3371 3962 3459 4035 de
3494 3960 3774 4035 Commo
3801 3969 3869 4032 et

1053 4080 1208 4153 aliis
1246 4079 1562 4177 pluribus
1595 4082 1884 4155 testibus
1924 4086 2364 4180 presentibus
2385 4140 2405 4179 ,
2442 4086 2512 4159 in
2558 4108 2744 4160 anno
2772 4087 3045 4160 Domini
3074 4086 3168 4161 M.
3197 4086 3317 4162 CC.
3352 4084 3618 4179 XLVII,
3653 4083 3866 4159 indic-

1055 4202 1244 4277 tione
1274 4204 1360 4298 V,
1396 4204 1510 4280 die
1542 4218 1790 4301 quarto
1827 4230 2047 4281 nonas
2078 4210 2266 4283 maii.

1152 4331 1299 4422 Ego
1343 4334 1618 4406 Manuel
1666 4334 2002 4407 Guidonis
2052 4336 2361 4409 notarius
2416 4337 2746 4432 predictis
2786 4337 3066 4409 interfui
3113 4348 3185 4411 et
3225 4360 3307 4410 ea
3353 4347 3634 4431 rogatus
3674 4345 3746 4408 et
3783 4331 3871 4408 de

1051 4455 1387 4551 parabola
1411 4468 1487 4529 et
1515 4457 1606 4530 de
1639 4478 1981 4532 consensu
2013 4459 2176 4532 dicti
2213 4460 2477 4534 domini
2515 4461 2695 4556 regis
2731 4462 2973 4558 scripsi
3006 4470 3077 4533 et
3102 4459 3479 4558 publicavi.

1127 4734 1205 4809 (⁴)
1241 4734 1377 4806 Quis
1404 4735 1691 4796 {antitiste
1716 4734 2022 4810 onmium,
2051 4737 2292 4797 nondum
2318 4738 2558 4815 reperire
2583 4738 2868 4814 potuimus.
