<?xml version="1.0" encoding="UTF-8"?>
<!DOCTYPE html PUBLIC "-//W3C//DTD XHTML 1.0 Transitional//EN"
    "http://www.w3.org/TR/xhtml1/DTD/xhtml1-transitional.dtd">
<html xmlns="http://www.w3.org/1999/xhtml" xml:lang="en" lang="en">
 <head>
  <title>
</title>
<meta http-equiv="Content-Type" content="text/html;charset=utf-8" />
  <meta name='ocr-system' content='tesseract 3.04.00' />
  <meta name='ocr-capabilities' content='ocr_page ocr_carea ocr_par ocr_line ocrx_word'/>
</head>
<body>
  <div class='ocr_page' id='page_1' title='image "./historiadiploma00degoog_0543.png"; bbox 0 0 4364 5738; ppageno 0'>
   <div class='ocr_carea' id='block_1_1' title="bbox 617 613 3430 700">
    <p class='ocr_par' dir='ltr' id='par_1_1' title="bbox 617 613 3430 700">
     <span class='ocr_line' id='line_1_1' title="bbox 617 613 3430 700; baseline 0 -17"><span class='ocrx_word' id='word_1_1' title='bbox 617 623 818 683; x_wconf 69' lang='lat' dir='ltr'><strong>inum.</strong></span> <span class='ocrx_word' id='word_1_2' title='bbox 851 619 945 700; x_wconf 78' lang='grc'><strong>5.]</strong></span> <span class='ocrx_word' id='word_1_3' title='bbox 1517 613 1910 682; x_wconf 70' lang='lat' dir='ltr'><strong>maroam</strong></span> <span class='ocrx_word' id='word_1_4' title='bbox 1957 617 2546 683; x_wconf 47' lang='lat' dir='ltr'><strong>bubonum&amp;</strong></span> <span class='ocrx_word' id='word_1_5' title='bbox 3308 619 3430 683; x_wconf 73' lang='lat'><strong>52¹2</strong></span> 
     </span>
    </p>
   </div>
   <div class='ocr_carea' id='block_1_2' title="bbox 614 749 3433 1129">
    <p class='ocr_par' dir='ltr' id='par_1_2' title="bbox 614 749 3433 1129">
     <span class='ocr_line' id='line_1_2' title="bbox 619 749 3431 859; baseline 0 -26"><span class='ocrx_word' id='word_1_6' title='bbox 619 752 1139 833; x_wconf 77' lang='lat' dir='ltr'><strong>marchionem</strong></span> <span class='ocrx_word' id='word_1_7' title='bbox 1213 749 1422 859; x_wconf 90' lang='lat' dir='ltr'><strong>quod</strong></span> <span class='ocrx_word' id='word_1_8' title='bbox 1503 751 1940 858; x_wconf 81' lang='lat' dir='ltr'><strong>procurabit</strong></span> <span class='ocrx_word' id='word_1_9' title='bbox 2018 753 2589 835; x_wconf 77' lang='lat' dir='ltr'><strong>matrimonium</strong></span> <span class='ocrx_word' id='word_1_10' title='bbox 2669 750 2867 833; x_wconf 86' lang='lat' dir='ltr'><strong>inter</strong></span> <span class='ocrx_word' id='word_1_11' title='bbox 2953 750 3431 835; x_wconf 85' lang='lat' dir='ltr'><strong>Manfredum</strong></span> 
     </span>
     <span class='ocr_line' id='line_1_3' title="bbox 618 883 3433 993; baseline 0 -26"><span class='ocrx_word' id='word_1_12' title='bbox 618 884 990 967; x_wconf 85' lang='lat' dir='ltr'><strong>Lanceam</strong></span> <span class='ocrx_word' id='word_1_13' title='bbox 1037 883 1282 966; x_wconf 90' lang='lat' dir='ltr'><strong>filium</strong></span> <span class='ocrx_word' id='word_1_14' title='bbox 1319 883 1796 993; x_wconf 88' lang='lat' dir='ltr'><strong>imperatoris</strong></span> <span class='ocrx_word' id='word_1_15' title='bbox 1835 894 1912 968; x_wconf 82' lang='lat' dir='ltr'><strong>et</strong></span> <span class='ocrx_word' id='word_1_16' title='bbox 1946 885 2361 969; x_wconf 87' lang='lat' dir='ltr'><strong>Beatricem</strong></span> <span class='ocrx_word' id='word_1_17' title='bbox 2408 884 2873 970; x_wconf 86' lang='lat' dir='ltr'><strong>comitissam</strong></span> <span class='ocrx_word' id='word_1_18' title='bbox 2919 884 3433 967; x_wconf 87' lang='lat' dir='ltr'><strong>Saluciensem</strong></span> 
     </span>
     <span class='ocr_line' id='line_1_4' title="bbox 614 1015 3423 1129; baseline 0.001 -31"><span class='ocrx_word' id='word_1_19' title='bbox 614 1015 857 1101; x_wconf 89' lang='lat' dir='ltr'><strong>filiam</strong></span> <span class='ocrx_word' id='word_1_20' title='bbox 904 1017 1201 1102; x_wconf 85' lang='lat' dir='ltr'><strong>comitis</strong></span> <span class='ocrx_word' id='word_1_21' title='bbox 1243 1015 1582 1129; x_wconf 87' lang='lat' dir='ltr'><strong>ejusdem</strong></span> <span class='ocrx_word' id='word_1_22' title='bbox 1607 1081 1630 1127; x_wconf 83' lang='grc'>,</span> <span class='ocrx_word' id='word_1_23' title='bbox 1675 1019 1819 1103; x_wconf 91' lang='lat' dir='ltr'><strong>sub</strong></span> <span class='ocrx_word' id='word_1_24' title='bbox 1854 1021 2076 1104; x_wconf 86' lang='lat' dir='ltr'><strong>certis</strong></span> <span class='ocrx_word' id='word_1_25' title='bbox 2111 1017 2672 1105; x_wconf 89' lang='lat' dir='ltr'><strong>conditionibus</strong></span> <span class='ocrx_word' id='word_1_26' title='bbox 2709 1017 2991 1102; x_wconf 86' lang='lat' dir='ltr'><strong>ibidem</strong></span> <span class='ocrx_word' id='word_1_27' title='bbox 3026 1018 3423 1129; x_wconf 77' lang='lat' dir='ltr'><strong>expressis,</strong></span> 
     </span>
    </p>
   </div>
   <div class='ocr_carea' id='block_1_3' title="bbox 781 1275 3431 1471">
    <p class='ocr_par' dir='ltr' id='par_1_3' title="bbox 781 1275 3431 1471">
     <span class='ocr_line' id='line_1_5' title="bbox 781 1275 3431 1364; baseline 0.002 -25"><span class='ocrx_word' id='word_1_28' title='bbox 781 1277 965 1354; x_wconf 78' lang='lat' dir='ltr'><strong>(Edit.</strong></span> <span class='ocrx_word' id='word_1_29' title='bbox 998 1295 1095 1357; x_wconf 85' lang='lat' dir='ltr'><strong>ap.</strong></span> <span class='ocrx_word' id='word_1_30' title='bbox 1128 1276 1516 1352; x_wconf 67' lang='lat' dir='ltr'><strong>Gmcrmmu,</strong></span> <span class='ocrx_word' id='word_1_31' title='bbox 1533 1277 1787 1341; x_wconf 76' lang='lat' dir='ltr'><strong>Histoire</strong></span> <span class='ocrx_word' id='word_1_32' title='bbox 1813 1275 2168 1364; x_wconf 70' lang='lat' dir='ltr'><strong>qenealoyiq.</strong></span> <span class='ocrx_word' id='word_1_33' title='bbox 2205 1277 2274 1342; x_wconf 76' lang='lat' dir='ltr'><strong>de</strong></span> <span class='ocrx_word' id='word_1_34' title='bbox 2292 1276 2355 1343; x_wconf 81' lang='lat' dir='ltr'><strong>la</strong></span> <span class='ocrx_word' id='word_1_35' title='bbox 2372 1279 2598 1343; x_wconf 76' lang='lat' dir='ltr'><strong>maison</strong></span> <span class='ocrx_word' id='word_1_36' title='bbox 2614 1276 2684 1341; x_wconf 77' lang='lat' dir='ltr'><strong>de</strong></span> <span class='ocrx_word' id='word_1_37' title='bbox 2700 1280 2919 1354; x_wconf 71' lang='lat' dir='ltr'><strong>savoie,</strong></span> <span class='ocrx_word' id='word_1_38' title='bbox 2943 1293 3220 1361; x_wconf 77' lang='lat' dir='ltr'><strong>preuves,</strong></span> <span class='ocrx_word' id='word_1_39' title='bbox 3239 1295 3301 1360; x_wconf 77' lang='lat' dir='ltr'><strong>p·</strong></span> <span class='ocrx_word' id='word_1_40' title='bbox 3329 1289 3431 1361; x_wconf 75' lang='grc'><strong>71,</strong></span> 
     </span>
     <span class='ocr_line' id='line_1_6' title="bbox 851 1384 2272 1471; baseline 0.002 -23"><span class='ocrx_word' id='word_1_41' title='bbox 851 1391 915 1448; x_wconf 80' lang='lat' dir='ltr'><strong>et</strong></span> <span class='ocrx_word' id='word_1_42' title='bbox 939 1387 1229 1462; x_wconf 66' lang='lat' dir='ltr'><strong>Dotem,</strong></span> <span class='ocrx_word' id='word_1_43' title='bbox 1266 1385 1444 1468; x_wconf 67' lang='lat' dir='ltr'><strong>Coo-ps</strong></span> <span class='ocrx_word' id='word_1_44' title='bbox 1471 1384 1804 1468; x_wconf 77' lang='lat' dir='ltr'><strong>diplomat..</strong></span> <span class='ocrx_word' id='word_1_45' title='bbox 1834 1396 1884 1451; x_wconf 83' lang='lat' dir='ltr'><strong>t.</strong></span> <span class='ocrx_word' id='word_1_46' title='bbox 1916 1389 1977 1465; x_wconf 90' lang='lat'><strong>1,</strong></span> <span class='ocrx_word' id='word_1_47' title='bbox 2010 1407 2071 1468; x_wconf 81' lang='lat' dir='ltr'><strong>p.</strong></span> <span class='ocrx_word' id='word_1_48' title='bbox 2107 1388 2272 1471; x_wconf 79' lang='lat'><strong>195.)</strong></span> 
     </span>
    </p>
   </div>
   <div class='ocr_carea' id='block_1_4' title="bbox 612 1618 3440 2343">
    <p class='ocr_par' dir='ltr' id='par_1_4' title="bbox 612 1618 3440 2343">
     <span class='ocr_line' id='line_1_7' title="bbox 711 1618 3433 1724; baseline 0 -31"><span class='ocrx_word' id='word_1_49' title='bbox 711 1618 1066 1693; x_wconf 76' lang='lat' dir='ltr'><strong>Univeisis</strong></span> <span class='ocrx_word' id='word_1_50' title='bbox 1088 1630 1248 1724; x_wconf 38' lang='lat' dir='ltr'><strong>&#39;tam</strong></span> <span class='ocrx_word' id='word_1_51' title='bbox 1289 1623 1726 1717; x_wconf 78' lang='lat' dir='ltr'><strong>presentibus</strong></span> <span class='ocrx_word' id='word_1_52' title='bbox 1777 1645 1989 1718; x_wconf 89' lang='lat' dir='ltr'><strong>quam</strong></span> <span class='ocrx_word' id='word_1_53' title='bbox 2032 1622 2282 1696; x_wconf 86' lang='lat' dir='ltr'><strong>futuris</strong></span> <span class='ocrx_word' id='word_1_54' title='bbox 2333 1631 2689 1718; x_wconf 81' lang='lat' dir='ltr'><strong>presentes</strong></span> <span class='ocrx_word' id='word_1_55' title='bbox 2730 1621 2993 1694; x_wconf 80' lang='lat' dir='ltr'><strong>litteras</strong></span> <span class='ocrx_word' id='word_1_56' title='bbox 3033 1620 3285 1695; x_wconf 87' lang='lat' dir='ltr'><strong>visuris</strong></span> <span class='ocrx_word' id='word_1_57' title='bbox 3317 1622 3433 1695; x_wconf 81' lang='lat' dir='ltr'><strong>vel</strong></span> 
     </span>
     <span class='ocr_line' id='line_1_8' title="bbox 613 1744 3433 1843; baseline 0.001 -26"><span class='ocrx_word' id='word_1_58' title='bbox 613 1744 981 1838; x_wconf 83' lang='lat' dir='ltr'><strong>audituris,</strong></span> <span class='ocrx_word' id='word_1_59' title='bbox 1002 1747 1394 1819; x_wconf 88' lang='lat' dir='ltr'><strong>Gualterius</strong></span> <span class='ocrx_word' id='word_1_60' title='bbox 1426 1748 1516 1820; x_wconf 90' lang='lat' dir='ltr'><strong>de</strong></span> <span class='ocrx_word' id='word_1_61' title='bbox 1540 1750 1742 1839; x_wconf 85' lang='lat' dir='ltr'><strong>Ocra,</strong></span> <span class='ocrx_word' id='word_1_62' title='bbox 1765 1748 2132 1843; x_wconf 86' lang='lat' dir='ltr'><strong>Capuanus</strong></span> <span class='ocrx_word' id='word_1_63' title='bbox 2164 1749 2427 1820; x_wconf 88' lang='lat' dir='ltr'><strong>electus</strong></span> <span class='ocrx_word' id='word_1_64' title='bbox 2455 1757 2526 1820; x_wconf 90' lang='lat' dir='ltr'><strong>et</strong></span> <span class='ocrx_word' id='word_1_65' title='bbox 2552 1746 2813 1820; x_wconf 89' lang='lat' dir='ltr'><strong>domini</strong></span> <span class='ocrx_word' id='word_1_66' title='bbox 2846 1745 3277 1841; x_wconf 88' lang='lat' dir='ltr'><strong>imperatoris</strong></span> <span class='ocrx_word' id='word_1_67' title='bbox 3304 1767 3433 1819; x_wconf 91' lang='lat' dir='ltr'><strong>no-</strong></span> 
     </span>
     <span class='ocr_line' id='line_1_9' title="bbox 617 1868 3440 1968; baseline 0.001 -28"><span class='ocrx_word' id='word_1_68' title='bbox 617 1868 832 1941; x_wconf 88' lang='lat' dir='ltr'><strong>tarius</strong></span> <span class='ocrx_word' id='word_1_69' title='bbox 872 1879 944 1941; x_wconf 88' lang='lat' dir='ltr'><strong>et</strong></span> <span class='ocrx_word' id='word_1_70' title='bbox 983 1871 1420 1966; x_wconf 77' lang='lat' dir='ltr'><strong>capellanuS,</strong></span> <span class='ocrx_word' id='word_1_71' title='bbox 1465 1873 1760 1944; x_wconf 87' lang='lat' dir='ltr'><strong>salutem</strong></span> <span class='ocrx_word' id='word_1_72' title='bbox 1807 1882 1877 1944; x_wconf 87' lang='lat' dir='ltr'><strong>et</strong></span> <span class='ocrx_word' id='word_1_73' title='bbox 1917 1894 2287 1968; x_wconf 83' lang='lat' dir='ltr'><strong>syncerum</strong></span> <span class='ocrx_word' id='word_1_74' title='bbox 2334 1871 2724 1946; x_wconf 84' lang='lat' dir='ltr'><strong>dilectionis</strong></span> <span class='ocrx_word' id='word_1_75' title='bbox 2767 1870 3116 1943; x_wconf 85' lang='lat' dir='ltr'><strong>affectum.</strong></span> <span class='ocrx_word' id='word_1_76' title='bbox 3153 1870 3440 1944; x_wconf 80' lang='lat' dir='ltr'><strong>Noverit</strong></span> 
     </span>
     <span class='ocr_line' id='line_1_10' title="bbox 614 1994 3434 2094; baseline 0.002 -29"><span class='ocrx_word' id='word_1_77' title='bbox 614 1994 1028 2067; x_wconf 81' lang='lat' dir='ltr'><strong>universitas</strong></span> <span class='ocrx_word' id='word_1_78' title='bbox 1052 2007 1284 2068; x_wconf 87' lang='lat' dir='ltr'><strong>vestra</strong></span> <span class='ocrx_word' id='word_1_79' title='bbox 1318 1996 1507 2090; x_wconf 88' lang='lat' dir='ltr'><strong>quod</strong></span> <span class='ocrx_word' id='word_1_80' title='bbox 1536 2018 1664 2069; x_wconf 89' lang='lat' dir='ltr'><strong>nos</strong></span> <span class='ocrx_word' id='word_1_81' title='bbox 1690 1998 2109 2070; x_wconf 80' lang='lat' dir='ltr'><strong>authoritate</strong></span> <span class='ocrx_word' id='word_1_82' title='bbox 2146 1996 2652 2094; x_wconf 83' lang='lat' dir='ltr'><strong>procurationis</strong></span> <span class='ocrx_word' id='word_1_83' title='bbox 2684 2005 2754 2068; x_wconf 88' lang='lat' dir='ltr'><strong>et</strong></span> <span class='ocrx_word' id='word_1_84' title='bbox 2780 1994 3097 2091; x_wconf 88' lang='lat' dir='ltr'><strong>specialis</strong></span> <span class='ocrx_word' id='word_1_85' title='bbox 3127 1995 3434 2088; x_wconf 73' lang='lat' dir='ltr'><strong>mandati</strong></span> 
     </span>
     <span class='ocr_line' id='line_1_11' title="bbox 613 2119 3436 2218; baseline 0 -26"><span class='ocrx_word' id='word_1_86' title='bbox 613 2142 654 2192; x_wconf 88' lang='lat' dir='ltr'><strong>a</strong></span> <span class='ocrx_word' id='word_1_87' title='bbox 677 2119 959 2193; x_wconf 91' lang='lat' dir='ltr'><strong>domino</strong></span> <span class='ocrx_word' id='word_1_88' title='bbox 979 2120 1395 2216; x_wconf 85' lang='lat' dir='ltr'><strong>imperatore</strong></span> <span class='ocrx_word' id='word_1_89' title='bbox 1422 2123 1622 2195; x_wconf 91' lang='lat' dir='ltr'><strong>nobis</strong></span> <span class='ocrx_word' id='word_1_90' title='bbox 1644 2124 1834 2213; x_wconf 84' lang='lat' dir='ltr'><strong>facti,</strong></span> <span class='ocrx_word' id='word_1_91' title='bbox 1863 2123 2322 2218; x_wconf 79' lang='lat' dir='ltr'><strong>obligavimus</strong></span> <span class='ocrx_word' id='word_1_92' title='bbox 2350 2123 2673 2196; x_wconf 91' lang='lat' dir='ltr'><strong>eumdem</strong></span> <span class='ocrx_word' id='word_1_93' title='bbox 2693 2121 3048 2194; x_wconf 89' lang='lat' dir='ltr'><strong>dominum</strong></span> <span class='ocrx_word' id='word_1_94' title='bbox 3068 2120 3436 2216; x_wconf 83' lang='lat' dir='ltr'><strong>imperato·</strong></span> 
     </span>
     <span class='ocr_line' id='line_1_12' title="bbox 612 2245 3437 2343; baseline 0.001 -27"><span class='ocrx_word' id='word_1_95' title='bbox 612 2267 758 2316; x_wconf 89' lang='lat' dir='ltr'><strong>rem</strong></span> <span class='ocrx_word' id='word_1_96' title='bbox 791 2255 862 2317; x_wconf 90' lang='lat' dir='ltr'><strong>et</strong></span> <span class='ocrx_word' id='word_1_97' title='bbox 891 2247 1325 2319; x_wconf 82' lang='lat' dir='ltr'><strong>Manfredum</strong></span> <span class='ocrx_word' id='word_1_98' title='bbox 1358 2249 1696 2319; x_wconf 89' lang='lat' dir='ltr'><strong>Lanceam</strong></span> <span class='ocrx_word' id='word_1_99' title='bbox 1725 2247 1945 2319; x_wconf 90' lang='lat' dir='ltr'><strong>filium</strong></span> <span class='ocrx_word' id='word_1_100' title='bbox 1979 2248 2130 2340; x_wconf 86' lang='lat' dir='ltr'><strong>ejus</strong></span> <span class='ocrx_word' id='word_1_101' title='bbox 2157 2257 2230 2320; x_wconf 86' lang='lat' dir='ltr'><strong>et</strong></span> <span class='ocrx_word' id='word_1_102' title='bbox 2260 2248 2333 2319; x_wconf 90' lang='lat' dir='ltr'><strong>in</strong></span> <span class='ocrx_word' id='word_1_103' title='bbox 2361 2248 2591 2320; x_wconf 90' lang='lat' dir='ltr'><strong>anima</strong></span> <span class='ocrx_word' id='word_1_104' title='bbox 2623 2247 2927 2343; x_wconf 89' lang='lat' dir='ltr'><strong>ipsorum</strong></span> <span class='ocrx_word' id='word_1_105' title='bbox 2948 2245 3337 2339; x_wconf 86' lang='lat' dir='ltr'><strong>juravimus</strong></span> <span class='ocrx_word' id='word_1_106' title='bbox 3362 2254 3437 2318; x_wconf 87' lang='lat' dir='ltr'><strong>et</strong></span> 
     </span>
    </p>
   </div>
   <div class='ocr_carea' id='block_1_5' title="bbox 473 2350 3433 2463">
    <p class='ocr_par' dir='ltr' id='par_1_5' title="bbox 473 2350 3433 2463">
     <span class='ocr_line' id='line_1_13' title="bbox 473 2350 3433 2463; baseline -0.001 -22"><span class='ocrx_word' id='word_1_107' title='bbox 473 2350 482 2358; x_wconf 59' lang='grc'><strong>’</strong></span> <span class='ocrx_word' id='word_1_108' title='bbox 603 2370 1001 2463; x_wconf 88' lang='lat' dir='ltr'><strong>juramento</strong></span> <span class='ocrx_word' id='word_1_109' title='bbox 1054 2380 1373 2443; x_wconf 88' lang='lat' dir='ltr'><strong>tenemur</strong></span> <span class='ocrx_word' id='word_1_110' title='bbox 1422 2372 1707 2445; x_wconf 92' lang='lat' dir='ltr'><strong>domino</strong></span> <span class='ocrx_word' id='word_1_111' title='bbox 1760 2371 2071 2444; x_wconf 89' lang='lat' dir='ltr'><strong>Amedeo</strong></span> <span class='ocrx_word' id='word_1_112' title='bbox 2122 2372 2356 2444; x_wconf 89' lang='lat' dir='ltr'><strong>comiti</strong></span> <span class='ocrx_word' id='word_1_113' title='bbox 2401 2372 2745 2444; x_wconf 89' lang='lat' dir='ltr'><strong>Sabaudie</strong></span> <span class='ocrx_word' id='word_1_114' title='bbox 2792 2380 2862 2442; x_wconf 90' lang='lat' dir='ltr'><strong>et</strong></span> <span class='ocrx_word' id='word_1_115' title='bbox 2901 2370 2970 2441; x_wconf 92' lang='lat' dir='ltr'><strong>in</strong></span> <span class='ocrx_word' id='word_1_116' title='bbox 3015 2369 3207 2442; x_wconf 91' lang='lat' dir='ltr'><strong>Italia</strong></span> <span class='ocrx_word' id='word_1_117' title='bbox 3247 2389 3433 2440; x_wconf 90' lang='lat' dir='ltr'><strong>mar-</strong></span> 
     </span>
    </p>
   </div>
   <div class='ocr_carea' id='block_1_6' title="bbox 599 2494 3501 4834">
    <p class='ocr_par' dir='ltr' id='par_1_6' title="bbox 599 2494 3434 3955">
     <span class='ocr_line' id='line_1_14' title="bbox 614 2494 3434 2593; baseline -0 -28"><span class='ocrx_word' id='word_1_118' title='bbox 614 2495 844 2567; x_wconf 91' lang='lat' dir='ltr'><strong>chioni</strong></span> <span class='ocrx_word' id='word_1_119' title='bbox 886 2497 1338 2568; x_wconf 87' lang='lat' dir='ltr'><strong>infallibiliter</strong></span> <span class='ocrx_word' id='word_1_120' title='bbox 1379 2499 1603 2569; x_wconf 86' lang='lat' dir='ltr'><strong>facere</strong></span> <span class='ocrx_word' id='word_1_121' title='bbox 1638 2507 1708 2569; x_wconf 92' lang='lat' dir='ltr'><strong>et</strong></span> <span class='ocrx_word' id='word_1_122' title='bbox 1736 2512 2105 2593; x_wconf 87' lang='lat' dir='ltr'><strong>procurare</strong></span> <span class='ocrx_word' id='word_1_123' title='bbox 2139 2497 2329 2591; x_wconf 90' lang='lat' dir='ltr'><strong>quod</strong></span> <span class='ocrx_word' id='word_1_124' title='bbox 2359 2496 2711 2592; x_wconf 91' lang='lat' dir='ltr'><strong>predictus</strong></span> <span class='ocrx_word' id='word_1_125' title='bbox 2741 2494 3136 2567; x_wconf 81' lang='lat' dir='ltr'><strong>Maufredus</strong></span> <span class='ocrx_word' id='word_1_126' title='bbox 3165 2494 3434 2565; x_wconf 81' lang='lat' dir='ltr'><strong>Lancea</strong></span> 
     </span>
     <span class='ocr_line' id='line_1_15' title="bbox 612 2616 3430 2716; baseline -0.001 -27"><span class='ocrx_word' id='word_1_127' title='bbox 612 2617 793 2690; x_wconf 89' lang='lat' dir='ltr'><strong>filius</strong></span> <span class='ocrx_word' id='word_1_128' title='bbox 827 2621 1136 2712; x_wconf 88' lang='lat' dir='ltr'><strong>ejusdem</strong></span> <span class='ocrx_word' id='word_1_129' title='bbox 1173 2621 1434 2693; x_wconf 91' lang='lat' dir='ltr'><strong>domini</strong></span> <span class='ocrx_word' id='word_1_130' title='bbox 1474 2622 1908 2716; x_wconf 90' lang='lat' dir='ltr'><strong>imperatoris</strong></span> <span class='ocrx_word' id='word_1_131' title='bbox 1941 2621 2150 2692; x_wconf 89' lang='lat' dir='ltr'><strong>ducet</strong></span> <span class='ocrx_word' id='word_1_132' title='bbox 2186 2620 2257 2690; x_wconf 89' lang='lat' dir='ltr'><strong>in</strong></span> <span class='ocrx_word' id='word_1_133' title='bbox 2295 2641 2590 2692; x_wconf 86' lang='lat' dir='ltr'><strong>uxorem</strong></span> <span class='ocrx_word' id='word_1_134' title='bbox 2628 2618 3008 2710; x_wconf 80' lang='lat' dir='ltr'><strong>legitimam</strong></span> <span class='ocrx_word' id='word_1_135' title='bbox 3050 2616 3430 2688; x_wconf 89' lang='lat' dir='ltr'><strong>Beatricem</strong></span> 
     </span>
     <span class='ocr_line' id='line_1_16' title="bbox 611 2743 3431 2840; baseline -0.001 -25"><span class='ocrx_word' id='word_1_136' title='bbox 611 2743 1026 2816; x_wconf 81' lang='lat' dir='ltr'><strong>comitissam</strong></span> <span class='ocrx_word' id='word_1_137' title='bbox 1047 2744 1513 2817; x_wconf 87' lang='lat' dir='ltr'><strong>Saluciensem</strong></span> <span class='ocrx_word' id='word_1_138' title='bbox 1532 2744 1745 2818; x_wconf 85' lang='lat' dir='ltr'><strong>filiam</strong></span> <span class='ocrx_word' id='word_1_139' title='bbox 1763 2745 2034 2819; x_wconf 88' lang='lat' dir='ltr'><strong>comitis</strong></span> <span class='ocrx_word' id='word_1_140' title='bbox 2056 2744 2460 2840; x_wconf 89' lang='lat' dir='ltr'><strong>supradicti,</strong></span> <span class='ocrx_word' id='word_1_141' title='bbox 2485 2764 2708 2837; x_wconf 91' lang='lat' dir='ltr'><strong>usque</strong></span> <span class='ocrx_word' id='word_1_142' title='bbox 2733 2764 2858 2838; x_wconf 88' lang='lat' dir='ltr'><strong>per</strong></span> <span class='ocrx_word' id='word_1_143' title='bbox 2880 2751 3099 2815; x_wconf 90' lang='lat' dir='ltr'><strong>totum</strong></span> <span class='ocrx_word' id='word_1_144' title='bbox 3119 2760 3431 2816; x_wconf 90' lang='lat' dir='ltr'><strong>mensem</strong></span> 
     </span>
     <span class='ocr_line' id='line_1_17' title="bbox 609 2864 3429 2967; baseline 0 -30"><span class='ocrx_word' id='word_1_145' title='bbox 609 2867 773 2938; x_wconf 87' lang='lat' dir='ltr'><strong>maii</strong></span> <span class='ocrx_word' id='word_1_146' title='bbox 802 2869 1118 2964; x_wconf 86' lang='lat' dir='ltr'><strong>proxime</strong></span> <span class='ocrx_word' id='word_1_147' title='bbox 1152 2872 1488 2962; x_wconf 87' lang='lat' dir='ltr'><strong>futurum,</strong></span> <span class='ocrx_word' id='word_1_148' title='bbox 1513 2871 1699 2967; x_wconf 88' lang='lat' dir='ltr'><strong>apud</strong></span> <span class='ocrx_word' id='word_1_149' title='bbox 1718 2869 2028 2961; x_wconf 86' lang='lat' dir='ltr'><strong>Trinum,</strong></span> <span class='ocrx_word' id='word_1_150' title='bbox 2047 2871 2350 2942; x_wconf 91' lang='lat' dir='ltr'><strong>Montem</strong></span> <span class='ocrx_word' id='word_1_151' title='bbox 2384 2868 2752 2959; x_wconf 86' lang='lat' dir='ltr'><strong>Galerium,</strong></span> <span class='ocrx_word' id='word_1_152' title='bbox 2772 2867 3052 2964; x_wconf 79' lang='lat' dir='ltr'><strong>Ripolas</strong></span> <span class='ocrx_word' id='word_1_153' title='bbox 3077 2865 3223 2939; x_wconf 84' lang='lat' dir='ltr'><strong>sive</strong></span> <span class='ocrx_word' id='word_1_154' title='bbox 3252 2864 3429 2939; x_wconf 83' lang='lat' dir='ltr'><strong>Che-</strong></span> 
     </span>
     <span class='ocr_line' id='line_1_18' title="bbox 609 2990 3432 3092; baseline 0 -31"><span class='ocrx_word' id='word_1_155' title='bbox 609 2991 822 3082; x_wconf 91' lang='lat' dir='ltr'><strong>rium,</strong></span> <span class='ocrx_word' id='word_1_156' title='bbox 853 2993 944 3064; x_wconf 88' lang='lat' dir='ltr'><strong>ad</strong></span> <span class='ocrx_word' id='word_1_157' title='bbox 982 2993 1167 3065; x_wconf 90' lang='lat' dir='ltr'><strong>diem</strong></span> <span class='ocrx_word' id='word_1_158' title='bbox 1214 3005 1473 3067; x_wconf 87' lang='lat' dir='ltr'><strong>certam</strong></span> <span class='ocrx_word' id='word_1_159' title='bbox 1520 3017 1730 3090; x_wconf 89' lang='lat' dir='ltr'><strong>quam</strong></span> <span class='ocrx_word' id='word_1_160' title='bbox 1770 2995 2127 3092; x_wconf 88' lang='lat' dir='ltr'><strong>predictus</strong></span> <span class='ocrx_word' id='word_1_161' title='bbox 2172 2994 2492 3067; x_wconf 91' lang='lat' dir='ltr'><strong>dominus</strong></span> <span class='ocrx_word' id='word_1_162' title='bbox 2528 2993 2904 3089; x_wconf 87' lang='lat' dir='ltr'><strong>imperator</strong></span> <span class='ocrx_word' id='word_1_163' title='bbox 2934 3014 3093 3063; x_wconf 91' lang='lat' dir='ltr'><strong>cum</strong></span> <span class='ocrx_word' id='word_1_164' title='bbox 3128 2990 3432 3062; x_wconf 89' lang='lat' dir='ltr'><strong>Imberto</strong></span> 
     </span>
     <span class='ocr_line' id='line_1_19' title="bbox 609 3113 3431 3213; baseline -0.001 -26"><span class='ocrx_word' id='word_1_165' title='bbox 609 3115 699 3187; x_wconf 90' lang='lat' dir='ltr'><strong>de</strong></span> <span class='ocrx_word' id='word_1_166' title='bbox 729 3117 1025 3187; x_wconf 82' lang='lat' dir='ltr'><strong>Saxellis</strong></span> <span class='ocrx_word' id='word_1_167' title='bbox 1053 3126 1123 3188; x_wconf 90' lang='lat' dir='ltr'><strong>et</strong></span> <span class='ocrx_word' id='word_1_168' title='bbox 1152 3119 1452 3193; x_wconf 89' lang='lat' dir='ltr'><strong>Imberto</strong></span> <span class='ocrx_word' id='word_1_169' title='bbox 1484 3122 1859 3193; x_wconf 87' lang='lat' dir='ltr'><strong>castellano</strong></span> <span class='ocrx_word' id='word_1_170' title='bbox 1889 3120 2209 3194; x_wconf 90' lang='lat' dir='ltr'><strong>Avillane</strong></span> <span class='ocrx_word' id='word_1_171' title='bbox 2235 3118 2496 3190; x_wconf 87' lang='lat' dir='ltr'><strong>nuntiis</strong></span> <span class='ocrx_word' id='word_1_172' title='bbox 2524 3128 2594 3191; x_wconf 91' lang='lat' dir='ltr'><strong>et</strong></span> <span class='ocrx_word' id='word_1_173' title='bbox 2620 3117 3184 3213; x_wconf 88' lang='lat' dir='ltr'><strong>procuratoribus</strong></span> <span class='ocrx_word' id='word_1_174' title='bbox 3214 3113 3431 3188; x_wconf 88' lang='lat' dir='ltr'><strong>comi·</strong></span> 
     </span>
     <span class='ocr_line' id='line_1_20' title="bbox 610 3237 3434 3345; baseline 0.001 -36"><span class='ocrx_word' id='word_1_175' title='bbox 610 3237 695 3309; x_wconf 88' lang='lat' dir='ltr'><strong>tis</strong></span> <span class='ocrx_word' id='word_1_176' title='bbox 727 3238 1105 3334; x_wconf 88' lang='lat' dir='ltr'><strong>supradicti</strong></span> <span class='ocrx_word' id='word_1_177' title='bbox 1132 3240 1412 3313; x_wconf 82' lang='lat' dir='ltr'><strong>duxerit</strong></span> <span class='ocrx_word' id='word_1_178' title='bbox 1438 3242 1952 3345; x_wconf 53' lang='lat' dir='ltr'><strong>prefigendum3</strong></span> <span class='ocrx_word' id='word_1_179' title='bbox 1984 3244 2417 3316; x_wconf 87' lang='lat' dir='ltr'><strong>restitutione</strong></span> <span class='ocrx_word' id='word_1_180' title='bbox 2451 3242 2657 3315; x_wconf 86' lang='lat' dir='ltr'><strong>castri</strong></span> <span class='ocrx_word' id='word_1_181' title='bbox 2690 3240 3091 3336; x_wconf 78' lang='lat' dir='ltr'><strong>flipularum</strong></span> <span class='ocrx_word' id='word_1_182' title='bbox 3118 3238 3434 3313; x_wconf 81' lang='lat' dir='ltr'><strong>facienda</strong></span> 
     </span>
     <span class='ocr_line' id='line_1_21' title="bbox 608 3363 3434 3461; baseline 0 -25"><span class='ocrx_word' id='word_1_183' title='bbox 608 3363 842 3436; x_wconf 91' lang='lat' dir='ltr'><strong>comiti</strong></span> <span class='ocrx_word' id='word_1_184' title='bbox 876 3375 1259 3438; x_wconf 88' lang='lat' dir='ltr'><strong>memorato</strong></span> <span class='ocrx_word' id='word_1_185' title='bbox 1287 3366 1401 3438; x_wconf 87' lang='lat' dir='ltr'><strong>vel</strong></span> <span class='ocrx_word' id='word_1_186' title='bbox 1437 3365 1764 3461; x_wconf 88' lang='lat' dir='ltr'><strong>predictis</strong></span> <span class='ocrx_word' id='word_1_187' title='bbox 1789 3367 2052 3438; x_wconf 87' lang='lat' dir='ltr'><strong>nuntiis</strong></span> <span class='ocrx_word' id='word_1_188' title='bbox 2079 3367 2222 3439; x_wconf 90' lang='lat' dir='ltr'><strong>suis</strong></span> <span class='ocrx_word' id='word_1_189' title='bbox 2256 3388 2300 3437; x_wconf 91' lang='lat' dir='ltr'><strong>a</strong></span> <span class='ocrx_word' id='word_1_190' title='bbox 2332 3367 2616 3439; x_wconf 93' lang='lat' dir='ltr'><strong>domino</strong></span> <span class='ocrx_word' id='word_1_191' title='bbox 2643 3367 3058 3461; x_wconf 88' lang='lat' dir='ltr'><strong>imperatore</strong></span> <span class='ocrx_word' id='word_1_192' title='bbox 3086 3365 3266 3437; x_wconf 86' lang='lat' dir='ltr'><strong>infra</strong></span> <span class='ocrx_word' id='word_1_193' title='bbox 3294 3365 3434 3436; x_wconf 76' lang='lat' dir='ltr'><strong>fes-</strong></span> 
     </span>
     <span class='ocr_line' id='line_1_22' title="bbox 611 3489 3432 3586; baseline -0.001 -25"><span class='ocrx_word' id='word_1_194' title='bbox 611 3497 755 3561; x_wconf 88' lang='lat' dir='ltr'><strong>tum</strong></span> <span class='ocrx_word' id='word_1_195' title='bbox 784 3490 1223 3562; x_wconf 88' lang='lat' dir='ltr'><strong>Pentecostes</strong></span> <span class='ocrx_word' id='word_1_196' title='bbox 1255 3490 1574 3585; x_wconf 82' lang='lat' dir='ltr'><strong>proximo</strong></span> <span class='ocrx_word' id='word_1_197' title='bbox 1597 3490 1932 3582; x_wconf 85' lang='lat' dir='ltr'><strong>futurum,</strong></span> <span class='ocrx_word' id='word_1_198' title='bbox 1963 3490 2278 3586; x_wconf 88' lang='lat' dir='ltr'><strong>predicto</strong></span> <span class='ocrx_word' id='word_1_199' title='bbox 2310 3489 2750 3561; x_wconf 89' lang='lat' dir='ltr'><strong>matrimonio</strong></span> <span class='ocrx_word' id='word_1_200' title='bbox 2783 3489 3228 3585; x_wconf 87' lang='lat' dir='ltr'><strong>precedente.</strong></span> <span class='ocrx_word' id='word_1_201' title='bbox 3260 3490 3432 3560; x_wconf 90' lang='lat' dir='ltr'><strong>Item</strong></span> 
     </span>
     <span class='ocr_line' id='line_1_23' title="bbox 599 3610 3433 3708; baseline -0.002 -23"><span class='ocrx_word' id='word_1_202' title='bbox 599 3614 990 3706; x_wconf 86' lang='lat' dir='ltr'><strong>juravimus</strong></span> <span class='ocrx_word' id='word_1_203' title='bbox 1047 3623 1119 3685; x_wconf 90' lang='lat' dir='ltr'><strong>et</strong></span> <span class='ocrx_word' id='word_1_204' title='bbox 1182 3614 1641 3708; x_wconf 72' lang='lat' dir='ltr'><strong>obligavimus</strong></span> <span class='ocrx_word' id='word_1_205' title='bbox 1705 3613 2032 3689; x_wconf 88' lang='lat' dir='ltr'><strong>eumdem</strong></span> <span class='ocrx_word' id='word_1_206' title='bbox 2091 3613 2455 3686; x_wconf 88' lang='lat' dir='ltr'><strong>dominum</strong></span> <span class='ocrx_word' id='word_1_207' title='bbox 2512 3613 3003 3708; x_wconf 87' lang='lat' dir='ltr'><strong>imperatorem</strong></span> <span class='ocrx_word' id='word_1_208' title='bbox 3060 3611 3251 3708; x_wconf 82' lang='lat' dir='ltr'><strong>quod</strong></span> <span class='ocrx_word' id='word_1_209' title='bbox 3312 3610 3433 3681; x_wconf 91' lang='lat' dir='ltr'><strong>ubi</strong></span> 
     </span>
     <span class='ocr_line' id='line_1_24' title="bbox 608 3734 3432 3835; baseline -0.001 -25"><span class='ocrx_word' id='word_1_210' title='bbox 608 3739 855 3810; x_wconf 88' lang='lat' dir='ltr'><strong>melius</strong></span> <span class='ocrx_word' id='word_1_211' title='bbox 886 3739 1224 3835; x_wconf 83' lang='lat' dir='ltr'><strong>placuerit</strong></span> <span class='ocrx_word' id='word_1_212' title='bbox 1260 3739 1448 3812; x_wconf 91' lang='lat' dir='ltr'><strong>dicto</strong></span> <span class='ocrx_word' id='word_1_213' title='bbox 1483 3739 1715 3812; x_wconf 88' lang='lat' dir='ltr'><strong>comiti</strong></span> <span class='ocrx_word' id='word_1_214' title='bbox 1754 3740 1866 3810; x_wconf 87' lang='lat' dir='ltr'><strong>vel</strong></span> <span class='ocrx_word' id='word_1_215' title='bbox 1905 3738 2167 3810; x_wconf 86' lang='lat' dir='ltr'><strong>nuntiis</strong></span> <span class='ocrx_word' id='word_1_216' title='bbox 2210 3739 2356 3811; x_wconf 89' lang='lat' dir='ltr'><strong>suis</strong></span> <span class='ocrx_word' id='word_1_217' title='bbox 2399 3739 2472 3810; x_wconf 88' lang='lat' dir='ltr'><strong>in</strong></span> <span class='ocrx_word' id='word_1_218' title='bbox 2513 3737 2838 3833; x_wconf 79' lang='lat' dir='ltr'><strong>imperio,</strong></span> <span class='ocrx_word' id='word_1_219' title='bbox 2879 3738 3063 3810; x_wconf 87' lang='lat' dir='ltr'><strong>idem</strong></span> <span class='ocrx_word' id='word_1_220' title='bbox 3107 3734 3432 3810; x_wconf 89' lang='lat' dir='ltr'><strong>dominus</strong></span> 
     </span>
     <span class='ocr_line' id='line_1_25' title="bbox 606 3860 3432 3955; baseline -0.002 -20"><span class='ocrx_word' id='word_1_221' title='bbox 606 3873 861 3936; x_wconf 87' lang='lat' dir='ltr'><strong>statuet</strong></span> <span class='ocrx_word' id='word_1_222' title='bbox 907 3874 977 3935; x_wconf 91' lang='lat' dir='ltr'><strong>et</strong></span> <span class='ocrx_word' id='word_1_223' title='bbox 1021 3864 1370 3937; x_wconf 89' lang='lat' dir='ltr'><strong>ordinabit</strong></span> <span class='ocrx_word' id='word_1_224' title='bbox 1427 3864 1744 3936; x_wconf 88' lang='lat' dir='ltr'><strong>doarium</strong></span> <span class='ocrx_word' id='word_1_225' title='bbox 1795 3864 1984 3934; x_wconf 83' lang='lat' dir='ltr'><strong>mille</strong></span> <span class='ocrx_word' id='word_1_226' title='bbox 2034 3864 2474 3937; x_wconf 87' lang='lat' dir='ltr'><strong>marcharum</strong></span> <span class='ocrx_word' id='word_1_227' title='bbox 2522 3863 2790 3955; x_wconf 88' lang='lat' dir='ltr'><strong>argenti</strong></span> <span class='ocrx_word' id='word_1_228' title='bbox 2841 3861 3155 3934; x_wconf 85' lang='lat' dir='ltr'><strong>redditus</strong></span> <span class='ocrx_word' id='word_1_229' title='bbox 3200 3860 3432 3933; x_wconf 90' lang='lat' dir='ltr'><strong>eidem</strong></span> 
     </span>
    </p>

    <p class='ocr_par' dir='ltr' id='par_1_7' title="bbox 603 3966 3501 4834">
     <span class='ocr_line' id='line_1_26' title="bbox 606 3966 3501 4084; baseline -0 -25"><span class='ocrx_word' id='word_1_230' title='bbox 606 3986 886 4062; x_wconf 79' lang='lat' dir='ltr'><strong>domine</strong></span> <span class='ocrx_word' id='word_1_231' title='bbox 948 3990 1177 4063; x_wconf 86' lang='lat' dir='ltr'><strong>future</strong></span> <span class='ocrx_word' id='word_1_232' title='bbox 1232 3990 1438 4062; x_wconf 84' lang='lat' dir='ltr'><strong>uxori</strong></span> <span class='ocrx_word' id='word_1_233' title='bbox 1489 3989 1782 4084; x_wconf 67' lang='lat' dir='ltr'><strong>predicti</strong></span> <span class='ocrx_word' id='word_1_234' title='bbox 1839 3988 1962 4061; x_wconf 75' lang='lat' dir='ltr'><strong>fini</strong></span> <span class='ocrx_word' id='word_1_235' title='bbox 2014 3990 2161 4083; x_wconf 52' lang='grc' dir='ltr'><strong>πη</strong></span> <span class='ocrx_word' id='word_1_236' title='bbox 2226 3988 2419 4083; x_wconf 84' lang='lat' dir='ltr'><strong>quod</strong></span> <span class='ocrx_word' id='word_1_237' title='bbox 2474 3988 2816 4081; x_wconf 85' lang='lat' dir='ltr'><strong>siquidem</strong></span> <span class='ocrx_word' id='word_1_238' title='bbox 2872 3987 3189 4067; x_wconf 78' lang='lat' dir='ltr'><strong>doarium</strong></span> <span class='ocrx_word' id='word_1_239' title='bbox 3248 3985 3433 4058; x_wconf 77' lang='lat' dir='ltr'><strong>dicta</strong></span> <span class='ocrx_word' id='word_1_240' title='bbox 3494 3966 3501 3971; x_wconf 76' lang='grc'>’</span> 
     </span>
     <span class='ocr_line' id='line_1_27' title="bbox 605 4108 3432 4213; baseline -0.001 -29"><span class='ocrx_word' id='word_1_241' title='bbox 605 4110 885 4185; x_wconf 90' lang='lat' dir='ltr'><strong>domina</strong></span> <span class='ocrx_word' id='word_1_242' title='bbox 920 4115 1257 4210; x_wconf 77' lang='lat' dir='ltr'><strong>percipiet</strong></span> <span class='ocrx_word' id='word_1_243' title='bbox 1307 4124 1451 4189; x_wconf 87' lang='lat' dir='ltr'><strong>toto</strong></span> <span class='ocrx_word' id='word_1_244' title='bbox 1490 4126 1800 4213; x_wconf 89' lang='lat' dir='ltr'><strong>tempore</strong></span> <span class='ocrx_word' id='word_1_245' title='bbox 1828 4114 1970 4187; x_wconf 87' lang='lat' dir='ltr'><strong>vite</strong></span> <span class='ocrx_word' id='word_1_246' title='bbox 1999 4136 2150 4205; x_wconf 90' lang='lat' dir='ltr'><strong>sue,</strong></span> <span class='ocrx_word' id='word_1_247' title='bbox 2186 4113 2243 4185; x_wconf 90' lang='lat' dir='ltr'><strong>si</strong></span> <span class='ocrx_word' id='word_1_248' title='bbox 2275 4136 2403 4209; x_wconf 89' lang='lat' dir='ltr'><strong>per</strong></span> <span class='ocrx_word' id='word_1_249' title='bbox 2427 4122 2718 4186; x_wconf 89' lang='lat' dir='ltr'><strong>mortem</strong></span> <span class='ocrx_word' id='word_1_250' title='bbox 2760 4111 2890 4184; x_wconf 88' lang='lat' dir='ltr'><strong>viri</strong></span> <span class='ocrx_word' id='word_1_251' title='bbox 2920 4108 3432 4182; x_wconf 88' lang='lat' dir='ltr'><strong>matrimonium</strong></span> 
     </span>
     <span class='ocr_line' id='line_1_28' title="bbox 605 4232 3432 4333; baseline -0.001 -26"><span class='ocrx_word' id='word_1_252' title='bbox 605 4236 1014 4311; x_wconf 87' lang='lat' dir='ltr'><strong>solveretur.</strong></span> <span class='ocrx_word' id='word_1_253' title='bbox 1053 4239 1224 4311; x_wconf 86' lang='lat' dir='ltr'><strong>Item</strong></span> <span class='ocrx_word' id='word_1_254' title='bbox 1265 4239 1655 4332; x_wconf 88' lang='lat' dir='ltr'><strong>juravimus</strong></span> <span class='ocrx_word' id='word_1_255' title='bbox 1704 4249 1773 4310; x_wconf 91' lang='lat' dir='ltr'><strong>et</strong></span> <span class='ocrx_word' id='word_1_256' title='bbox 1812 4238 2273 4332; x_wconf 88' lang='lat' dir='ltr'><strong>obligavimus</strong></span> <span class='ocrx_word' id='word_1_257' title='bbox 2306 4237 2693 4333; x_wconf 88' lang='lat' dir='ltr'><strong>predictum</strong></span> <span class='ocrx_word' id='word_1_258' title='bbox 2733 4232 3093 4309; x_wconf 90' lang='lat' dir='ltr'><strong>domiuum</strong></span> <span class='ocrx_word' id='word_1_259' title='bbox 3134 4233 3432 4329; x_wconf 89' lang='lat' dir='ltr'><strong>impera-</strong></span> 
     </span>
     <span class='ocr_line' id='line_1_29' title="bbox 607 4359 3434 4458; baseline 0 -27"><span class='ocrx_word' id='word_1_260' title='bbox 607 4369 824 4433; x_wconf 89' lang='lat' dir='ltr'><strong>torem</strong></span> <span class='ocrx_word' id='word_1_261' title='bbox 870 4363 1058 4457; x_wconf 87' lang='lat' dir='ltr'><strong>quod</strong></span> <span class='ocrx_word' id='word_1_262' title='bbox 1105 4364 1283 4435; x_wconf 86' lang='lat' dir='ltr'><strong>infra</strong></span> <span class='ocrx_word' id='word_1_263' title='bbox 1334 4366 1584 4436; x_wconf 80' lang='lat' dir='ltr'><strong>festum</strong></span> <span class='ocrx_word' id='word_1_264' title='bbox 1632 4365 2075 4436; x_wconf 88' lang='lat' dir='ltr'><strong>Pentecostes</strong></span> <span class='ocrx_word' id='word_1_265' title='bbox 2115 4362 2437 4458; x_wconf 82' lang='lat' dir='ltr'><strong>proximo</strong></span> <span class='ocrx_word' id='word_1_266' title='bbox 2487 4362 2795 4434; x_wconf 86' lang='lat' dir='ltr'><strong>futurum</strong></span> <span class='ocrx_word' id='word_1_267' title='bbox 2845 4359 3159 4432; x_wconf 88' lang='lat' dir='ltr'><strong>restituet</strong></span> <span class='ocrx_word' id='word_1_268' title='bbox 3201 4360 3434 4433; x_wconf 91' lang='lat' dir='ltr'><strong>eidem</strong></span> 
     </span>
     <span class='ocr_line' id='line_1_30' title="bbox 603 4484 3435 4584; baseline -0.001 -27"><span class='ocrx_word' id='word_1_269' title='bbox 603 4485 838 4558; x_wconf 86' lang='lat' dir='ltr'><strong>comiti</strong></span> <span class='ocrx_word' id='word_1_270' title='bbox 870 4487 1213 4561; x_wconf 88' lang='lat' dir='ltr'><strong>Sabaudie</strong></span> <span class='ocrx_word' id='word_1_271' title='bbox 1246 4489 1461 4561; x_wconf 89' lang='lat' dir='ltr'><strong>libere</strong></span> <span class='ocrx_word' id='word_1_272' title='bbox 1492 4499 1796 4561; x_wconf 89' lang='lat' dir='ltr'><strong>castrum</strong></span> <span class='ocrx_word' id='word_1_273' title='bbox 1828 4488 2229 4584; x_wconf 87' lang='lat' dir='ltr'><strong>Ripolarum</strong></span> <span class='ocrx_word' id='word_1_274' title='bbox 2263 4509 2422 4559; x_wconf 91' lang='lat' dir='ltr'><strong>cum</strong></span> <span class='ocrx_word' id='word_1_275' title='bbox 2456 4486 2778 4558; x_wconf 90' lang='lat' dir='ltr'><strong>omnibus</strong></span> <span class='ocrx_word' id='word_1_276' title='bbox 2804 4484 3116 4578; x_wconf 89' lang='lat' dir='ltr'><strong>juribus,</strong></span> <span class='ocrx_word' id='word_1_277' title='bbox 3148 4484 3435 4577; x_wconf 88' lang='lat' dir='ltr'><strong>justitiis</strong></span> 
     </span>
     <span class='ocr_line' id='line_1_31' title="bbox 605 4609 3435 4708; baseline -0.001 -27"><span class='ocrx_word' id='word_1_278' title='bbox 605 4618 674 4682; x_wconf 87' lang='lat' dir='ltr'><strong>et</strong></span> <span class='ocrx_word' id='word_1_279' title='bbox 703 4609 1138 4706; x_wconf 85' lang='lat' dir='ltr'><strong>pertinentiis</strong></span> <span class='ocrx_word' id='word_1_280' title='bbox 1170 4613 1313 4685; x_wconf 91' lang='lat' dir='ltr'><strong>suis</strong></span> <span class='ocrx_word' id='word_1_281' title='bbox 1345 4614 1721 4687; x_wconf 87' lang='lat' dir='ltr'><strong>tenendum</strong></span> <span class='ocrx_word' id='word_1_282' title='bbox 1755 4614 1846 4685; x_wconf 88' lang='lat' dir='ltr'><strong>ab</strong></span> <span class='ocrx_word' id='word_1_283' title='bbox 1881 4611 2173 4708; x_wconf 92' lang='lat' dir='ltr'><strong>imperio</strong></span> <span class='ocrx_word' id='word_1_284' title='bbox 2204 4621 2273 4685; x_wconf 87' lang='lat' dir='ltr'><strong>et</strong></span> <span class='ocrx_word' id='word_1_285' title='bbox 2303 4610 2574 4708; x_wconf 90' lang='lat' dir='ltr'><strong>abipso</strong></span> <span class='ocrx_word' id='word_1_286' title='bbox 2601 4609 2883 4685; x_wconf 91' lang='lat' dir='ltr'><strong>domino</strong></span> <span class='ocrx_word' id='word_1_287' title='bbox 2910 4610 3330 4706; x_wconf 89' lang='lat' dir='ltr'><strong>imperatore</strong></span> <span class='ocrx_word' id='word_1_288' title='bbox 3365 4615 3435 4679; x_wconf 88' lang='lat' dir='ltr'><strong>et</strong></span> 
     </span>
     <span class='ocr_line' id='line_1_32' title="bbox 603 4729 3434 4834; baseline 0 -30"><span class='ocrx_word' id='word_1_289' title='bbox 603 4732 981 4809; x_wconf 84' lang='lat' dir='ltr'><strong>heredibus</strong></span> <span class='ocrx_word' id='word_1_290' title='bbox 1011 4737 1155 4809; x_wconf 94' lang='lat' dir='ltr'><strong>suis</strong></span> <span class='ocrx_word' id='word_1_291' title='bbox 1186 4738 1320 4811; x_wconf 91' lang='lat' dir='ltr'><strong>sibi</strong></span> <span class='ocrx_word' id='word_1_292' title='bbox 1351 4739 1424 4810; x_wconf 92' lang='lat' dir='ltr'><strong>in</strong></span> <span class='ocrx_word' id='word_1_293' title='bbox 1455 4738 1748 4834; x_wconf 90' lang='lat' dir='ltr'><strong>imperio</strong></span> <span class='ocrx_word' id='word_1_294' title='bbox 1784 4737 2325 4830; x_wconf 88' lang='lat' dir='ltr'><strong>successoribus,</strong></span> <span class='ocrx_word' id='word_1_295' title='bbox 2364 4746 2437 4811; x_wconf 90' lang='lat' dir='ltr'><strong>et</strong></span> <span class='ocrx_word' id='word_1_296' title='bbox 2472 4735 2867 4813; x_wconf 84' lang='lat' dir='ltr'><strong>faciendum</strong></span> <span class='ocrx_word' id='word_1_297' title='bbox 2900 4756 2995 4809; x_wconf 78' lang='lat' dir='ltr'><strong>ex.</strong></span> <span class='ocrx_word' id='word_1_298' title='bbox 3020 4754 3106 4808; x_wconf 90' lang='lat' dir='ltr'><strong>eo</strong></span> <span class='ocrx_word' id='word_1_299' title='bbox 3138 4732 3317 4807; x_wconf 86' lang='lat' dir='ltr'><strong>sicut</strong></span> <span class='ocrx_word' id='word_1_300' title='bbox 3344 4729 3434 4805; x_wconf 89' lang='lat' dir='ltr'><strong>de</strong></span> 
     </span>
    </p>
   </div>
  </div>
 </body>
</html>
