<?xml version="1.0" encoding="UTF-8"?>
<!DOCTYPE html PUBLIC "-//W3C//DTD XHTML 1.0 Transitional//EN"
    "http://www.w3.org/TR/xhtml1/DTD/xhtml1-transitional.dtd">
<html xmlns="http://www.w3.org/1999/xhtml" xml:lang="en" lang="en">
 <head>
  <title>
</title>
<meta http-equiv="Content-Type" content="text/html;charset=utf-8" />
  <meta name='ocr-system' content='tesseract 3.04.00' />
  <meta name='ocr-capabilities' content='ocr_page ocr_carea ocr_par ocr_line ocrx_word'/>
</head>
<body>
  <div class='ocr_page' id='page_1' title='image "./historiadiploma00degoog_0230.png"; bbox 0 0 4364 5738; ppageno 0'>
   <div class='ocr_carea' id='block_1_1' title="bbox 1026 577 3850 662">
    <p class='ocr_par' dir='ltr' id='par_1_1' title="bbox 1026 577 3850 662">
     <span class='ocr_line' id='line_1_1' title="bbox 1026 577 3850 662; baseline -0.001 -15"><span class='ocrx_word' id='word_1_1' title='bbox 1026 586 1149 649; x_wconf 77' lang='lat'>216</span> <span class='ocrx_word' id='word_1_2' title='bbox 2029 577 2461 641; x_wconf 65' lang='lat' dir='ltr'>ramulum</span> <span class='ocrx_word' id='word_1_3' title='bbox 2510 578 2856 641; x_wconf 60' lang='lat' dir='ltr'>seculum</span> <span class='ocrx_word' id='word_1_4' title='bbox 3472 578 3638 662; x_wconf 70' lang='lat' dir='ltr'><strong>[An.</strong></span> <span class='ocrx_word' id='word_1_5' title='bbox 3674 580 3850 645; x_wconf 65' lang='lat'><strong>1214.</strong></span> 
     </span>
    </p>
   </div>
   <div class='ocr_carea' id='block_1_2' title="bbox 1018 711 3880 4765">
    <p class='ocr_par' dir='ltr' id='par_1_2' title="bbox 1018 711 3880 4765">
     <span class='ocr_line' id='line_1_2' title="bbox 1018 711 3851 810; baseline -0.002 -14"><span class='ocrx_word' id='word_1_6' title='bbox 1018 721 1188 796; x_wconf 91' lang='lat' dir='ltr'>cerii</span> <span class='ocrx_word' id='word_1_7' title='bbox 1222 719 1488 791; x_wconf 91' lang='lat' dir='ltr'>nullam</span> <span class='ocrx_word' id='word_1_8' title='bbox 1516 715 1952 810; x_wconf 81' lang='lat' dir='ltr'>questionem</span> <span class='ocrx_word' id='word_1_9' title='bbox 1982 713 2410 806; x_wconf 81' lang='lat' dir='ltr'><strong>referebant,</strong></span> <span class='ocrx_word' id='word_1_10' title='bbox 2452 715 2580 787; x_wconf 92' lang='lat' dir='ltr'>sed</span> <span class='ocrx_word' id='word_1_11' title='bbox 2607 715 2828 808; x_wconf 85' lang='lat' dir='ltr'>ipsam</span> <span class='ocrx_word' id='word_1_12' title='bbox 2864 734 2939 785; x_wconf 91' lang='lat' dir='ltr'>se</span> <span class='ocrx_word' id='word_1_13' title='bbox 2977 711 3382 786; x_wconf 80' lang='lat' dir='ltr'>dimissuros</span> <span class='ocrx_word' id='word_1_14' title='bbox 3420 713 3492 785; x_wconf 88' lang='lat' dir='ltr'>in</span> <span class='ocrx_word' id='word_1_15' title='bbox 3525 716 3851 789; x_wconf 91' lang='lat' dir='ltr'>manibus</span> 
     </span>
     <span class='ocr_line' id='line_1_3' title="bbox 1029 835 3853 936; baseline -0.002 -18"><span class='ocrx_word' id='word_1_16' title='bbox 1029 844 1282 918; x_wconf 89' lang='lat' dir='ltr'>nostris</span> <span class='ocrx_word' id='word_1_17' title='bbox 1325 839 1729 936; x_wconf 88' lang='lat' dir='ltr'>simpliciter</span> <span class='ocrx_word' id='word_1_18' title='bbox 1771 837 2180 912; x_wconf 83' lang='lat' dir='ltr'>offerebant.</span> <span class='ocrx_word' id='word_1_19' title='bbox 2218 838 2556 910; x_wconf 78' lang='lat' dir='ltr'><strong>Petebant</strong></span> <span class='ocrx_word' id='word_1_20' title='bbox 2593 846 2830 911; x_wconf 91' lang='lat' dir='ltr'>autem</span> <span class='ocrx_word' id='word_1_21' title='bbox 2871 835 3166 932; x_wconf 79' lang='lat' dir='ltr'>predicti</span> <span class='ocrx_word' id='word_1_22' title='bbox 3199 837 3569 911; x_wconf 89' lang='lat' dir='ltr'>Lombardi</span> <span class='ocrx_word' id='word_1_23' title='bbox 3607 841 3853 913; x_wconf 88' lang='lat' dir='ltr'>remis-</span> 
     </span>
     <span class='ocr_line' id='line_1_4' title="bbox 1030 961 3858 1057; baseline -0.002 -16"><span class='ocrx_word' id='word_1_24' title='bbox 1030 970 1299 1041; x_wconf 88' lang='lat' dir='ltr'>sionem</span> <span class='ocrx_word' id='word_1_25' title='bbox 1329 965 1639 1039; x_wconf 91' lang='lat' dir='ltr'>omnium</span> <span class='ocrx_word' id='word_1_26' title='bbox 1671 962 2089 1035; x_wconf 84' lang='lat' dir='ltr'>offensarum</span> <span class='ocrx_word' id='word_1_27' title='bbox 2122 982 2250 1057; x_wconf 90' lang='lat' dir='ltr'>per</span> <span class='ocrx_word' id='word_1_28' title='bbox 2286 982 2408 1034; x_wconf 89' lang='lat' dir='ltr'>eos</span> <span class='ocrx_word' id='word_1_29' title='bbox 2438 970 2679 1035; x_wconf 90' lang='lat' dir='ltr'>contra</span> <span class='ocrx_word' id='word_1_30' title='bbox 2710 982 2841 1033; x_wconf 89' lang='lat' dir='ltr'>nos</span> <span class='ocrx_word' id='word_1_31' title='bbox 2873 970 2945 1033; x_wconf 94' lang='lat' dir='ltr'>et</span> <span class='ocrx_word' id='word_1_32' title='bbox 2973 961 3323 1055; x_wconf 84' lang='lat' dir='ltr'>principes</span> <span class='ocrx_word' id='word_1_33' title='bbox 3356 963 3702 1056; x_wconf 85' lang='lat' dir='ltr'>quoslibet</span> <span class='ocrx_word' id='word_1_34' title='bbox 3734 985 3858 1036; x_wconf 89' lang='lat' dir='ltr'>seu</span> 
     </span>
     <span class='ocr_line' id='line_1_5' title="bbox 1032 1084 3860 1184; baseline -0.002 -19"><span class='ocrx_word' id='word_1_35' title='bbox 1032 1101 1274 1166; x_wconf 90' lang='lat' dir='ltr'>contra</span> <span class='ocrx_word' id='word_1_36' title='bbox 1305 1087 1673 1184; x_wconf 90' lang='lat' dir='ltr'>imperium</span> <span class='ocrx_word' id='word_1_37' title='bbox 1713 1085 2263 1160; x_wconf 88' lang='lat' dir='ltr'>commissarum.</span> <span class='ocrx_word' id='word_1_38' title='bbox 2306 1086 2644 1158; x_wconf 87' lang='lat' dir='ltr'>Petebant</span> <span class='ocrx_word' id='word_1_39' title='bbox 2683 1086 2891 1156; x_wconf 90' lang='lat' dir='ltr'>etiam</span> <span class='ocrx_word' id='word_1_40' title='bbox 2921 1084 3114 1177; x_wconf 85' lang='lat' dir='ltr'>quod</span> <span class='ocrx_word' id='word_1_41' title='bbox 3146 1107 3276 1158; x_wconf 90' lang='lat' dir='ltr'>nos</span> <span class='ocrx_word' id='word_1_42' title='bbox 3300 1087 3860 1182; x_wconf 81' lang='lat' dir='ltr'>promitteremus</span> 
     </span>
     <span class='ocr_line' id='line_1_6' title="bbox 1035 1209 3859 1306; baseline -0.001 -19"><span class='ocrx_word' id='word_1_43' title='bbox 1035 1236 1154 1287; x_wconf 89' lang='lat' dir='ltr'>eas</span> <span class='ocrx_word' id='word_1_44' title='bbox 1189 1233 1604 1286; x_wconf 89' lang='lat' dir='ltr'>conservare</span> <span class='ocrx_word' id='word_1_45' title='bbox 1635 1210 1949 1282; x_wconf 88' lang='lat' dir='ltr'>civitates</span> <span class='ocrx_word' id='word_1_46' title='bbox 1992 1219 2157 1282; x_wconf 88' lang='lat' dir='ltr'>tuuc</span> <span class='ocrx_word' id='word_1_47' title='bbox 2193 1209 2490 1282; x_wconf 87' lang='lat' dir='ltr'>rebelles</span> <span class='ocrx_word' id='word_1_48' title='bbox 2520 1211 2749 1282; x_wconf 89' lang='lat' dir='ltr'>salvas</span> <span class='ocrx_word' id='word_1_49' title='bbox 2783 1219 2857 1281; x_wconf 91' lang='lat' dir='ltr'>et</span> <span class='ocrx_word' id='word_1_50' title='bbox 2894 1209 3200 1302; x_wconf 88' lang='lat' dir='ltr'>integras</span> <span class='ocrx_word' id='word_1_51' title='bbox 3236 1210 3486 1301; x_wconf 86' lang='lat' dir='ltr'>muris,</span> <span class='ocrx_word' id='word_1_52' title='bbox 3535 1212 3753 1306; x_wconf 89' lang='lat' dir='ltr'>portis</span> <span class='ocrx_word' id='word_1_53' title='bbox 3789 1222 3859 1284; x_wconf 91' lang='lat' dir='ltr'>et</span> 
     </span>
     <span class='ocr_line' id='line_1_7' title="bbox 1035 1333 3861 1428; baseline -0 -19"><span class='ocrx_word' id='word_1_54' title='bbox 1035 1339 1344 1428; x_wconf 80' lang='lat' dir='ltr'>fossatis,</span> <span class='ocrx_word' id='word_1_55' title='bbox 1383 1347 1455 1408; x_wconf 94' lang='lat' dir='ltr'>et</span> <span class='ocrx_word' id='word_1_56' title='bbox 1490 1337 1562 1406; x_wconf 93' lang='lat' dir='ltr'>in</span> <span class='ocrx_word' id='word_1_57' title='bbox 1595 1333 1785 1406; x_wconf 90' lang='lat' dir='ltr'>omni</span> <span class='ocrx_word' id='word_1_58' title='bbox 1836 1355 1922 1406; x_wconf 95' lang='lat' dir='ltr'>eo</span> <span class='ocrx_word' id='word_1_59' title='bbox 1975 1343 2160 1405; x_wconf 89' lang='lat' dir='ltr'>statu</span> <span class='ocrx_word' id='word_1_60' title='bbox 2207 1333 2281 1404; x_wconf 90' lang='lat' dir='ltr'>in</span> <span class='ocrx_word' id='word_1_61' title='bbox 2331 1354 2475 1427; x_wconf 87' lang='lat' dir='ltr'>quo</span> <span class='ocrx_word' id='word_1_62' title='bbox 2529 1343 2695 1404; x_wconf 92' lang='lat' dir='ltr'>tunc</span> <span class='ocrx_word' id='word_1_63' title='bbox 2735 1343 2959 1405; x_wconf 88' lang='lat' dir='ltr'>erant.</span> <span class='ocrx_word' id='word_1_64' title='bbox 3008 1334 3232 1428; x_wconf 91' lang='lat' dir='ltr'>Super</span> <span class='ocrx_word' id='word_1_65' title='bbox 3268 1334 3861 1426; x_wconf 88' lang='lat' dir='ltr'>jurisdictionibus</span> 
     </span>
     <span class='ocr_line' id='line_1_8' title="bbox 1035 1457 3861 1555; baseline -0.001 -22"><span class='ocrx_word' id='word_1_66' title='bbox 1035 1471 1268 1533; x_wconf 89' lang='lat' dir='ltr'>autem</span> <span class='ocrx_word' id='word_1_67' title='bbox 1312 1460 1647 1555; x_wconf 88' lang='lat' dir='ltr'>petebant</span> <span class='ocrx_word' id='word_1_68' title='bbox 1677 1457 1868 1550; x_wconf 90' lang='lat' dir='ltr'>quod</span> <span class='ocrx_word' id='word_1_69' title='bbox 1904 1479 2033 1530; x_wconf 90' lang='lat' dir='ltr'>nos</span> <span class='ocrx_word' id='word_1_70' title='bbox 2064 1478 2184 1530; x_wconf 88' lang='lat' dir='ltr'>eas</span> <span class='ocrx_word' id='word_1_71' title='bbox 2224 1457 2619 1529; x_wconf 85' lang='lat' dir='ltr'>civitatibus</span> <span class='ocrx_word' id='word_1_72' title='bbox 2659 1477 3228 1529; x_wconf 83' lang='lat' dir='ltr'>conservaremus</span> <span class='ocrx_word' id='word_1_73' title='bbox 3257 1478 3396 1549; x_wconf 86' lang='lat' dir='ltr'>que</span> <span class='ocrx_word' id='word_1_74' title='bbox 3439 1458 3528 1530; x_wconf 94' lang='lat' dir='ltr'>de</span> <span class='ocrx_word' id='word_1_75' title='bbox 3566 1458 3668 1531; x_wconf 93' lang='lat' dir='ltr'>eis</span> <span class='ocrx_word' id='word_1_76' title='bbox 3703 1480 3861 1555; x_wconf 79' lang='lat' dir='ltr'>spe-</span> 
     </span>
     <span class='ocr_line' id='line_1_9' title="bbox 1035 1580 3861 1679; baseline 0 -23"><span class='ocrx_word' id='word_1_77' title='bbox 1035 1585 1236 1656; x_wconf 88' lang='lat' dir='ltr'>cialia</span> <span class='ocrx_word' id='word_1_78' title='bbox 1268 1582 1627 1679; x_wconf 89' lang='lat' dir='ltr'>privilegia</span> <span class='ocrx_word' id='word_1_79' title='bbox 1654 1590 1813 1676; x_wconf 88' lang='lat' dir='ltr'>post</span> <span class='ocrx_word' id='word_1_80' title='bbox 1837 1602 2085 1677; x_wconf 81' lang='lat' dir='ltr'>pacem</span> <span class='ocrx_word' id='word_1_81' title='bbox 2111 1580 2506 1653; x_wconf 89' lang='lat' dir='ltr'>Constantie</span> <span class='ocrx_word' id='word_1_82' title='bbox 2538 1602 2580 1651; x_wconf 89' lang='lat' dir='ltr'>a</span> <span class='ocrx_word' id='word_1_83' title='bbox 2608 1580 3213 1675; x_wconf 88' lang='lat' dir='ltr'>predecessoribus</span> <span class='ocrx_word' id='word_1_84' title='bbox 3240 1580 3657 1656; x_wconf 88' lang='lat' dir='ltr'>habuerunt.</span> <span class='ocrx_word' id='word_1_85' title='bbox 3690 1583 3861 1656; x_wconf 90' lang='lat' dir='ltr'>Item</span> 
     </span>
     <span class='ocr_line' id='line_1_10' title="bbox 1038 1704 3863 1803; baseline 0 -23"><span class='ocrx_word' id='word_1_86' title='bbox 1038 1709 1371 1803; x_wconf 87' lang='lat' dir='ltr'>petebant</span> <span class='ocrx_word' id='word_1_87' title='bbox 1403 1707 1493 1779; x_wconf 94' lang='lat' dir='ltr'>de</span> <span class='ocrx_word' id='word_1_88' title='bbox 1538 1706 1863 1778; x_wconf 90' lang='lat' dir='ltr'>omnibus</span> <span class='ocrx_word' id='word_1_89' title='bbox 1904 1704 2059 1777; x_wconf 91' lang='lat' dir='ltr'>aliis</span> <span class='ocrx_word' id='word_1_90' title='bbox 2099 1705 2377 1797; x_wconf 87' lang='lat' dir='ltr'>castris,</span> <span class='ocrx_word' id='word_1_91' title='bbox 2413 1705 2636 1795; x_wconf 84' lang='lat' dir='ltr'>vinis,</span> <span class='ocrx_word' id='word_1_92' title='bbox 2677 1706 2988 1794; x_wconf 79' lang='lat' dir='ltr'>ruribuS,</span> <span class='ocrx_word' id='word_1_93' title='bbox 3032 1704 3449 1796; x_wconf 88' lang='lat' dir='ltr'>honoribus,</span> <span class='ocrx_word' id='word_1_94' title='bbox 3485 1704 3574 1778; x_wconf 88' lang='lat' dir='ltr'>de</span> <span class='ocrx_word' id='word_1_95' title='bbox 3612 1707 3863 1800; x_wconf 89' lang='lat' dir='ltr'>quibus</span> 
     </span>
     <span class='ocr_line' id='line_1_11' title="bbox 1037 1827 3860 1929; baseline -0.002 -23"><span class='ocrx_word' id='word_1_96' title='bbox 1037 1832 1362 1929; x_wconf 84' lang='lat' dir='ltr'>specialia</span> <span class='ocrx_word' id='word_1_97' title='bbox 1399 1828 1758 1925; x_wconf 91' lang='lat' dir='ltr'>privilegia</span> <span class='ocrx_word' id='word_1_98' title='bbox 1785 1838 1864 1899; x_wconf 93' lang='lat' dir='ltr'>ut</span> <span class='ocrx_word' id='word_1_99' title='bbox 1899 1828 2165 1900; x_wconf 92' lang='lat' dir='ltr'>dictum</span> <span class='ocrx_word' id='word_1_100' title='bbox 2199 1837 2306 1899; x_wconf 91' lang='lat' dir='ltr'>est</span> <span class='ocrx_word' id='word_1_101' title='bbox 2331 1827 2645 1899; x_wconf 87' lang='lat' dir='ltr'>civitates</span> <span class='ocrx_word' id='word_1_102' title='bbox 2673 1827 3053 1900; x_wconf 86' lang='lat' dir='ltr'>habebant.</span> <span class='ocrx_word' id='word_1_103' title='bbox 3086 1830 3190 1900; x_wconf 91' lang='lat' dir='ltr'>De</span> <span class='ocrx_word' id='word_1_104' title='bbox 3222 1827 3356 1900; x_wconf 90' lang='lat' dir='ltr'>hiis</span> <span class='ocrx_word' id='word_1_105' title='bbox 3391 1839 3624 1901; x_wconf 90' lang='lat' dir='ltr'>autem</span> <span class='ocrx_word' id='word_1_106' title='bbox 3649 1831 3860 1922; x_wconf 88' lang='lat' dir='ltr'>juris-</span> 
     </span>
     <span class='ocr_line' id='line_1_12' title="bbox 1040 1951 3861 2048; baseline -0.001 -18"><span class='ocrx_word' id='word_1_107' title='bbox 1040 1955 1489 2046; x_wconf 83' lang='lat' dir='ltr'>dictionibus,</span> <span class='ocrx_word' id='word_1_108' title='bbox 1528 1953 1728 2026; x_wconf 91' lang='lat' dir='ltr'>terris</span> <span class='ocrx_word' id='word_1_109' title='bbox 1766 1962 1837 2025; x_wconf 90' lang='lat' dir='ltr'>et</span> <span class='ocrx_word' id='word_1_110' title='bbox 1859 1952 2137 2045; x_wconf 89' lang='lat' dir='ltr'>juribus</span> <span class='ocrx_word' id='word_1_111' title='bbox 2169 1951 2259 2024; x_wconf 90' lang='lat' dir='ltr'>de</span> <span class='ocrx_word' id='word_1_112' title='bbox 2288 1952 2543 2045; x_wconf 85' lang='lat' dir='ltr'>quibus</span> <span class='ocrx_word' id='word_1_113' title='bbox 2574 1951 2900 2047; x_wconf 86' lang='lat' dir='ltr'>specialia</span> <span class='ocrx_word' id='word_1_114' title='bbox 2926 1952 3286 2048; x_wconf 88' lang='lat' dir='ltr'>privilegia</span> <span class='ocrx_word' id='word_1_115' title='bbox 3315 1975 3455 2024; x_wconf 90' lang='lat' dir='ltr'>nou</span> <span class='ocrx_word' id='word_1_116' title='bbox 3482 1952 3861 2045; x_wconf 85' lang='lat' dir='ltr'>habebant,</span> 
     </span>
     <span class='ocr_line' id='line_1_13' title="bbox 1040 2075 3859 2173; baseline -0.002 -19"><span class='ocrx_word' id='word_1_117' title='bbox 1040 2079 1420 2154; x_wconf 88' lang='lat' dir='ltr'>offerebant</span> <span class='ocrx_word' id='word_1_118' title='bbox 1473 2098 1548 2148; x_wconf 90' lang='lat' dir='ltr'>se</span> <span class='ocrx_word' id='word_1_119' title='bbox 1599 2086 1783 2148; x_wconf 87' lang='lat' dir='ltr'>stare</span> <span class='ocrx_word' id='word_1_120' title='bbox 1823 2075 1966 2168; x_wconf 88' lang='lat' dir='ltr'>juri</span> <span class='ocrx_word' id='word_1_121' title='bbox 2021 2075 2093 2147; x_wconf 92' lang='lat' dir='ltr'>in</span> <span class='ocrx_word' id='word_1_122' title='bbox 2146 2075 2337 2147; x_wconf 90' lang='lat' dir='ltr'>curia</span> <span class='ocrx_word' id='word_1_123' title='bbox 2382 2086 2620 2146; x_wconf 90' lang='lat' dir='ltr'>nostra</span> <span class='ocrx_word' id='word_1_124' title='bbox 2672 2086 2745 2146; x_wconf 93' lang='lat' dir='ltr'>et</span> <span class='ocrx_word' id='word_1_125' title='bbox 2801 2096 3035 2146; x_wconf 89' lang='lat' dir='ltr'>coram</span> <span class='ocrx_word' id='word_1_126' title='bbox 3088 2075 3512 2170; x_wconf 89' lang='lat' dir='ltr'>principibus</span> <span class='ocrx_word' id='word_1_127' title='bbox 3566 2077 3859 2173; x_wconf 89' lang='lat' dir='ltr'>imperii.</span> 
     </span>
     <span class='ocr_line' id='line_1_14' title="bbox 1041 2198 3867 2298; baseline -0 -23"><span class='ocrx_word' id='word_1_128' title='bbox 1041 2203 1455 2298; x_wconf 88' lang='lat' dir='ltr'>Simpliciter</span> <span class='ocrx_word' id='word_1_129' title='bbox 1494 2212 1727 2273; x_wconf 89' lang='lat' dir='ltr'>autem</span> <span class='ocrx_word' id='word_1_130' title='bbox 1777 2198 2165 2273; x_wconf 83' lang='lat' dir='ltr'>offerebant</span> <span class='ocrx_word' id='word_1_131' title='bbox 2214 2199 2579 2271; x_wconf 90' lang='lat' dir='ltr'>restituere</span> <span class='ocrx_word' id='word_1_132' title='bbox 2631 2198 2832 2270; x_wconf 89' lang='lat' dir='ltr'>nobis</span> <span class='ocrx_word' id='word_1_133' title='bbox 2882 2199 3214 2292; x_wconf 79' lang='lat' dir='ltr'>quicquid</span> <span class='ocrx_word' id='word_1_134' title='bbox 3263 2199 3639 2296; x_wconf 85' lang='lat' dir='ltr'>imperator</span> <span class='ocrx_word' id='word_1_135' title='bbox 3689 2204 3867 2274; x_wconf 89' lang='lat' dir='ltr'>Hen-</span> 
     </span>
     <span class='ocr_line' id='line_1_15' title="bbox 1043 2323 3868 2418; baseline -0 -19"><span class='ocrx_word' id='word_1_136' title='bbox 1043 2328 1227 2399; x_wconf 88' lang='lat' dir='ltr'>ricus</span> <span class='ocrx_word' id='word_1_137' title='bbox 1280 2337 1597 2399; x_wconf 90' lang='lat' dir='ltr'>tenuerat</span> <span class='ocrx_word' id='word_1_138' title='bbox 1633 2347 1855 2418; x_wconf 89' lang='lat' dir='ltr'>usque</span> <span class='ocrx_word' id='word_1_139' title='bbox 1898 2324 1991 2396; x_wconf 89' lang='lat' dir='ltr'>ad</span> <span class='ocrx_word' id='word_1_140' title='bbox 2025 2324 2293 2395; x_wconf 90' lang='lat' dir='ltr'>obitum</span> <span class='ocrx_word' id='word_1_141' title='bbox 2338 2345 2568 2396; x_wconf 89' lang='lat' dir='ltr'>suum.</span> <span class='ocrx_word' id='word_1_142' title='bbox 2616 2323 3021 2397; x_wconf 87' lang='lat' dir='ltr'>Civitatibus</span> <span class='ocrx_word' id='word_1_143' title='bbox 3062 2333 3299 2395; x_wconf 91' lang='lat' dir='ltr'>autem</span> <span class='ocrx_word' id='word_1_144' title='bbox 3333 2345 3472 2417; x_wconf 88' lang='lat' dir='ltr'>que</span> <span class='ocrx_word' id='word_1_145' title='bbox 3506 2324 3868 2398; x_wconf 88' lang='lat' dir='ltr'>nobiscum</span> 
     </span>
     <span class='ocr_line' id='line_1_16' title="bbox 1047 2446 3869 2546; baseline -0.001 -23"><span class='ocrx_word' id='word_1_146' title='bbox 1047 2466 1214 2524; x_wconf 89' lang='lat' dir='ltr'>tunc</span> <span class='ocrx_word' id='word_1_147' title='bbox 1242 2460 1442 2522; x_wconf 92' lang='lat' dir='ltr'>erant</span> <span class='ocrx_word' id='word_1_148' title='bbox 1468 2460 1540 2522; x_wconf 91' lang='lat' dir='ltr'>et</span> <span class='ocrx_word' id='word_1_149' title='bbox 1573 2470 1762 2520; x_wconf 90' lang='lat' dir='ltr'>nunc</span> <span class='ocrx_word' id='word_1_150' title='bbox 1802 2458 1965 2519; x_wconf 90' lang='lat' dir='ltr'>suut</span> <span class='ocrx_word' id='word_1_151' title='bbox 1998 2446 2383 2520; x_wconf 83' lang='lat' dir='ltr'>offerebant</span> <span class='ocrx_word' id='word_1_152' title='bbox 2419 2470 2493 2521; x_wconf 90' lang='lat' dir='ltr'>se</span> <span class='ocrx_word' id='word_1_153' title='bbox 2537 2447 2896 2520; x_wconf 89' lang='lat' dir='ltr'>restituros</span> <span class='ocrx_word' id='word_1_154' title='bbox 2923 2448 3258 2542; x_wconf 89' lang='lat' dir='ltr'>quicquid</span> <span class='ocrx_word' id='word_1_155' title='bbox 3291 2448 3379 2520; x_wconf 92' lang='lat' dir='ltr'>de</span> <span class='ocrx_word' id='word_1_156' title='bbox 3404 2449 3564 2540; x_wconf 88' lang='lat' dir='ltr'>jure</span> <span class='ocrx_word' id='word_1_157' title='bbox 3600 2459 3673 2521; x_wconf 88' lang='lat' dir='ltr'>et</span> <span class='ocrx_word' id='word_1_158' title='bbox 3709 2471 3869 2546; x_wconf 90' lang='lat' dir='ltr'>per-</span> 
     </span>
     <span class='ocr_line' id='line_1_17' title="bbox 1049 2569 3871 2668; baseline -0 -22"><span class='ocrx_word' id='word_1_159' title='bbox 1049 2574 1354 2646; x_wconf 89' lang='lat' dir='ltr'>tinentiis</span> <span class='ocrx_word' id='word_1_160' title='bbox 1410 2574 1719 2667; x_wconf 85' lang='lat' dir='ltr'>ipsamm</span> <span class='ocrx_word' id='word_1_161' title='bbox 1776 2569 2153 2644; x_wconf 87' lang='lat' dir='ltr'>habebant.</span> <span class='ocrx_word' id='word_1_162' title='bbox 2210 2574 2435 2668; x_wconf 91' lang='lat' dir='ltr'>Super</span> <span class='ocrx_word' id='word_1_163' title='bbox 2476 2571 2835 2644; x_wconf 88' lang='lat' dir='ltr'>obsidibus</span> <span class='ocrx_word' id='word_1_164' title='bbox 2878 2583 3114 2643; x_wconf 89' lang='lat' dir='ltr'>autem</span> <span class='ocrx_word' id='word_1_165' title='bbox 3168 2572 3525 2645; x_wconf 85' lang='lat' dir='ltr'>altercatio</span> <span class='ocrx_word' id='word_1_166' title='bbox 3581 2573 3750 2663; x_wconf 73' lang='lat' dir='ltr'>fuit3</span> <span class='ocrx_word' id='word_1_167' title='bbox 3800 2584 3871 2645; x_wconf 93' lang='lat' dir='ltr'>et</span> 
     </span>
     <span class='ocr_line' id='line_1_18' title="bbox 1049 2695 3867 2791; baseline 0 -23"><span class='ocrx_word' id='word_1_168' title='bbox 1049 2719 1177 2770; x_wconf 91' lang='lat' dir='ltr'>uos</span> <span class='ocrx_word' id='word_1_169' title='bbox 1210 2719 1329 2769; x_wconf 92' lang='lat' dir='ltr'>eos</span> <span class='ocrx_word' id='word_1_170' title='bbox 1368 2696 1460 2768; x_wconf 89' lang='lat' dir='ltr'>ad</span> <span class='ocrx_word' id='word_1_171' title='bbox 1495 2696 1839 2767; x_wconf 89' lang='lat' dir='ltr'>cautelam</span> <span class='ocrx_word' id='word_1_172' title='bbox 1870 2706 2177 2768; x_wconf 91' lang='lat' dir='ltr'>nostram</span> <span class='ocrx_word' id='word_1_173' title='bbox 2217 2706 2288 2766; x_wconf 86' lang='lat' dir='ltr'>et</span> <span class='ocrx_word' id='word_1_174' title='bbox 2318 2695 2588 2791; x_wconf 88' lang='lat' dir='ltr'>imperii</span> <span class='ocrx_word' id='word_1_175' title='bbox 2633 2696 3041 2789; x_wconf 89' lang='lat' dir='ltr'>petebamus</span> <span class='ocrx_word' id='word_1_176' title='bbox 3072 2716 3203 2768; x_wconf 91' lang='lat' dir='ltr'>nec</span> <span class='ocrx_word' id='word_1_177' title='bbox 3233 2697 3682 2768; x_wconf 88' lang='lat' dir='ltr'>sacramentis</span> <span class='ocrx_word' id='word_1_178' title='bbox 3715 2708 3867 2769; x_wconf 92' lang='lat' dir='ltr'>tan-</span> 
     </span>
     <span class='ocr_line' id='line_1_19' title="bbox 1052 2818 3871 2916; baseline 0 -21"><span class='ocrx_word' id='word_1_179' title='bbox 1052 2833 1199 2895; x_wconf 92' lang='lat' dir='ltr'>tum</span> <span class='ocrx_word' id='word_1_180' title='bbox 1238 2821 1646 2895; x_wconf 89' lang='lat' dir='ltr'>volebamus</span> <span class='ocrx_word' id='word_1_181' title='bbox 1686 2840 1839 2892; x_wconf 92' lang='lat' dir='ltr'>esse</span> <span class='ocrx_word' id='word_1_182' title='bbox 1883 2819 2229 2911; x_wconf 86' lang='lat' dir='ltr'>contenti;</span> <span class='ocrx_word' id='word_1_183' title='bbox 2276 2841 2452 2913; x_wconf 88' lang='lat' dir='ltr'>quos</span> <span class='ocrx_word' id='word_1_184' title='bbox 2490 2818 2621 2916; x_wconf 90' lang='lat' dir='ltr'>ipsi</span> <span class='ocrx_word' id='word_1_185' title='bbox 2667 2820 3062 2892; x_wconf 89' lang='lat' dir='ltr'>nullatenus</span> <span class='ocrx_word' id='word_1_186' title='bbox 3112 2841 3187 2892; x_wconf 91' lang='lat' dir='ltr'>se</span> <span class='ocrx_word' id='word_1_187' title='bbox 3233 2820 3401 2893; x_wconf 92' lang='lat' dir='ltr'>dare</span> <span class='ocrx_word' id='word_1_188' title='bbox 3451 2820 3631 2893; x_wconf 85' lang='lat' dir='ltr'>velle</span> <span class='ocrx_word' id='word_1_189' title='bbox 3680 2821 3871 2895; x_wconf 90' lang='lat' dir='ltr'>dice·</span> 
     </span>
     <span class='ocr_line' id='line_1_20' title="bbox 1050 2944 3870 3040; baseline 0 -22"><span class='ocrx_word' id='word_1_190' title='bbox 1050 2948 1255 3036; x_wconf 88' lang='lat' dir='ltr'>bant,</span> <span class='ocrx_word' id='word_1_191' title='bbox 1302 2947 1426 3018; x_wconf 89' lang='lat' dir='ltr'>sed</span> <span class='ocrx_word' id='word_1_192' title='bbox 1466 2946 1638 3017; x_wconf 89' lang='lat' dir='ltr'>alias</span> <span class='ocrx_word' id='word_1_193' title='bbox 1683 2945 2088 3017; x_wconf 89' lang='lat' dir='ltr'>securitates</span> <span class='ocrx_word' id='word_1_194' title='bbox 2130 2945 2541 3017; x_wconf 85' lang='lat' dir='ltr'>offerebant.</span> <span class='ocrx_word' id='word_1_195' title='bbox 2597 2944 2934 3015; x_wconf 89' lang='lat' dir='ltr'>Petebant</span> <span class='ocrx_word' id='word_1_196' title='bbox 2982 2954 3216 3015; x_wconf 92' lang='lat' dir='ltr'>autem</span> <span class='ocrx_word' id='word_1_197' title='bbox 3262 2945 3705 3016; x_wconf 81' lang='lat' dir='ltr'>securitatem</span> <span class='ocrx_word' id='word_1_198' title='bbox 3746 2964 3870 3040; x_wconf 90' lang='lat' dir='ltr'>pro</span> 
     </span>
     <span class='ocr_line' id='line_1_21' title="bbox 1049 3048 3873 3166; baseline 0 -25"><span class='ocrx_word' id='word_1_199' title='bbox 1049 3079 1246 3166; x_wconf 89' lang='lat' dir='ltr'>parte</span> <span class='ocrx_word' id='word_1_200' title='bbox 1288 3091 1414 3140; x_wconf 90' lang='lat' dir='ltr'>sua</span> <span class='ocrx_word' id='word_1_201' title='bbox 1445 3092 1487 3140; x_wconf 90' lang='lat' dir='ltr'>a</span> <span class='ocrx_word' id='word_1_202' title='bbox 1531 3068 1734 3141; x_wconf 92' lang='lat' dir='ltr'>nobis</span> <span class='ocrx_word' id='word_1_203' title='bbox 1780 3069 1910 3140; x_wconf 93' lang='lat' dir='ltr'>sibi</span> <span class='ocrx_word' id='word_1_204' title='bbox 1947 3092 2074 3163; x_wconf 93' lang='lat' dir='ltr'>per</span> <span class='ocrx_word' id='word_1_205' title='bbox 2116 3069 2494 3141; x_wconf 90' lang='lat' dir='ltr'>Ecclesiam</span> <span class='ocrx_word' id='word_1_206' title='bbox 2540 3067 2963 3158; x_wconf 87' lang='lat' dir='ltr'>faciendam;</span> <span class='ocrx_word' id='word_1_207' title='bbox 3013 3067 3138 3140; x_wconf 89' lang='lat' dir='ltr'>sed</span> <span class='ocrx_word' id='word_1_208' title='bbox 3182 3048 3311 3140; x_wconf 78' lang='lat' dir='ltr'>nos</span> <span class='ocrx_word' id='word_1_209' title='bbox 3351 3089 3479 3164; x_wconf 90' lang='lat' dir='ltr'>per</span> <span class='ocrx_word' id='word_1_210' title='bbox 3525 3070 3873 3141; x_wconf 89' lang='lat' dir='ltr'>naturales</span> 
     </span>
     <span class='ocr_line' id='line_1_22' title="bbox 1053 3190 3868 3288; baseline 0.001 -26"><span class='ocrx_word' id='word_1_211' title='bbox 1053 3190 1234 3263; x_wconf 91' lang='lat' dir='ltr'>filios</span> <span class='ocrx_word' id='word_1_212' title='bbox 1281 3203 1552 3263; x_wconf 85' lang='lat' dir='ltr'>nostros</span> <span class='ocrx_word' id='word_1_213' title='bbox 1603 3202 1674 3262; x_wconf 88' lang='lat' dir='ltr'>et</span> <span class='ocrx_word' id='word_1_214' title='bbox 1717 3192 2061 3287; x_wconf 89' lang='lat' dir='ltr'>principes</span> <span class='ocrx_word' id='word_1_215' title='bbox 2112 3192 2384 3288; x_wconf 92' lang='lat' dir='ltr'>imperii</span> <span class='ocrx_word' id='word_1_216' title='bbox 2440 3192 2883 3264; x_wconf 89' lang='lat' dir='ltr'>securitatem</span> <span class='ocrx_word' id='word_1_217' title='bbox 2943 3191 3328 3263; x_wconf 80' lang='lat' dir='ltr'>faciendam</span> <span class='ocrx_word' id='word_1_218' title='bbox 3387 3192 3868 3265; x_wconf 84' lang='lat' dir='ltr'>offerebamus.</span> 
     </span>
     <span class='ocr_line' id='line_1_23' title="bbox 1054 3314 3875 3411; baseline 0.001 -24"><span class='ocrx_word' id='word_1_219' title='bbox 1054 3315 1387 3387; x_wconf 85' lang='lat' dir='ltr'>Petebant</span> <span class='ocrx_word' id='word_1_220' title='bbox 1426 3314 1975 3387; x_wconf 89' lang='lat' dir='ltr'>Mediolanenses</span> <span class='ocrx_word' id='word_1_221' title='bbox 2020 3317 2267 3410; x_wconf 80' lang='lat' dir='ltr'>prefati</span> <span class='ocrx_word' id='word_1_222' title='bbox 2306 3316 2498 3409; x_wconf 92' lang='lat' dir='ltr'>quod</span> <span class='ocrx_word' id='word_1_223' title='bbox 2535 3337 2662 3389; x_wconf 93' lang='lat' dir='ltr'>nos</span> <span class='ocrx_word' id='word_1_224' title='bbox 2702 3315 3266 3411; x_wconf 86' lang='lat' dir='ltr'>promitteremus</span> <span class='ocrx_word' id='word_1_225' title='bbox 3303 3316 3403 3387; x_wconf 91' lang='lat' dir='ltr'>eis</span> <span class='ocrx_word' id='word_1_226' title='bbox 3445 3317 3753 3411; x_wconf 89' lang='lat' dir='ltr'>recipere</span> <span class='ocrx_word' id='word_1_227' title='bbox 3784 3316 3875 3389; x_wconf 89' lang='lat' dir='ltr'>ad</span> 
     </span>
     <span class='ocr_line' id='line_1_24' title="bbox 1053 3438 3871 3533; baseline 0.001 -25"><span class='ocrx_word' id='word_1_228' title='bbox 1053 3438 1347 3531; x_wconf 79' lang='lat' dir='ltr'>gratiam</span> <span class='ocrx_word' id='word_1_229' title='bbox 1394 3448 1704 3509; x_wconf 91' lang='lat' dir='ltr'>nostram</span> <span class='ocrx_word' id='word_1_230' title='bbox 1747 3439 1917 3510; x_wconf 90' lang='lat' dir='ltr'>alias</span> <span class='ocrx_word' id='word_1_231' title='bbox 1966 3440 2282 3512; x_wconf 89' lang='lat' dir='ltr'>civitates</span> <span class='ocrx_word' id='word_1_232' title='bbox 2324 3462 2462 3533; x_wconf 90' lang='lat' dir='ltr'>que</span> <span class='ocrx_word' id='word_1_233' title='bbox 2513 3451 2676 3511; x_wconf 89' lang='lat' dir='ltr'>tunc</span> <span class='ocrx_word' id='word_1_234' title='bbox 2723 3439 3356 3512; x_wconf 90' lang='lat' dir='ltr'>Mediolanensibus</span> <span class='ocrx_word' id='word_1_235' title='bbox 3404 3439 3871 3531; x_wconf 88' lang='lat' dir='ltr'>adherebant,</span> 
     </span>
     <span class='ocr_line' id='line_1_25' title="bbox 1053 3562 3875 3660; baseline 0.001 -27"><span class='ocrx_word' id='word_1_236' title='bbox 1053 3583 1198 3634; x_wconf 91' lang='lat' dir='ltr'>non</span> <span class='ocrx_word' id='word_1_237' title='bbox 1235 3562 1466 3652; x_wconf 92' lang='lat' dir='ltr'>simul,</span> <span class='ocrx_word' id='word_1_238' title='bbox 1514 3562 1638 3634; x_wconf 91' lang='lat' dir='ltr'>sed</span> <span class='ocrx_word' id='word_1_239' title='bbox 1675 3563 1992 3635; x_wconf 88' lang='lat' dir='ltr'>semotim</span> <span class='ocrx_word' id='word_1_240' title='bbox 2027 3573 2096 3634; x_wconf 90' lang='lat' dir='ltr'>et</span> <span class='ocrx_word' id='word_1_241' title='bbox 2127 3564 2504 3655; x_wconf 79' lang='lat' dir='ltr'>sigillatim,</span> <span class='ocrx_word' id='word_1_242' title='bbox 2536 3573 2742 3660; x_wconf 91' lang='lat' dir='ltr'>prout</span> <span class='ocrx_word' id='word_1_243' title='bbox 2773 3563 3084 3656; x_wconf 88' lang='lat' dir='ltr'>quelibet</span> <span class='ocrx_word' id='word_1_244' title='bbox 3112 3562 3206 3634; x_wconf 92' lang='lat' dir='ltr'>ad</span> <span class='ocrx_word' id='word_1_245' title='bbox 3240 3564 3532 3655; x_wconf 83' lang='lat' dir='ltr'>gratiam</span> <span class='ocrx_word' id='word_1_246' title='bbox 3567 3574 3875 3637; x_wconf 91' lang='lat' dir='ltr'>nostram</span> 
     </span>
     <span class='ocr_line' id='line_1_26' title="bbox 1054 3683 3878 3781; baseline 0.001 -25"><span class='ocrx_word' id='word_1_247' title='bbox 1054 3706 1183 3779; x_wconf 91' lang='lat' dir='ltr'>pro</span> <span class='ocrx_word' id='word_1_248' title='bbox 1223 3706 1299 3756; x_wconf 91' lang='lat' dir='ltr'>se</span> <span class='ocrx_word' id='word_1_249' title='bbox 1333 3683 1574 3755; x_wconf 93' lang='lat' dir='ltr'>venire</span> <span class='ocrx_word' id='word_1_250' title='bbox 1609 3685 1922 3776; x_wconf 80' lang='lat' dir='ltr'>volebat3</span> <span class='ocrx_word' id='word_1_251' title='bbox 1959 3695 2203 3757; x_wconf 90' lang='lat' dir='ltr'>contra</span> <span class='ocrx_word' id='word_1_252' title='bbox 2242 3708 2396 3759; x_wconf 88' lang='lat' dir='ltr'>eam</span> <span class='ocrx_word' id='word_1_253' title='bbox 2432 3698 2667 3758; x_wconf 89' lang='lat' dir='ltr'>autem</span> <span class='ocrx_word' id='word_1_254' title='bbox 2708 3686 2822 3757; x_wconf 91' lang='lat' dir='ltr'>vel</span> <span class='ocrx_word' id='word_1_255' title='bbox 2863 3706 2982 3756; x_wconf 87' lang='lat' dir='ltr'>eas</span> <span class='ocrx_word' id='word_1_256' title='bbox 3031 3684 3348 3757; x_wconf 90' lang='lat' dir='ltr'>civitates</span> <span class='ocrx_word' id='word_1_257' title='bbox 3388 3706 3511 3757; x_wconf 90' lang='lat' dir='ltr'>seu</span> <span class='ocrx_word' id='word_1_258' title='bbox 3547 3707 3878 3781; x_wconf 88' lang='lat' dir='ltr'>personas</span> 
     </span>
     <span class='ocr_line' id='line_1_27' title="bbox 1053 3807 3878 3905; baseline 0 -25"><span class='ocrx_word' id='word_1_259' title='bbox 1053 3830 1192 3902; x_wconf 91' lang='lat' dir='ltr'>que</span> <span class='ocrx_word' id='word_1_260' title='bbox 1240 3809 1505 3880; x_wconf 89' lang='lat' dir='ltr'>vellent</span> <span class='ocrx_word' id='word_1_261' title='bbox 1546 3808 1619 3879; x_wconf 92' lang='lat' dir='ltr'>in</span> <span class='ocrx_word' id='word_1_262' title='bbox 1671 3809 2047 3881; x_wconf 91' lang='lat' dir='ltr'>rebellione</span> <span class='ocrx_word' id='word_1_263' title='bbox 2089 3810 2459 3905; x_wconf 90' lang='lat' dir='ltr'>persistere</span> <span class='ocrx_word' id='word_1_264' title='bbox 2480 3863 2501 3902; x_wconf 96' lang='lat'>,</span> <span class='ocrx_word' id='word_1_265' title='bbox 2538 3809 3037 3904; x_wconf 85' lang='lat' dir='ltr'>promittebant</span> <span class='ocrx_word' id='word_1_266' title='bbox 3076 3807 3627 3882; x_wconf 86' lang='lat' dir='ltr'>Mediolanenses</span> <span class='ocrx_word' id='word_1_267' title='bbox 3675 3811 3878 3882; x_wconf 88' lang='lat' dir='ltr'>assis-</span> 
     </span>
     <span class='ocr_line' id='line_1_28' title="bbox 1055 3931 3877 4024; baseline 0 -19"><span class='ocrx_word' id='word_1_268' title='bbox 1055 3942 1201 4005; x_wconf 92' lang='lat' dir='ltr'>tere</span> <span class='ocrx_word' id='word_1_269' title='bbox 1243 3932 1446 4004; x_wconf 89' lang='lat' dir='ltr'>nobis</span> <span class='ocrx_word' id='word_1_270' title='bbox 1491 3941 1560 4004; x_wconf 92' lang='lat' dir='ltr'>et</span> <span class='ocrx_word' id='word_1_271' title='bbox 1602 3953 1752 4003; x_wconf 90' lang='lat' dir='ltr'>esse</span> <span class='ocrx_word' id='word_1_272' title='bbox 1797 3934 2157 4005; x_wconf 91' lang='lat' dir='ltr'>nobiscum</span> <span class='ocrx_word' id='word_1_273' title='bbox 2178 3987 2198 4024; x_wconf 92' lang='lat'>,</span> <span class='ocrx_word' id='word_1_274' title='bbox 2243 3934 2423 4005; x_wconf 88' lang='lat' dir='ltr'>sicut</span> <span class='ocrx_word' id='word_1_275' title='bbox 2456 3931 2699 4005; x_wconf 86' lang='lat' dir='ltr'>fideles</span> <span class='ocrx_word' id='word_1_276' title='bbox 2739 3933 2983 4005; x_wconf 88' lang='lat' dir='ltr'>vasalli</span> <span class='ocrx_word' id='word_1_277' title='bbox 3027 3932 3327 4005; x_wconf 91' lang='lat' dir='ltr'>dominis</span> <span class='ocrx_word' id='word_1_278' title='bbox 3375 3934 3518 4005; x_wconf 92' lang='lat' dir='ltr'>suis</span> <span class='ocrx_word' id='word_1_279' title='bbox 3557 3934 3877 4006; x_wconf 88' lang='lat' dir='ltr'>assistere</span> 
     </span>
     <span class='ocr_line' id='line_1_29' title="bbox 1055 4056 3879 4152; baseline 0 -23"><span class='ocrx_word' id='word_1_280' title='bbox 1055 4067 1382 4129; x_wconf 86' lang='lat' dir='ltr'>tenentur</span> <span class='ocrx_word' id='word_1_281' title='bbox 1413 4066 1485 4128; x_wconf 93' lang='lat' dir='ltr'>et</span> <span class='ocrx_word' id='word_1_282' title='bbox 1520 4056 1805 4128; x_wconf 90' lang='lat' dir='ltr'>debent.</span> <span class='ocrx_word' id='word_1_283' title='bbox 1843 4059 2067 4152; x_wconf 91' lang='lat' dir='ltr'>Super</span> <span class='ocrx_word' id='word_1_284' title='bbox 2088 4056 2690 4149; x_wconf 87' lang='lat' dir='ltr'>jurisdictionibus</span> <span class='ocrx_word' id='word_1_285' title='bbox 2726 4068 2961 4128; x_wconf 92' lang='lat' dir='ltr'>autem</span> <span class='ocrx_word' id='word_1_286' title='bbox 2993 4056 3348 4129; x_wconf 86' lang='lat' dir='ltr'>contentio</span> <span class='ocrx_word' id='word_1_287' title='bbox 3385 4067 3535 4129; x_wconf 93' lang='lat' dir='ltr'>erat</span> <span class='ocrx_word' id='word_1_288' title='bbox 3561 4057 3724 4150; x_wconf 90' lang='lat' dir='ltr'>quia</span> <span class='ocrx_word' id='word_1_289' title='bbox 3753 4079 3879 4131; x_wconf 91' lang='lat' dir='ltr'>nos</span> 
     </span>
     <span class='ocr_line' id='line_1_30' title="bbox 1057 4178 3879 4275; baseline 0.001 -24"><span class='ocrx_word' id='word_1_290' title='bbox 1057 4199 1175 4251; x_wconf 89' lang='lat' dir='ltr'>eas</span> <span class='ocrx_word' id='word_1_291' title='bbox 1216 4181 1308 4251; x_wconf 92' lang='lat' dir='ltr'>ab</span> <span class='ocrx_word' id='word_1_292' title='bbox 1343 4181 1666 4253; x_wconf 90' lang='lat' dir='ltr'>omuibus</span> <span class='ocrx_word' id='word_1_293' title='bbox 1712 4180 2108 4252; x_wconf 90' lang='lat' dir='ltr'>civitatibus</span> <span class='ocrx_word' id='word_1_294' title='bbox 2151 4179 2553 4274; x_wconf 88' lang='lat' dir='ltr'>simpliciter</span> <span class='ocrx_word' id='word_1_295' title='bbox 2583 4191 2655 4251; x_wconf 96' lang='lat' dir='ltr'>et</span> <span class='ocrx_word' id='word_1_296' title='bbox 2686 4180 2951 4275; x_wconf 89' lang='lat' dir='ltr'>precise</span> <span class='ocrx_word' id='word_1_297' title='bbox 2989 4178 3251 4252; x_wconf 92' lang='lat' dir='ltr'>habere</span> <span class='ocrx_word' id='word_1_298' title='bbox 3299 4181 3746 4275; x_wconf 87' lang='lat' dir='ltr'>petebamus,</span> <span class='ocrx_word' id='word_1_299' title='bbox 3791 4181 3879 4253; x_wconf 92' lang='lat' dir='ltr'>de</span> 
     </span>
     <span class='ocr_line' id='line_1_31' title="bbox 1056 4302 3879 4399; baseline 0.001 -29"><span class='ocrx_word' id='word_1_300' title='bbox 1056 4302 1311 4393; x_wconf 89' lang='lat' dir='ltr'>quibus</span> <span class='ocrx_word' id='word_1_301' title='bbox 1355 4314 1594 4375; x_wconf 90' lang='lat' dir='ltr'>nostra</span> <span class='ocrx_word' id='word_1_302' title='bbox 1643 4314 1713 4375; x_wconf 89' lang='lat' dir='ltr'>et</span> <span class='ocrx_word' id='word_1_303' title='bbox 1760 4303 2280 4398; x_wconf 91' lang='lat' dir='ltr'>progenitorum</span> <span class='ocrx_word' id='word_1_304' title='bbox 2318 4311 2711 4376; x_wconf 91' lang='lat' dir='ltr'>nostrorum</span> <span class='ocrx_word' id='word_1_305' title='bbox 2768 4302 3127 4399; x_wconf 91' lang='lat' dir='ltr'>privilegia</span> <span class='ocrx_word' id='word_1_306' title='bbox 3180 4324 3321 4375; x_wconf 90' lang='lat' dir='ltr'>non</span> <span class='ocrx_word' id='word_1_307' title='bbox 3372 4303 3750 4378; x_wconf 90' lang='lat' dir='ltr'>habebant.</span> <span class='ocrx_word' id='word_1_308' title='bbox 3803 4305 3879 4375; x_wconf 91' lang='lat' dir='ltr'>In</span> 
     </span>
     <span class='ocr_line' id='line_1_32' title="bbox 1057 4424 3879 4521; baseline 0.001 -26"><span class='ocrx_word' id='word_1_309' title='bbox 1057 4424 1367 4496; x_wconf 88' lang='lat' dir='ltr'>secundo</span> <span class='ocrx_word' id='word_1_310' title='bbox 1406 4434 1701 4497; x_wconf 89' lang='lat' dir='ltr'>tractatu</span> <span class='ocrx_word' id='word_1_311' title='bbox 1743 4437 1902 4521; x_wconf 88' lang='lat' dir='ltr'>post</span> <span class='ocrx_word' id='word_1_312' title='bbox 1933 4428 2292 4500; x_wconf 88' lang='lat' dir='ltr'>obtentam</span> <span class='ocrx_word' id='word_1_313' title='bbox 2334 4427 2696 4499; x_wconf 89' lang='lat' dir='ltr'>victoriam</span> <span class='ocrx_word' id='word_1_314' title='bbox 2745 4427 2979 4499; x_wconf 91' lang='lat' dir='ltr'>oblata</span> <span class='ocrx_word' id='word_1_315' title='bbox 3018 4429 3301 4499; x_wconf 80' lang='lat' dir='ltr'>fuerunt</span> <span class='ocrx_word' id='word_1_316' title='bbox 3334 4426 3568 4498; x_wconf 92' lang='lat' dir='ltr'>omnia</span> <span class='ocrx_word' id='word_1_317' title='bbox 3628 4435 3701 4498; x_wconf 88' lang='lat' dir='ltr'>et</span> <span class='ocrx_word' id='word_1_318' title='bbox 3737 4425 3879 4498; x_wconf 88' lang='lat' dir='ltr'>sin-</span> 
     </span>
     <span class='ocr_line' id='line_1_33' title="bbox 1055 4547 3879 4646; baseline 0.002 -29"><span class='ocrx_word' id='word_1_319' title='bbox 1055 4547 1222 4639; x_wconf 91' lang='lat' dir='ltr'>gula</span> <span class='ocrx_word' id='word_1_320' title='bbox 1254 4548 1542 4642; x_wconf 91' lang='lat' dir='ltr'>scripta,</span> <span class='ocrx_word' id='word_1_321' title='bbox 1580 4559 1652 4620; x_wconf 93' lang='lat' dir='ltr'>et</span> <span class='ocrx_word' id='word_1_322' title='bbox 1688 4550 1788 4621; x_wconf 92' lang='lat' dir='ltr'>eis</span> <span class='ocrx_word' id='word_1_323' title='bbox 1823 4551 2154 4645; x_wconf 77' lang='lat' dir='ltr'>ampliuS,</span> <span class='ocrx_word' id='word_1_324' title='bbox 2196 4551 2360 4645; x_wconf 89' lang='lat' dir='ltr'>quia</span> <span class='ocrx_word' id='word_1_325' title='bbox 2392 4551 2759 4624; x_wconf 90' lang='lat' dir='ltr'>comitatus</span> <span class='ocrx_word' id='word_1_326' title='bbox 2796 4551 3018 4646; x_wconf 90' lang='lat' dir='ltr'>Seprii</span> <span class='ocrx_word' id='word_1_327' title='bbox 3064 4561 3133 4622; x_wconf 92' lang='lat' dir='ltr'>et</span> <span class='ocrx_word' id='word_1_328' title='bbox 3182 4549 3617 4624; x_wconf 88' lang='lat' dir='ltr'>Marcbesani</span> <span class='ocrx_word' id='word_1_329' title='bbox 3664 4550 3879 4645; x_wconf 90' lang='lat' dir='ltr'>privi-</span> 
     </span>
     <span class='ocr_line' id='line_1_34' title="bbox 1059 4670 3880 4765; baseline 0.002 -24"><span class='ocrx_word' id='word_1_330' title='bbox 1059 4670 1239 4765; x_wconf 90' lang='lat' dir='ltr'>legia</span> <span class='ocrx_word' id='word_1_331' title='bbox 1268 4693 1361 4743; x_wconf 81' lang='lat' dir='ltr'>ex</span> <span class='ocrx_word' id='word_1_332' title='bbox 1389 4672 1489 4744; x_wconf 89' lang='lat' dir='ltr'>eis</span> <span class='ocrx_word' id='word_1_333' title='bbox 1519 4672 1804 4745; x_wconf 90' lang='lat' dir='ltr'>obtenta</span> <span class='ocrx_word' id='word_1_334' title='bbox 1836 4696 1977 4748; x_wconf 91' lang='lat' dir='ltr'>non</span> <span class='ocrx_word' id='word_1_335' title='bbox 2015 4674 2447 4749; x_wconf 89' lang='lat' dir='ltr'>devastanda</span> <span class='ocrx_word' id='word_1_336' title='bbox 2478 4674 2604 4747; x_wconf 90' lang='lat' dir='ltr'>sed</span> <span class='ocrx_word' id='word_1_337' title='bbox 2635 4674 3142 4765; x_wconf 89' lang='lat' dir='ltr'>conservanda,</span> <span class='ocrx_word' id='word_1_338' title='bbox 3173 4674 3243 4745; x_wconf 92' lang='lat' dir='ltr'>in</span> <span class='ocrx_word' id='word_1_339' title='bbox 3271 4672 3526 4745; x_wconf 89' lang='lat' dir='ltr'>nostris</span> <span class='ocrx_word' id='word_1_340' title='bbox 3558 4673 3880 4746; x_wconf 89' lang='lat' dir='ltr'>manibus</span> 
     </span>
    </p>
   </div>
  </div>
 </body>
</html>
