4364 5738
569 608 773 669 Inm.
803 605 902 684 5.)
1471 600 1867 663 HISTORIA
1918 599 2512 663 mnoua'rtcA.
3274 603 3399 667 519

573 742 766 836 quod
793 738 1022 813 Guido
1049 745 1126 809 et
1149 736 1391 810 Simon
1419 737 1712 812 comites
1742 737 1864 810 fflii
1895 735 2252 833 quondam
2285 737 2558 811 comitis
2585 735 2881 832 predicti
2911 734 3156 811 fideles
3182 740 3402 812 nostn‘

572 865 778 939 nohis
808 873 879 937 et
911 862 1203 958 imperio
1238 861 1405 935 satis
1440 862 1702 936 servire
1743 872 2071 959 poterunt
2116 863 2191 937 in
2234 865 2582 953 futurum,
2617 862 2706 935 de
2752 872 3084 937 consueta
3122 861 3400 936 munifi·

572 991 799 1064 centie
825 998 1062 1063 nostre
1088 987 1312 1081 gratia
1337 1009 1478 1081 qua
1504 985 1745 1061 fideles
1773 997 2046 1062 nostros
2072 988 2559 1062 consuevimus
2587 988 2953 1083 prevenire
2986 998 3059 1062 et
3087 1010 3187 1063 ex
3211 998 3402 1063 certa

571 1116 860 1190 scientia
895 1122 1131 1187 nostra
1153 1166 1172 1204 ,
1208 1114 1513 1209 prefatos
1542 1113 1930 1186 Guidonem
1976 1126 2048 1188 et
2088 1115 2439 1188 Simonem
2456 1168 2474 1202 ,
2521 1113 2990 1209 possessiones
3041 1135 3283 1188 eornm
3330 1125 3403 1188 et

571 1243 758 1316 bona
789 1261 965 1335 quas
998 1247 1237 1332 etque
1273 1260 1461 1310 nunc
1500 1239 1858 1333 possident
1887 1249 2011 1312 aut
2042 1261 2287 1313 eorum
2322 1238 2602 1313 nomine
2649 1260 2774 1313 seu
2814 1256 2943 1336 pro
2981 1240 3082 1312 eis
3113 1241 3231 1314 vel
3270 1240 3400 1314 ali-

573 1367 774 1458 cujus
804 1386 1043 1437 eornm
1070 1375 1194 1436 aut
1219 1364 1529 1459 ipsorum
1560 1374 1759 1459 parte
1789 1363 2124 1438 hactenus
2153 1366 2410 1438 fuerint
2436 1365 2770 1462 acquisita
2803 1366 2976 1437 etin
3005 1376 3211 1438 antea
3236 1383 3425 1460 quo-'

573 1490 745 1564 libet
765 1492 958 1585 justo
991 1490 1193 1562 titulo
1225 1499 1555 1585 poterunt
1583 1489 1899 1585 adipisci,
1932 1491 2064 1562 sub
2096 1490 2522 1586 protectione
2554 1500 2791 1564 nostra
2823 1500 2894 1563 et
2920 1491 3194 1587 imperii
3225 1492 3402 1568 reci-

573 1615 829 1712 pimuS,
861 1615 1252 1712 specialiter
1276 1636 1361 1687 ea
1382 1614 1550 1710 ipsis
1573 1623 1646 1686 et
1672 1634 1914 1686 eorum
1942 1613 2322 1688 heredibus
2347 1615 2421 1687 in
2450 1593 2863 1712 perpetuum
2885 1616 3397 1691 confirmantes.

573 1740 663 1814 Ut
706 1751 943 1814 autem
990 1741 1517 1814 abundantioris
1562 1741 1782 1834 gratie
1832 1750 2067 1814 nostre
2114 1742 2556 1838 prerogativa
2606 1743 2936 1835 letentur,
2975 1743 3068 1816 de
3122 1743 3405 1840 speciali

577 1866 893 1960 largitate
923 1875 1163 1938 nostra
1194 1866 1537 1938 donamus
1572 1874 1646 1938 et
1674 1864 2165 1939 confirmamus
2201 1868 2302 1940 eis
2334 1879 2406 1940 et
2434 1868 2743 1962 ipsorum
2775 1868 3153 1941 heredibus
3187 1877 3270 1940 ut
3299 1878 3408 1941 est

575 1993 839 2066 dictum
869 1994 1128 2086 regalia
1159 2003 1395 2067 nostra
1432 2002 1505 2065 et
1535 2014 1813 2067 omnem
1840 1993 2394 2085 jurisdictionem
2435 2016 2574 2089 que
2607 2004 2680 2067 et
2716 2016 2926 2088 quam
2958 1995 3297 2068 habemus
3330 1995 3405 2067 in

575 2118 899 2192 omnibus
925 2119 1126 2192 terris
1152 2127 1224 2192 et
1249 2118 1799 2214 possessionibus
1825 2139 1999 2212 quas
2026 2140 2214 2190 nunc
2244 2118 2506 2191 habent
2534 2118 2700 2190 etin
2728 2119 2882 2191 aliis
2903 2119 3173 2213 quasin
3200 2128 3409 2192 antea

575 2244 888 2340 quolibet
904 2244 1095 2336 justo
1124 2244 1326 2316 titulo
1343 2253 1673 2340 poterunt
1696 2242 1984 2340 adipisci
2006 2273 2024 2316 z
2050 2242 2375 2317 videlicet
2391 2244 2726 2337 bannum,
2754 2244 3115 2340 placitum,
3142 2245 3410 2319 distrio-

581 2381 764 2461 tnm,
802 2369 1247 2461 tholoneum,
1273 2368 1675 2466 pedagium,
1708 2368 2102 2465 ripaticum,
2137 2378 2469 2461 mercata,
2502 2390 2750 2464 aquas,
2783 2389 3125 2464 aquarum
3155 2369 3406 2444 deam»

578 2517 734 2587 sus,
783 2494 1237 2591 piscationes,
1288 2494 1735 2586 venationeS,
1784 2492 2113 2589 paludes,
2163 2494 2435 2587 argenti
2497 2494 2797 2586 fodinas,
2848 2494 3287 2568 ferrisodinas
3336 2503 3411 2569 et

578 2619 913 2715 quicquid
936 2618 1199 2692 metalli
1227 2619 1339 2693 vel
1375 2618 1682 2691 thesauri
1710 2618 1784 2690 in
1816 2627 1999 2691 terra
2027 2640 2155 2691 sua
2185 2618 2478 2691 inveniri
2516 2628 2774 2716 potest,
2790 2618 3002 2716 Alpes
3029 2641 3309 2715 quoque
3335 2628 3410 2692 et

580 2754 852 2818 montes
872 2798 891 2836 ,
923 2746 1142 2818 valles
1174 2753 1247 2817 et
1285 2744 1519 2817 omnia
1555 2761 1692 2839 que
1737 2742 1833 2816 ad
1866 2763 1996 2817 nos
2028 2754 2099 2816 et
2128 2743 2496 2839 imperium
2526 2754 2868 2841 spectant.
2908 2746 3096 2831 Quas
3132 2764 3407 2842 posses·-

578 2869 811 2945 siones
839 2865 963 2968 [et]
995 2871 1454 2944 instrumenta
1485 2868 1904 2944 divisionum
1935 2890 2111 2965 quas
2136 2868 2492 2966 predictus
2526 2888 2761 2944 comes
2790 2871 3014 2945 Guido
3045 2872 3211 2945 fecit
3240 2873 3408 2946 olim

579 3014 740 3069 cum
767 2997 1096 3070 fratribus
1122 2996 1265 3069 suis
1298 2971 1369 3069 et
1396 2997 1707 3092 ipsorum
1745 2995 2080 3069 Guidonis
2110 3005 2181 3069 et
2213 2995 2509 3069 Simonis
2539 3004 2614 3068 et
2645 2996 2855 3069 etiam
2881 2996 3020 3069 alia
3050 2997 3410 3071 continent

577 3140 707 3195 seu
748 3121 1207 3194 continebunt
1258 3122 1536 3216 publica
1589 3122 2087 3214 instrumenta,
2141 3129 2283 3193 tam
2324 3120 2743 3195 divisionum
2774 3130 2993 3196 terras
3028 3132 3101 3195 et
3143 3140 3410 3219 posses-

577 3245 811 3320 siones
838 3265 978 3342 que
1009 3247 1080 3319 in
1112 3254 1383 3342 partem
1409 3245 1724 3341 predicto
1750 3246 1986 3319 comiti
2011 3246 2313 3319 Guidoni
2335 3256 2696 3320 cesserunt
2717 3265 2925 3341 quam
2953 3249 3124 3322 alias
3149 3268 3287 3347 que
3316 3270 3409 3322 ex

582 3379 995 3444 testamento
1029 3370 1383 3464 quondam
1416 3369 1688 3442 comitis
1712 3369 1985 3462 Rogerii
2017 3370 2250 3441 fratris
2278 3370 2387 3442 sui
2417 3370 2512 3443 ad
2540 3372 2864 3444 eumdem
2895 3374 3217 3446 comitem
3246 3397 3409 3469 per·

582 3505 929 3569 venerunt
954 3504 1027 3569 et
1039 3495 1151 3569 sui
1168 3495 1400 3569 obitus
1422 3504 1731 3591 tempore
1751 3493 2148 3590 possidebat
2165 3501 2239 3566 et
2253 3516 2443 3565 nunc
2469 3496 2716 3590 prefati
2744 3498 2992 3570 fratres
3018 3497 3402 3593 possident,

581 3621 922 3717 presentis
951 3620 1297 3717 privilegii
1324 3620 1502 3694 serie
1529 3619 1830 3715 propriis
1850 3618 2210 3692 vocabulis
2239 3618 2570 3692 duximus
2601 3619 3132 3715 exprimendas:
3156 3620 3405 3693 videli-

583 3754 698 3819 cet
732 3756 1039 3819 castrum
1084 3745 1174 3819 de
1219 3745 1481 3842 Poppio
1531 3762 1690 3817 cum
1747 3753 1890 3817 tota
1944 3746 2096 3838 ejus
2147 3743 2343 3817 curia
2401 3753 2472 3817 et
2522 3743 2837 3818 districtu
2888 3756 2959 3818 et
2997 3745 3406 3820 nominatim

580 3869 1051 3968 infrascriptas
1105 3869 1311 3944 villas
1363 3888 1504 3965 que
1550 3881 1715 3943 sunt
1769 3870 1862 3942 de
1916 3870 2069 3961 ejus
2096 3867 2305 3963 fcuria
2350 3879 2426 3942 et
2469 3869 2821 3963 districtu,
2870 3871 3133 3945 scilicet
3165 3873 3402 3967 Corle,

580 3995 887 4089 lneque,
934 3996 1303 4088 Filectum,
1347 3994 1619 4086 Chelle,
1654 3995 1919 4087 Salam,
1966 3996 2369 4088 Petrenam‚
2398 3996 2936 4090 corsignanum,
2968 3998 3402 4094 Buchenam‚

578 4117 1064 4211 Pergentinam
1104 4141 1268 4191 cum
1307 4117 1615 4214 ipsarum
1658 4118 2086 4192 districtibus
2127 4128 2203 4192 et
2245 4120 2680 4215 pertinentiis
2698 4148 2719 4213 ς
2757 4121 2925 4194 item
2968 4132 3274 4197 castrum
3317 4125 3407 4202 de

583 4243 909 4318 Glanzolo
934 4242 1035 4343 (a)
1065 4267 1226 4317 cum
1272 4253 1417 4317 tota
1462 4244 1612 4337 ejus
1661 4244 1855 4317 curia
1898 4253 1969 4318 et
2008 4245 2324 4320 districtu
2370 4266 2453 4319 ac
2492 4247 2961 4344 pertinentiiS,
3001 4248 3281 4324 Plebem
3317 4252 3409 4327 de

581 4367 811 4461 Vado,
851 4379 1154 4442 castrum
1205 4380 1276 4442 et
1315 4370 1553 4442 villam
1593 4369 1930 4462 Garliani,
1978 4380 2279 4444 castrum
2323 4370 2575 4445 Montis
2624 4369 2837 4465 Agnti
2881 4390 3042 4446 cum
3087 4372 3410 4452 omnibus

583 4512 824 4566 eorum
849 4494 1282 4590 pertinentiis
1309 4504 1381 4568 et
1410 4493 1751 4588 districtu,
1789 4502 1861 4566 et
1888 4494 1962 4566 in
1988 4497 2207 4592 Logra
2221 4472 2316 4593 (b)
2333 4495 2472 4568 has
2495 4489 2724 4593 villas,
2756 4491 3016 4574 scilicet
3035 4496 3362 4577 Cieticum
3381 4559 3403 4599 ,

667 4650 754 4734 (a)
794 4652 961 4714 Alias
989 4650 1059 4714 de
1090 4652 1381 4717 Glanzolo.

666 4756 749 4839 (b)
791 4760 956 4824 Alias
976 4758 1047 4822 do
1072 4761 1279 4844 Loqia.
