4364 5738
539 537 744 597 luam.
775 533 871 614 4.]
1427 531 1821 598 HISTORIA
1869 531 2465 596 DIPLOMATmA.
3243 537 3367 603 363

535 690 709 762 quas
740 688 868 763 per
898 665 1324 739 successivas
1350 665 1663 738 obtinere
1690 668 2014 740 victorias
2040 666 2328 738 firmiter
2350 665 2832 756 credebamuS,
2855 667 2947 739 ab
2971 669 3135 763 ipsis
3156 672 3360 744 simul

539 801 610 862 et
652 791 868 861 semel
903 811 1031 885 per
1066 789 1422 860 cumulum
1461 789 1684 881 gratie
1721 811 2257 883 consequamur.
2291 790 2434 861 Nec
2472 790 2822 880 jacentem
2866 792 3138 864 diucius
3182 794 3360 866 sacri

539 935 818 985 causam
847 911 1115 1007 imperii
1148 913 1299 985 vult
1330 912 1675 985 dimittere
1704 914 1995 985 dextera
2015 913 2222 1004 Regis
2250 934 2492 1004 regum
2510 965 2531 1001 ,
2568 912 2691 983 sed
2715 923 2971 984 statum
3003 915 3218 1009 ipsius
3239 940 3362 1011 po-

546 1046 770 1109 tenter
801 1047 872 1108 et
905 1045 1228 1130 patenter
1258 1036 1560 1128 erigere,
1597 1035 1766 1108 dum
1807 1035 2102 1108 rebelles
2139 1034 2453 1126 ejusdem
2488 1039 2616 1129 per
2646 1036 2923 1130 proprie
2962 1037 3364 1112 temeritatis

537 1158 874 1252 judicium
907 1158 1473 1252 condempnabit.
1494 1154 1669 1230 Cum
1696 1158 1935 1251 igitur,
1959 1163 2169 1253 prout
2200 1173 2329 1253 pro
2360 1166 2554 1230 certo
2585 1159 3073 1253 comperimuS,
3097 1155 3362 1234 Medio-

546 1286 866 1356 lanenses
912 1301 1072 1355 eum
1122 1282 1507 1354 fautoribus
1542 1282 1688 1354 suis
1727 1275 1821 1354 ad
1862 1282 2345 1354 liberationem
2395 1282 2854 1353 Brixiensium
2893 1285 3014 1376 qui
3053 1277 3239 1379 ipsos
3271 1285 3368 1361 ad

544 1429 668 1480 sue
688 1407 928 1482 mortis
951 1406 1291 1497 judicium
1318 1406 1817 1496 invitaverunt,
1835 1407 1985 1499 jam
2014 1401 2279 1477 flumen
2301 1404 2504 1477 Adde
2525 1406 3366 1497 transiverint,domiuum

546 1542 618 1603 et
645 1533 1137 1627 imperatorem
1165 1538 1476 1602 vestrm
1524 1538 1596 1601 et
1632 1538 1901 1604 vestros
1941 1529 2064 1623 qui
2113 1529 2476 1604 nobiscum
2519 1539 2724 1620 sunt,
2767 1540 2976 1625 prout
3006 1542 3364 1622 metunt,

547 1652 940 1748 aggressuri
961 1706 980 1742 ‚
1016 1674 1143 1748 pro
1175 1651 1377 1724 nobis
1407 1673 1535 1725 vos
1585 1652 1866 1725 devotio
1898 1650 2062 1725 fidei
2089 1662 2320 1725 vestre
2348 1662 2785 1725 commoveat
2830 1663 2901 1724 et
2949 1676 3077 1748 pro
3119 1656 3368 1730 vestris

547 1775 817 1848 affectio
849 1796 974 1847 vos
1006 1774 1314 1847 inducat.
1350 1775 1667 1863 Devoti0,
1698 1783 1806 1847 ete
1814 1828 3362 1850 ....................

648 1896 915 1994 (Cetera
947 1897 1264 1994 desunt.)

2626 2178 2939 2201 ’.ό--ιιη-η--ρ

660 2455 1074 2565 Imperator
1130 2449 1610 2564 congregatis
1685 2449 1841 2536 suis
1913 2453 2283 2537 militibus
2354 2449 2876 2566 Theotonieis‚
2942 2447 3215 2539 Tuscis
3284 2484 3371 2539 ae
3455 2490 3765 2587 &bg-10

557 2585 875 2737 Apuliae
922 2592 1026 2693 [et
1061 2581 1591 2691 Lombardiae]
1637 2583 2000 2695 equitavit
2031 2583 2389 2694 Papiam,
2430 2596 2504 2669 et
2551 2588 2727 2669 inde
2766 2599 3101 2670 semotus
3135 2588 3257 2670 die
3306 2579 3374 2672 X

557 2721 840 2803 mensis
893 2717 1223 2805 octobris
1273 2745 1452 2801 cum
1490 2715 1849 2801 omnibus
1884 2718 2287 2830 praedictis
2324 2713 2698 2802 militibus
2739 2733 2813 2803 et
2846 2713 3372 2831 PapiensibUS,

560 2851 1206 2960 TerdonensibuS‚
1260 2861 1442 2957 ete.,
1495 2852 1702 2961 apud
1750 2850 2198 2933 Tieinellum
2257 2850 2334 2932 in
2393 2847 2738 2961 partibus
2785 2853 3053 2939 Abiate
3105 2853 3377 2938 Grasse

560 3012 700 3067 sua
735 2996 983 3069 castra
1017 2986 1297 3093 posuit.
1354 2986 1625 3068 Statim
1659 2984 2254 3069 Mediolanenses
2290 3046 2928 3069 ........
2972 3013 3204 3098 supra
3241 2987 3379 3071 Ti-

560 3115 919 3199 einellnm
958 3116 1057 3198 ab
1110 3117 1261 3199 alia
1295 3125 1508 3224 parte
1552 3142 1823 3201 eorum
1858 3117 2179 3198 tentoria
2216 3114 2646 3200 infixerunt.
2691 3119 3033 3200 Chrom'c.
3075 3123 3166 3200 de
3213 3121 3369 3200 reb.

562 3247 643 3327 in
685 3250 863 3330 Ita'l.
905 3246 1165 3354 qeuis,
1200 3275 1289 3354 p.
1328 3251 1515 3329 205.
1573 3247 1669 3329 Et
1712 3247 1823 3329 sie
1858 3257 2229 3330 steterunt
2272 3248 2437 3330 sine
2478 3277 2741 3358 pugna
2782 3277 2917 3359 per
2969 3252 3132 3333 dies
3168 3250 3370 3335 XXI.

562 3378 699 3461 Die
733 3378 983 3486 primo
1016 3378 1448 3461 novembris
1483 3378 1892 3486 imperator
1926 3379 2060 3462 ivit
2103 3380 2206 3461 ad
2239 3379 2719 3485 Bastulorum,
2755 3382 3018 3466 volens
3059 3382 3382 3465 transire

563 3510 1038 3592 Tieinellum.
1076 3509 1224 3591 Sed
1254 3509 1848 3593 Mediolanenses
1873 3508 2049 3591 cum
2081 3510 2448 3620 Gregorio
2482 3512 2579 3592 de
2611 3512 3098 3621 Montelongo
3124 3513 3379 3621 legato

563 3669 653 3725 ex
698 3643 1046 3751 opposito
1092 3665 1181 3723 se
1231 3651 1788 3750 opposuerunt,
1828 3666 1971 3723 neo
2008 3642 2333 3724 transire
2368 3642 2635 3750 potuit.
2679 3642 2775 3724 Et
2812 3654 2985 3751 post
3027 3655 3179 3726 tres
3211 3644 3377 3726 dies

564 3775 698 3856 ivit
735 3774 1142 3855 Castenum
1181 3773 1300 3881 (1)
1359 3773 1491 3855 ubi
1542 3773 1815 3855 turrim
1867 3772 2177 3855 illorum
2234 3768 2330 3855 de
2396 3775 2633 3857 Cottis
2678 3775 3048 3856 destruxit
3092 3788 3168 3855 et
3205 3798 3378 3855 eas-

563 3916 807 4011 trum,
856 3930 995 3987 nee
1029 3904 1259 3987 etiam
1289 3904 1395 3986 ibi
1432 3904 1754 3987 transire
1789 3905 2061 4013 potuit.
2102 3909 2364 3987 Amal.
2410 3906 2747 4003 Mediol„
2796 3931 2920 4013 ap.
2959 3905 3373 4011 Mnemon„

571 4037 887 4147 script„
927 4047 988 4119 t.
1029 4036 1224 4143 XVI,
1264 4065 1343 4146 p.
1385 4038 1570 4121 652.

647 4347 719 4419 (4)
757 4348 1059 4419 Lugendum
1092 4355 1277 4406 tamen
1321 4351 1666 4418 Castor-num,
1708 4346 1892 4404 villam
1926 4347 2057 4402 citra
2100 4346 2445 4416 Tieinellum,
2491 4346 2790 4403 Bufaloram
2829 4347 2970 4404 inter
3011 4353 3067 4402 et
3093 4346 3380 4404 Abbiatem

574 4445 856 4501 Grassum.
891 4445 988 4501 Die
1025 4446 1242 4502 veneris
1279 4445 1439 4502 tertia
1476 4444 1819 4513 novembris,.
1844 4442 2270 4499 Mediolanenses
2308 4442 2452 4515 apud
2485 4443 2760 4500 Albtirate
2789 4443 3159 4514 morabantur,
3189 4449 3252 4500 ut
3282 4459 3382 4505 nos

575 4538 734 4595 docet
756 4540 1168 4597 instrumentum
1196 4548 1379 4598 actum
1404 4543 1464 4595 in
1489 4542 1697 4614 eampis
1732 4538 1796 4595 de
1826 4538 2104 4595 Albairate
2138 4542 2204 4595 in
2237 4541 2483 4597 exercitu
2514 4546 2706 4596 eontra
2735 4539 3078 4598 fridericum
3110 4540 3381 4615 quondam

578 4638 973 4708 imperatorem,
1005 4638 1148 4709 quod
1174 4637 1398 4695 inseruit
1420 4637 1639 4706 Giulini,
1671 4637 1932 4695 Memorio
1953 4635 2014 4691 di
2035 4635 2263 4707 imme,
2285 4642 2331 4693 t.
2359 4636 2502 4704 vm,
2529 4652 2583 4709 p.
2615 4639 2740 4693 64⁹.
