4364 5738
740 1673 868 1726 Apud

643 1724 951 1769 Wemmnu-

709 1834 739 1876 a
756 1808 892 1885 janu!

1025 564 1147 626 290
2024 561 2451 623 FRIDERICI
2500 560 2849 623 suenum
3460 561 3625 640 [Anu.
3661 562 3834 625 1245.

1026 697 1274 793 gladiis
1299 719 1526 793 nuper
1556 698 1882 771 occubuit
1917 698 2289 794 impiorum
2322 700 2859 770 Sarracenorum
2890 695 3192 768 hostium
3233 695 3397 769 fidei
3438 696 3831 771 christiane.

1028 822 1231 907 Quod
1269 822 1327 893 si
1361 843 1607 894 verum
1648 824 1823 893 forte
1866 823 2276 913 constiterit,
2313 821 2538 893 omnis
2562 840 2745 915 pena
2771 820 3170 893 vinceretur
3204 843 3248 892 a
3294 830 3488 893 tanto
3536 823 3794 894 scelere
3813 875 3835 913 ‚

1029 944 1255 1017 omnis
1292 945 1465 1017 ultio
1496 956 1678 1017 esset
1716 945 2138 1017 insufficiens
2172 945 2265 1016 ad
2294 943 2708 1035 vindictam,
2755 945 2814 1017 si
2844 944 3114 1038 vigeret
3155 945 3346 1017 zelus
3381 945 3655 1018 Domini
3700 957 3844 1019 tam·

1029 1069 1101 1140 in
1130 1070 1318 1141 clero
1344 1090 1551 1162 quam
1588 1069 1659 1139 in
1693 1070 1953 1163 populo
1980 1068 2376 1140 christiano.

1126 1193 1378 1264 Datum
1414 1192 1595 1264 circa
1626 1192 2039 1287 principium
2062 1191 2269 1283 junii.

1141 1674 1538 1779 HenricuS,
1580 1647 1900 1783 Angliae
1939 1699 2109 1781 rex,
2152 1673 2659 1779 Fridericum,
2707 1673 3229 1755 Romanorum
3277 1672 3835 1781 imperatorem,

1034 1818 1384 1916 precatur
1419 1816 1506 1888 ut
1542 1807 1852 1888 nuntios
1890 1831 2071 1889 suos
2114 1807 2685 1888 commendatos
2728 1804 3006 1887 habeat
3046 1830 3242 1914 quos
3293 1805 3391 1885 ad
3439 1803 3839 1886 concilium

1034 1965 1262 2048 super
1322 1940 1531 2047 pacis
1589 1938 2124 2022 reformatione
2182 1939 2280 2020 ad
2333 1938 2499 2047 ejus
2552 1938 2920 2021 honorem
2978 1937 3493 2044 laboraturoS‚
3554 1936 3842 2020 mittere

1030 2071 1407 2180 proponit.

1197 2257 1383 2336 (Edst.
1414 2274 1512 2335 ap.
1542 2258 1791 2332 Runa,
1821 2255 2077 2317 Foedera
2112 2264 2169 2318 et
2199 2263 2485 2335 convene„
2515 2263 2562 2316 t.
2595 2257 2648 2335 1,
2675 2274 2735 2334 p.
2768 2256 2933 2335 152.)

1128 2417 1423 2487 Domino
1455 2415 1853 2509 imperatori
1889 2438 2019 2487 rex
2050 2416 2372 2486 salutem.
2410 2415 2532 2486 Ille
2563 2415 2757 2487 novit
2788 2414 2908 2508 qui
2938 2412 3150 2485 nichil
3198 2412 3468 2506 ignorat
3506 2424 3578 2485 et
3624 2413 3840 2509 impe—

1032 2540 1273 2611 rialem
1314 2538 1801 2610 excellentiam
1832 2559 1973 2610 non
2011 2538 2357 2610 credimus
2389 2537 2708 2629 ignorare
2745 2538 2937 2631 quod
2972 2537 3307 2610 honorem
3343 2547 3649 2610 vestrum
3686 2537 3841 2609 totis

1033 2661 1415 2733 visceribus
1436 2660 1968 2749 affectamus‚ad
1986 2660 2171 2751 quod
2195 2662 2496 2731 fraterne
2524 2660 2914 2733 dilectionis
2940 2660 3210 2732 affectio
3236 2681 3364 2732 nos
3391 2661 3650 2745 excitat
3668 2660 3844 2752 jugi·

1036 2797 1143 2858 ter
1172 2796 1244 2856 et
1272 2785 1561 2857 inducit.
1595 2786 1774 2856 Sane
1808 2784 2116 2855 laborem
2152 2784 2366 2854 animi
2398 2783 2609 2855 vestri
2640 2785 2761 2878 qui
2793 2785 3052 2856 diutius
3084 2784 3422 2855 laboravit
3457 2782 3841 2855 Altissimus

1035 2932 1161 2981 sua
1192 2911 1410 3002 gratia
1445 2909 1983 2999 consummabit;
2014 2909 2192 2980 sicut
2223 2908 2407 2980 enim
2441 2929 2536 2979 ex
2570 2910 2927 2980 voluntate
2959 2918 3189 2980 vestra
3222 2909 3541 2981 novimus
3568 2928 3839 3002 proces·

1036 3032 1232 3120 sisse,
1268 3031 1357 3103 ad
1387 3031 1753 3103 concilium
1779 3031 2095 3121 Lugduni
2143 3041 2601 3103 convocatum
2644 3033 2931 3104 nuncios
2976 3033 3326 3104 mittemus
3371 3032 3712 3104 solemnes
3757 3030 3843 3102 de

1035 3153 1485 3225 nobilioribus
1517 3163 1588 3223 et
1613 3153 2127 3224 discretioribus
2154 3154 2350 3244 regni
2383 3154 2624 3244 nostri,
2664 3155 2783 3248 qui
2812 3155 2904 3227 ad
2935 3164 3244 3226 vestrum
3273 3155 3606 3228 honorem
3639 3176 3842 3248 super

1036 3276 1226 3371 pacis
1270 3275 1756 3347 reformatione
1803 3297 1927 3369 per
1967 3277 2090 3347 Dei
2136 3278 2428 3368 gratiam
2473 3277 2912 3348 laudabiliter
2957 3278 3372 3349 laborabunt
3415 3288 3487 3350 et
3530 3277 3840 3349 effectum

1037 3408 1551 3492 consequentur
1595 3407 1932 3493 optatum.
1968 3400 2281 3470 Vestram
2331 3400 2542 3491 igitur
2583 3400 3068 3472 excellentiam
3115 3422 3487 3473 exoramus
3522 3401 3841 3493 quatinus

1035 3524 1340 3619 prefatos
1370 3523 1650 3594 nuntios
1683 3531 1958 3594 nostros
1988 3523 2079 3595 ad
2103 3533 2406 3595 vestram
2439 3524 2856 3619 presentiam
2888 3520 3302 3597 accedentes
3331 3525 3841 3597 commendatos

1034 3647 1292 3719 habere
1331 3646 1559 3719 velitis
1600 3656 1670 3717 et
1710 3647 1810 3716 eis
1853 3646 2229 3738 benignam
2270 3647 2694 3719 audientiam
2737 3647 3106 3740 exhibere,
3148 3649 3267 3741 qui
3312 3649 3577 3720 utinam
3612 3657 3841 3720 nostro

1036 3770 1381 3844 desiderio
1408 3768 1830 3841 conveniens
1862 3768 2142 3841 honoris
2174 3770 2546 3864 imperialis
2575 3781 3026 3863 augmentum
3056 3782 3454 3866 procurent.

1133 3897 1333 3967 Teste
1365 3915 1529 3985 rege
1561 3893 1750 3988 apud
1779 3893 2495 3983 westmonasterium,
2527 3885 2672 3965 VIII
2700 3894 2814 4011 die
2842 3895 3049 3986 junii.

1148 4366 1545 4462 Ordinavit
1601 4369 1956 4452 dominus
2021 4367 2429 4477 imperator
2493 4394 2862 4478 magnum
2920 4368 3309 4477 quoddam
3381 4363 3837 4473 colloquium

1039 4497 1311 4580 debere
1348 4499 1507 4580 fieri
1555 4501 1632 4581 in
1671 4501 1991 4585 Verona.
2035 4501 2131 4583 Et
2170 4501 2376 4584 venit
2433 4502 2593 4610 ipse
2644 4502 2936 4610 primus
2989 4500 3146 4582 illic
3189 4501 3266 4580 in
3318 4500 3520 4582 exitu
3573 4496 3831 4579 madii.

1037 4630 1133 4714 Et
1168 4643 1683 4715 convenerunt
1719 4636 1814 4716 ad
1853 4635 2108 4742 ipsum
2144 4635 2267 4716 isti
2303 4636 2679 4745 principes
2714 4644 2788 4717 et
2822 4634 3174 4742 baroneS,
3209 4633 3550 4719 videlicet
3583 4630 3836 4738 impe-
