4364 5738
616 577 816 640 muter.
848 578 942 656 5.]
1001 649 1006 653 ,
1504 585 1899 648 HISTORIA
1946 587 2543 651 DIPLOMATICA.
2736 661 2740 666 ,
3316 590 3438 656 533

615 720 1205 811 puellam·natam
1248 720 1573 793 Friderici
1622 725 1973 817 quondam
2029 723 2463 820 imperatoris
2504 744 2713 818 quam
2752 722 3079 797 Albertus
3119 728 3434 818 ejusdem

615 843 1033 915 marchionis
1060 842 1243 916 filius
1263 843 1735 940 desponsavit,
1764 848 2058 920 dilectus
2085 847 2268 919 filius
2296 850 2559 921 electus
2576 849 3029 921 Ferrariensis
3061 861 3224 922 tunc
3251 850 3435 947 Apo-

616 968 855 1039 stolice
877 968 1075 1040 Sedis
1094 969 1362 1061 legatus
1390 992 1706 1042 asserens
1733 972 1922 1065 quod
1951 973 2202 1043 nobilis
2231 973 2340 1043 vir
2374 974 2809 1044 Hermannus
2842 973 3195 1065 quondam
3227 984 3433 1047 natus

610 1097 846 1164 sancte
883 1093 1233 1165 Elisabeth
1268 1094 1493 1166 eidem
1520 1096 1807 1169 Alberto
1835 1097 1907 1167 in
1942 1098 2143 1170 tertio
2173 1098 2397 1190 gradu
2430 1097 2731 1169 attinens
2772 1098 3073 1191 puellam
3112 1100 3430 1171 eamdem

609 1217 930 1311 primitus
962 1217 1452 1314 desponsarat,
1486 1221 1866 1294 marchioni
1901 1221 2261 1294 mandavit
2291 1221 2514 1294 eidem
2547 1231 2628 1292 ut
2658 1242 2817 1293 cum
2851 1221 3128 1316 publice
3170 1221 3427 1294 hones-

608 1342 766 1413 tatis
795 1343 1059 1434 justitia
1099 1345 1649 1418 contrahendum
1694 1346 2210 1418 matrimonium
2252 1346 2586 1440 impediat
2633 1355 2705 1417 et
2749 1345 3025 1450 dirimat
3056 1346 3203 1439 jam
3257 1368 3425 1418 con-

609 1475 932 1557 tractum,
950 1468 1253 1562 puellam
1279 1470 1500 1564 ipsam
1527 1470 1617 1542 ad
1649 1479 1915 1566 patrem
1944 1493 2146 1542 suum
2175 1471 2353 1543 infra
2381 1481 2648 1543 certum
2678 1470 3049 1542 terminum
3076 1470 3428 1543 remittere

606 1602 1042 1687 procuraret;
1076 1594 1381 1688 alioquin
1416 1595 1488 1665 in
1520 1595 1735 1689 ipsius
1769 1606 1839 1667 et
1870 1596 2417 1669 consiliariorum
2452 1587 2736 1668 suorum
2779 1617 3109 1690 personas
3141 1617 3425 1668 excom·

605 1717 1089 1790 municationis
1119 1719 1302 1790 acin
1337 1727 1592 1791 terram
1625 1721 1776 1812 ejus
1807 1720 2153 1793 interdicti
2184 1721 2561 1792 sententias
2592 1721 3106 1814 promulgabat3
3146 1729 3431 1816 propter
3564 1728 3574 1737 ‘

605 1841 799 1934 quod
838 1844 1147 1937 prefatus
1192 1844 1502 1914 marchio
1547 1843 1726 1914 infra
1767 1845 2092 1916 eumdem
2145 1844 2516 1916 terminum
2549 1843 2641 1915 ad
2672 1843 3143 1939 Apostolicam
3172 1845 3424 1918 Sedem

604 1968 964 2062 appellans
1007 1968 1208 2041 nobis
1265 1968 1616 2039 humiliter
1662 1968 2076 2062 supplicavit
2114 1977 2195 2039 ut
2233 1991 2393 2041 cum
2434 1969 2678 2041 eadem
2715 1970 2945 2062 puella
2990 1991 3074 2042 eo
3116 1980 3425 2065 tempore

604 2112 746 2185 quo
775 2092 956 2164 inter
982 2093 1204 2187 ipsam
1224 2102 1295 2164 et
1317 2093 1660 2187 prefatum
1689 2094 2161 2164 Her-mannum
2187 2094 2531 2189 sponsalia
2556 2102 2908 2164 contracta
2937 2094 3218 2165 fuerunt
3245 2115 3425 2166 non-

601 2216 735 2287 nisi
764 2217 940 2289 duos
967 2238 1188 2289 annos
1213 2217 1531 2310 haberet,
1565 2229 1636 2289 et
1661 2218 2105 2313 postmodum
2131 2239 2262 2289 sex
2289 2239 2629 2290 annorum
2671 2217 3038 2288 dumtaxat
3063 2218 3418 2310 existeret,

600 2340 883 2433 quando
929 2363 1084 2413 eam
1130 2340 1438 2436 prefatus
1478 2342 1896 2414 marchionis
1928 2341 2110 2413 filius
2153 2342 2419 2415 habens
2465 2343 2944 2432 tantummodo
2988 2364 3209 2416 annos
3247 2365 3422 2437 qua·

601 2473 759 2538 tuor
782 2465 1251 2562 desponsavit,
1277 2467 1579 2538 relaxari
1602 2467 1998 2558 hujusmodi
2015 2467 2392 2539 sententias
2422 2469 2829 2539 faceremus,
2854 2468 3184 2540 Volentes
3214 2468 3427 2561 igitur

600 2590 913 2685 predicto
962 2590 1343 2661 marchioni
1398 2591 1768 2685 specialem
1818 2590 2112 2682 gratiam
2162 2591 2390 2662 facere
2437 2591 2509 2661 in
2561 2590 2690 2662 hac
2741 2600 2973 2685 parte,
3011 2591 3423 2664 mandamus

599 2725 942 2809 quatenus
972 2715 1299 2809 inquisita
1329 2736 1540 2811 super
1565 2715 1674 2787 his
1702 2715 2099 2808 diligentius
2123 2714 2445 2808 veritate,
2476 2714 2535 2786 si
2562 2736 2709 2786 rem
2738 2715 3087 2789 inveneris
3114 2716 3210 2788 ita
3236 2737 3416 2809 esse,

598 2862 926 2936 procures
957 2842 1365 2914 auctoritate
1397 2850 1632 2916 nostra
1664 2841 1946 2915 easdem
1979 2840 2359 2915 sententias
2390 2842 2732 2915 relaxare.

692 2968 946 3039 Datum
982 2968 1325 3060 Lugduni,
1358 2968 1563 3041 nonis
1591 2968 1779 3061 maii,
1815 2989 2001 3041 anno
2029 2977 2307 3062 quarto.

700 3481 1181 3564 Innocentius
1217 3506 1416 3590 papa
1463 3480 1725 3563 scribit
1769 3478 2189 3564 marchioni
2226 3480 2586 3564 Misnensi
2624 3480 2871 3589 quod,
2913 3480 3086 3563 licet
3127 3482 3413 3564 litteras

597 3639 775 3697 suas
861 3613 1228 3697 cardinali
1307 3613 1561 3696 Sancti
1638 3613 1939 3723 Georgii
2028 3615 2125 3696 ad
2208 3613 2481 3696 Velum
2557 3614 2896 3696 Aureum
2968 3613 3245 3723 dirigat
3318 3615 3412 3696 de

596 3748 982 3830 sententiis
1070 3757 1377 3855 propter
1446 3747 2021 3829 matrimonium
2095 3746 2290 3829 inter
2357 3747 2864 3857 Margaretam
2938 3745 3411 3855 imperatoris

593 3880 651 3963 F
655 3881 965 3964 rederici
1015 3879 1255 3961 filiam
1304 3889 1380 3962 et
1422 3879 1688 3995 filium?
1716 3879 2057 3989 ejusdem
2108 3880 2570 3964 marchionis
2625 3879 3226 3962 contrahendum
3279 3907 3413 3962 re-

593 4012 981 4122 laxandiS,
1040 4013 1295 4122 ipsum
1350 4023 1605 4095 tamen
1635 4084 1642 4101 ,
1670 4012 1961 4094 inducit
2014 4023 2100 4095 ut
2151 4013 2489 4121 puellam
2542 4013 2640 4094 ad
2696 4022 2982 4121 patrem
3033 4014 3410 4095 remittere

592 4172 744 4229 non
781 4157 1226 4258 postponat,
1268 4145 1450 4257 quia
1486 4172 1640 4229 non
1676 4156 1930 4255 posset
1967 4146 2535 4229 matrimonium
2576 4144 3017 4255 hujusmodi
3045 4144 3403 4253 tolerare,
3460 4142 3465 4147 ’

589 4280 842 4390 ipsum
880 4281 1279 4365 absolvens
1325 4280 1424 4363 ab
1473 4280 1684 4364 omni
1733 4279 2233 4388 promissione
2288 4306 2418 4363 seu
2465 4277 2930 4391 obligatione
2976 4279 3408 4390 pecuniaria

589 4415 1044 4524 cuicumque
1082 4416 1280 4498 facta
1318 4415 1710 4498 occasione
1757 4411 2228 4521 sponsalium
2279 4413 2867 4523 praedictorum.

753 4599 1002 4680 (Inedlt.
1033 4617 1110 4661 ex
1140 4601 1359 4681 Regist.
1388 4602 1593 4662 Innoc.
1621 4618 1721 4678 pp.
1742 4599 1849 4673 IV,
1878 4602 1941 4660 in
1972 4600 2135 4662 arch.
2166 4602 2305 4664 Vat.
2338 4617 2475 4661 ann.
2499 4600 2606 4681 IV,
2638 4602 2808 4680 epist.
2840 4605 2983 4682 625,
3004 4600 3109 4662 sol.
3137 4607 3274 4679 384,
3302 4616 3401 4678 ap.

826 4706 966 4769 coll.
996 4707 1070 4768 de
1092 4708 1178 4769 La
1208 4709 1383 4769 Porto
1409 4707 1490 4768 du
1518 4706 1717 4783 Theil,
1751 4709 1814 4767 in
1845 4706 2000 4770 Bibl.
2028 4707 2226 4769 Cesar.
2259 4705 2474 4792 Paris.)
2592 4712 2599 4723 ⁴
2882 4704 2890 4717 “

3528 3493 3754 3549 Lugduni,

3562 3550 3588 3589 7
3610 3551 3736 3594 mn.
