4364 5738
1014 539 1089 599 16
2004 544 2424 608 anssmct
2475 548 2814 608 sncuxm
3439 546 3602 631 [Axx.
3640 548 3816 610 1241.

1450 833 2448 847 ”mm-‚uo—-e——a———ae--m
2467 838 2568 847 ..ο-ο
2586 838 2840 847 .--να-.-0-
2859 838 2970 847 --.a—⁴
2985 838 3025 846 ο.
3040 838 3100 846 -—-
3121 839 3356 848 ...ο-..-φο

665 1121 891 1225 ‘33:²34
1114 1102 1577 1209 FridericuS,
1605 1105 2136 1189 Romanorum
2191 1108 2632 1216 imperator,
2682 1106 3137 1215 encyclicam
3191 1106 3421 1188 mittit
3461 1104 3822 1214 justicia-

1007 1235 1139 1318 riis
1177 1236 1390 1347 regni
1430 1264 1658 1348 super
1694 1241 2080 1322 exactione
2115 1240 2476 1349 pecuniae
2507 1251 2582 1321 et
2614 1239 2927 1322 collecta
2963 1239 3448 1347 imponenda.

1171 1453 1360 1526 (Edit.
1386 1469 1483 1529 ap.
1519 1453 1675 1513 Petr.
1704 1451 1774 1513 de
1809 1454 1940 1514 Vin.
1963 1455 2158 1533 epist„
2180 1453 2284 1517 ub.
2319 1454 2411 1529 11,
2441 1471 2571 1532 cap.
2593 1454 2829 1528 xxx13
2858 1454 2995 1516 coll.
3022 1470 3158 1515 cum
3181 1454 3380 1515 codice
3408 1452 3826 1529 Phssllppsenst

1246 1560 1404 1636 apud
1429 1560 1804 1639 Mlddlebill.)

1107 1746 1288 1816 Dum
1339 1767 1589 1838 magne
1650 1747 2041 1818 devotionis
2103 1747 2356 1819 indicia
2407 1756 2479 1819 et
2529 1747 3010 1841 multiplicium
3070 1746 3505 1818 servitiorum
3570 1764 3818 1834 onera,

1012 1890 1150 1963 que
1195 1869 1583 1942 successive
1641 1868 1960 1943 fidelibus
2004 1871 2256 1943 nostris
2298 1881 2414 1942 tue
2449 1870 2948 1964 jurisdictionis
2998 1870 3437 1959 incumbunt,
3480 1867 3656 1939 infra
3697 1889 3826 1940 nos

1014 1994 1201 2088 ipsos
1244 1992 1477 2065 debita
1518 1994 2067 2066 consideratione
2106 2016 2515 2090 pensamuS,
2572 1995 2672 2068 eis
2710 1995 3010 2087 benigue
3060 1995 3312 2065 mentis
3347 1994 3597 2064 affectu
3632 2013 3823 2064 com·

1015 2118 1343 2211 patimur,
1392 2126 1462 2188 et
1507 2117 1702 2188 inviti
1748 2118 2262 2212 quodammodo
2303 2119 2556 2190 nostris
2592 2118 2920 2190 oneribus
2964 2139 3204 2190 eorum
3254 2118 3429 2189 colla
3480 2115 3823 2187 submitti-

1012 2263 1202 2330 mus,
1241 2263 1416 2335 quos
1448 2241 1578 2313 sub
1621 2242 1810 2337 pacis
1843 2241 2108 2314 deliciis
2141 2252 2212 2314 et
2242 2253 2477 2337 optate
2508 2242 2761 2337 quietis
2792 2242 3048 2335 gaudio
3092 2242 3223 2313 sub
3255 2242 3518 2313 alarum
3557 2250 3827 2311 nostra-

1013 2387 1164 2435 rum
1198 2366 1542 2437 velamine
1557 2366 1875 2459 cupimus
1899 2366 2256 2437 delectari.
2287 2366 2462 2452 Quia
2498 2375 2728 2438 tamen
2757 2366 2828 2437 in
2854 2366 3222 2437 victorioso
3248 2365 3562 2437 exercitu
3589 2373 3825 2436 nostro

1013 2488 1284 2561 firmato
1311 2489 1577 2559 dudum
1620 2489 1692 2559 in
1728 2488 2087 2560 obsidione
2121 2489 2447 2560 Faventie
2478 2487 2610 2584 (a),
2649 2489 2738 2560 de
2775 2511 2912 2583 qua
2955 2490 3156 2561 nobis
3197 2499 3268 2560 et
3308 2487 3628 2560 fidelibus
3659 2509 3824 2560 nos·

1015 2612 1139 2683 tris
1200 2611 1626 2705 triumphum
1677 2612 1974 2706 prestitit
2015 2611 2251 2683 divina
2293 2613 2694 2705 clementia,
2752 2622 2908 2708 post
2959 2612 3231 2685 labores
3283 2623 3422 2685 tam
3485 2613 3557 2683 in
3600 2632 3828 2683 arma·

1020 2734 1204 2807 tione
1254 2735 1472 2805 felicis
1524 2735 1707 2807 stolii
1746 2733 1888 2830 (⁴),
1931 2757 2140 2831 quam
2180 2735 2254 2807 in
2296 2736 2654 2830 stipendiis
2684 2736 3142 2829 bellatorum,
3184 2747 3256 2808 et
3293 2736 3444 2807 aliis
3474 2756 3611 2828 que
3644 2735 3827 2807 circa

1017 2859 1531 2954 expeditionem
1595 2859 1941 2931 exercitus
1991 2860 2527 2955 expugnationis
2586 2860 2883 2953 qualitas
2930 2860 3321 2955 requisivit,
3382 2860 3479 2933 sic
3528 2860 3826 2932 erarium

1019 2993 1329 3056 nostrum
1367 2984 1583 3078 ipsius
1623 2985 1722 3055 rei
1754 2984 2092 3076 gloriosus
2137 2984 2425 3056 effectus
2475 2983 2830 3073 exhausit,
2887 2995 2966 3055 ut
3003 2984 3096 3056 ad
3141 2985 3548 3057 solutionem
3593 2984 3824 3054 multi-

1019 3108 1298 3202 plicium
1338 3088 1755 3198 debitorum,
1787 3128 1924 3199 que
1958 3117 2326 3203 propterea
2358 3129 2630 3179 camera
2663 3118 2900 3180 nostra
2939 3108 3311 3197 contraxit,
3344 3108 3492 3178 sine
3519 3105 3828 3178 fidelium

1020 3241 1414 3302 nostrorum
1459 3230 1785 3323 suffragio
1841 3230 1986 3303 fisci
2033 3232 2251 3303 nostri
2304 3253 2446 3304 non
2495 3242 2874 3326 suppetunt
2927 3233 3320 3321 facultateS,
3374 3232 3828 3325 quantitatem

1024 3354 1313 3450 pecunie
1387 3353 1757 3426 interclusa
1834 3355 2268 3448 presentibus
2341 3354 2591 3427 cedula
2661 3356 3231 3450 comprehensam
3297 3356 3388 3426 ab
3437 3355 3831 3427 hominibus

1016 3476 1511 3569 jurisdictionis
1548 3488 1663 3549 tue
1711 3487 2078 3574 propterea
2114 3500 2240 3573 per
2281 3488 2346 3550 te
2383 3478 2812 3573 providimus
2841 3479 3284 3572 exigendam.
3328 3478 3670 3550 Fidelitati
3716 3488 3831 3549 tue

1026 3599 1312 3672 firmiter
1360 3602 1805 3696 precipiendo
1857 3602 2302 3690 mandanteS,
2352 3613 2695 3695 quatenus
2749 3603 3061 3695 diligenti
3108 3603 3619 3676 examinatione
3670 3622 3832 3696 pre-

1026 3725 1262 3797 habita
1329 3735 1664 3820 quantum
1745 3748 2014 3797 summa
2089 3726 2383 3820 pecunie
2447 3749 2632 3798 anno
2699 3726 3021 3821 proximo
3085 3727 3414 3820 preterito
3484 3727 3554 3797 in
3622 3726 3832 3818 juris-

1023 3848 1324 3921 dictione
1383 3850 1528 3942 ipsa
1590 3849 1908 3942 imposita
1975 3859 2369 3943 presentem
2443 3850 2817 3922 excesserit
2874 3851 3370 3943 quantitatem,
3437 3871 3590 3921 eam
3655 3849 3835 3920 sicut

1021 3976 1392 4046 summarie
1456 3974 1807 4047 inveneris
1869 3973 2318 4064 minoratam,
2373 3974 2472 4046 sic
2530 3975 2710 4045 inter
2758 3974 3117 4047 universas
3164 3974 3662 4066 jurisdictionis
3718 3981 3832 4043 tue

1023 4098 1330 4170 civitates
1360 4108 1431 4170 et
1478 4100 1628 4170 loca
1669 4096 2069 4192 particulari
2115 4097 2590 4169 numeratione
2626 4098 3032 4189 distribuas,
3085 4107 3155 4169 et
3206 4097 3304 4169 sic
3350 4098 3831 4191 proportiona-

1102 4274 1183 4353 (a)
1229 4275 1355 4335 Hoc
1380 4273 1494 4336 loci
1519 4291 1736 4336 nomen
1763 4277 1827 4335 in
1851 4271 2153 4335 codicibus
2177 4276 2459 4336 omissum
2482 4273 2642 4334 solus
2669 4272 3110 4352 Philllppsensts
3137 4274 3323 4335 codex
3349 4274 3639 4335 exhibuit.

1101 4567 1173 4642 (4)
1207 4569 1285 4623 De
1308 4565 1480 4624 classe
1506 4566 1681 4639 agitur
1703 4566 1794 4639 qui
1818 4566 1921 4624 boc
1945 4581 2089 4624 anno
2119 4565 2433 4624 Genuenses
2459 4564 2629 4622 navali
2658 4563 2862 4639 praelio
2891 4564 3181 4629 devicerat,
3209 4564 3460 4638 {uelatis
3483 4563 3832 4622 ecclesiarum

1026 4681 1123 4723 seu
1152 4663 1320 4738 captis
1344 4679 1440 4721 seu
1469 4662 1784 4721 submersis.
