4364 5738
583 527 784 586 lxmcr.
823 524 909 602 l.]
1473 521 1866 581 HISTORIA
1914 519 2506 582 mPLOMAthA.
3321 514 3401 573 89

587 659 820 731 dulfus
860 657 949 729 de
999 655 1356 727 Fasanella
1398 654 1669 749 imperii
1712 656 1782 725 in
1826 655 2069 727 Tuscia
2126 655 2447 744 vicariuS,
2496 652 2870 726 Riccardus
2919 651 3007 723 de
3051 649 3402 721 Fasanella

587 783 800 854 frater
830 782 981 873 ejus
1013 779 1285 874 imperii
1325 778 1396 848 in
1424 779 1728 851 Marchia
1770 779 2105 868 vicarius,
2137 778 2450 871 magistri
2478 778 2721 848 Petrus
2753 775 2842 847 de
2869 775 3086 846 Vinea
3127 784 3198 845 et
3222 772 3403 845 Tad-

589 907 763 980 deus
790 906 879 979 de
909 908 1160 977 Suessa
1191 925 1442 997 magne
1471 904 1847 999 imperialis
1874 904 2064 976 curie
2085 905 2387 997 judices»,
2426 913 2498 974 et
2526 902 2642 974 alii
2670 902 3142 995 quamplures,

684 1031 935 1102 Datum
983 1030 1053 1100 in
1096 1028 1338 1101 castris
1392 1029 1465 1099 in
1512 1028 2051 1123 depopulatione
2096 1027 2339 1118 Urbis,
2389 1048 2575 1098 anno
2618 1027 2711 1098 M.
2733 1026 2857 1098 CC.
2882 1024 3119 1114 XLIII,
3168 1044 3406 1096 mense

582 1155 806 1248 junio,
845 1153 1223 1226 indictione
1258 1152 1505 1248 prima,
1542 1152 1953 1248 imperante,
1986 1160 2120 1224 etc.

705 1708 1133 1792 Gualterius
1169 1709 1582 1818 imperialis
1625 1710 1904 1793 Montis
1941 1708 2259 1818 Agutuli
2300 1707 2624 1790 vicarius
2672 1706 3086 1789 castellano
3128 1705 3419 1788 Monte·
3534 1726 3769 1829 fflff?

599 1841 984 1951 reggionis
1044 1842 1189 1924 sub
1252 1868 1495 1950 poena
1549 1841 1785 1923 banni
1836 1852 1911 1924 et
1968 1841 2178 1923 mille
2232 1865 2669 1922 marcarum
2725 1839 3019 1949 argenti
3070 1848 3272 1921 vetat
3323 1863 3422 1921 ne
3559 1838 3587 1877 ³
3611 1794 3725 1888 '¹¹3¹'

600 1971 863 2055 fenum
897 1974 974 2053 in
1013 1972 1293 2081 palude
1331 1973 1647 2055 Canneti
1683 1973 1830 2054 nisi
1866 1999 2010 2080 pro
2043 1973 2503 2055 monasterio
2533 1971 2833 2054 Insulae
2874 1972 3109 2054 secari
3147 1970 3419 2076 faciat3

602 2104 728 2185 cui
782 2104 1242 2187 castellanus
1292 2106 1697 2213 respondet
1747 2130 1888 2214 pro
1942 2107 2250 2188 comuni
2290 2105 2704 2210 Senarum,
2767 2102 2960 2185 sicut
3001 2104 3144 2186 sibi
3181 2103 3426 2211 impo-

607 2235 836 2319 situm
879 2245 1029 2346 est,
1075 2238 1310 2320 secari
1348 2237 1622 2320 facere.

771 2481 1018 2560 (Inedlt.
1055 2498 1154 2559 ap.
1185 2482 1366 2544 Arch.
1406 2498 1624 2542 comm.
1657 2447 1930 2561 senens,
1971 2498 2045 2542 ex
2074 2484 2244 2560 copia
2280 2481 2619 2542 authentica
2653 2483 2795 2541 anni
2828 2488 3005 2558 1247,
3039 2478 3264 2541 Celetro
3291 2479 3428 2539 dell*

848 2590 1128 2663 Assunta,
1161 2592 1407 2650 materia
1434 2605 1614 2664 nona,
1644 2588 1748 2651 rol.
1784 2588 1952 2666 305.)

706 2804 783 2875 In
818 2803 1100 2876 nomine
1131 2804 1441 2896 Domini,
1487 2824 1718 2876 amen.
1765 2802 1972 2876 Anno
2014 2802 2328 2894 ejusdem
2367 2802 2734 2876 millesimo
2777 2802 3161 2893 CC.XLH1,
3206 2803 3431 2876 indic-

615 2929 799 3000 tione
844 2929 1101 3023 prima,
1147 2928 1260 3002 die
1297 2929 1384 3000 ΙΙΙ
1417 2949 1640 3000 nonas
1669 2927 1877 3020 junii.
1929 2928 2039 2999 Ex
2076 2927 2208 2998 hac
2252 2927 2530 3022 publica
2574 2926 2753 2998 serie
2794 2927 3061 3021 liquido
3105 2936 3437 3022 appareat

610 3051 954 3123 universis
995 3049 1187 3144 quod
1225 3052 1616 3123 Gualterius
1654 3051 1959 3124 vicarius
2001 3071 2131 3146 pro
2178 3050 2473 3145 imperio
2512 3050 2766 3122 Montis
2818 3050 3104 3141 Agutuli
3147 3050 3439 3122 accessit

615 3174 708 3246 ad
753 3174 1256 3267 possessionem
1300 3185 1371 3246 et
1401 3176 1632 3247 locum
1675 3175 1823 3246 sive
1869 3174 2201 3269 paludem
2247 3174 2645 3246 monasterii
2682 3174 2828 3245 sive
2873 3174 3151 3246 abbatie
3200 3175 3288 3247 de
3325 3175 3436 3246 In-

618 3296 796 3387 sula,
828 3317 966 3389 que
994 3298 1383 3391 appellatur
1422 3300 1842 3388 Cannetum,
1875 3298 2178 3392 positum
2213 3298 2395 3369 inter
2435 3298 3074 3392 Montereggionem
3096 3309 3180 3399 ‚et
3219 3300 3434 3373 abba·

619 3421 788 3493 tiam
846 3420 1227 3517 predictam
1279 3432 1350 3494 et
1407 3423 1672 3494 invenit
1729 3422 1825 3493 ibi
1877 3424 2331 3495 castellanum
2376 3423 2541 3495 dicti
2595 3424 2804 3495 castri
2856 3424 3440 3518 Montereggionis

619 3567 779 3618 cum
821 3545 1249 3617 secatoribus
1290 3567 1417 3641 pro
1454 3567 1539 3617 eo
1580 3546 1817 3617 fenum
1867 3545 1956 3617 de
1992 3547 2250 3642 padule
2293 3548 2603 3643 predicta
2652 3549 3078 3638 secantibus,
3124 3569 3300 3641 quos
3338 3546 3440 3643 (a)

620 3670 853 3766 posuit
912 3669 1098 3741 idem
1157 3670 1574 3740 castellanus
1632 3670 2249 3763 Montereggionis3
2305 3681 2376 3744 et
2428 3672 2739 3768 precepit
2800 3672 3025 3744 eidem
3088 3693 3181 3742 ex
3244 3679 3442 3764 parte

621 3792 885 3865 domini
939 3794 1372 3888 imperatoris
1431 3801 1503 3864 et
1562 3793 1826 3865 domini
1884 3794 2200 3866 Pandulfi
2259 3797 2600 3892 capitanei
2649 3797 2891 3869 Tuscie
2952 3794 3296 3888 generalis
3349 3795 3441 3866 ad

620 3916 931 3988 bannum
974 3927 1043 3989 et
1084 3919 1177 3991 ad
1224 3940 1477 4014 penam
1521 3919 1710 3989 mille
1753 3940 2144 3991 marcarum
2190 3923 2496 4014 argenti,
2541 3932 2622 3992 ut
2665 3921 2899 3993 fenum
2929 3919 3018 3990 de
3059 3920 3440 4013 possessio·

621 4041 827 4112 nibus
855 4052 927 4113 et
959 4042 1217 4137 padule
1249 4064 1393 4115 non
1420 4052 1686 4115 secaret
1717 4063 1850 4115 nec
1877 4044 2094 4115 secari
2123 4045 2382 4117 faceret
2416 4044 2549 4115 nisi
2578 4044 2836 4114 faceret
2865 4062 2992 4138 pro
3022 4043 3443 4116 monasterio

626 4185 716 4236 ex
754 4164 981 4237 officio
1030 4166 1220 4258 quod
1262 4167 1562 4259 geritur3
1602 4176 1672 4238 et
1718 4167 1865 4262 ipse
1908 4167 2136 4240 dictus
2188 4169 2608 4240 castellanus
2659 4167 3241 4260 Montereggionis
3291 4190 3441 4241 res·

626 4288 870 4381 pondit
901 4297 974 4360 et
1013 4288 1194 4361 dixit
1235 4315 1253 4359 ε
1298 4317 1334 4354 α
1374 4291 1522 4383 Ego
1559 4292 1805 4364 faciam
1847 4291 2065 4363 secari
2098 4291 2336 4362 fenum
2378 4290 2465 4361 de
2502 4290 2759 4385 palude
2794 4298 2865 4360 et
2900 4290 3446 4383 possessionibus

633 4431 758 4501 pro
801 4413 1077 4483 comuni
1119 4415 1494 4504 Senarum,
1540 4415 1718 4488 sicut
1763 4414 2162 4509 impositum
2209 4423 2317 4485 est
2353 4412 2562 4484 michi
2608 4412 2700 4484 ad
2739 4434 2993 4508 penam
3032 4425 3103 4487 et
3136 4417 3444 4491 bannum

717 4610 801 4690 (a)
846 4614 916 4673 In
945 4614 1146 4677 charta
1175 4624 1454 4688 secantes,
1487 4635 1678 4697 quem.

788 4720 896 4781 vl.
3058 4735 3129 4786 12
