4364 5738
478 646 688 705 lxnrcr.
720 642 814 720 4.]
1375 638 1772 701 ms'romA
1817 641 2418 705 DIPLOMATICA.
3193 635 3307 698 361

484 779 578 851 ad
614 797 958 850 cameram
991 782 1298 845 nostram
1331 774 1648 846 celeriter
1679 776 2204 848 transmissurus
2234 775 2375 873 (a);
2420 774 2684 847 clericis
2714 774 3159 848 nihilominus
3181 769 3314 871 [ut]

487 923 655 974 cura
689 906 1140 997 protegantur
1174 896 1483 992 imperii,
1520 899 1817 992 pastoris
1852 900 2274 992 negligentia
2298 901 2412 972 vel
2446 899 2827 970 temeritate
2857 898 3184 994 dispersi,
3222 898 3310 970 de

487 1024 690 1097 bonis
717 1015 1336 1119 patrimonialibus,
1362 1042 1501 1114 que
1529 1021 1600 1091 in
1636 1021 1927 1117 imperio
1951 1021 2337 1119 possident,
2364 1022 2877 1113 contingentem
2904 1042 3145 1093 eorum
3174 1022 3312 1094 col·

491 1149 741 1219 lectam
789 1145 1154 1217 exsolvere
1196 1165 1390 1214 more
1435 1143 1635 1216 solito
1685 1145 2173 1239 permissurus,
2218 1147 2706 1237 Quoscumque
2741 1164 2910 1216 vero
2956 1165 3049 1215 ex
3093 1144 3192 1215 eis
3234 1144 3307 1214 in

488 1271 830 1343 solutione
849 1267 1251 1363 quantitatis
1282 1268 1675 1340 subsidialis
1705 1268 1804 1340 eis
1836 1269 2153 1365 imposite
2177 1271 2293 1341 vel
2325 1271 2395 1340 in
2417 1269 2751 1365 petitione
2780 1266 3121 1363 repereris
3138 1288 3306 1339 con-

488 1405 826 1482 tumaces,
865 1391 1081 1464 nostri
1124 1391 1420 1462 carceris
1463 1391 1753 1463 excidiis
1792 1392 2169 1486 adgraves,
2200 1415 2291 1465 ne
2335 1415 2462 1488 per
2491 1393 2934 1487 impunitates
2965 1392 3305 1464 scelerum

484 1517 941 1591 intentionem
971 1525 1352 1607 aggravent
1381 1514 1860 1609 delinquendi.

597 2054 1021 2138 Fridericus
1040 2119 1064 2163 ,
1140 2056 1660 2138 Romanorum
1731 2056 2178 2164 imperator,
2247 2055 2469 2138 Entio
2539 2056 2700 2139 filio
2772 2082 2914 2139 suo
2991 2058 3308 2138 mandat
3385 2069 3691 2126 1⁸⁸r¹⁸=¹¹³r¹⁴

493 2197 580 2267 ut
613 2187 1004 2269 collectam
1046 2186 1143 2269 ab
1179 2187 1509 2270 ecclesiis
1545 2187 1845 2293 exigere
1880 2187 2190 2291 debeat,
2230 2196 2305 2268 et
2340 2197 2649 2269 excusat
2685 2212 2767 2269 se
2795 2188 2870 2267 in
2913 2188 3059 2269 hoc
3099 2188 3306 2295 quod

492 2344 646 2399 non
686 2345 826 2427 pro
863 2319 1185 2402 utilitate
1223 2320 1531 2428 propria
1567 2320 1785 2428 facit,
1833 2320 1967 2401 sed
2001 2344 2141 2425 pro
2176 2319 2593 2399 communi.

655 2531 896 2611 (Inedit.
938 2548 1015 2591 ex
1047 2533 1248 2592 codice
1281 2532 1434 2593 Bibl.
1474 2534 1641 2592 univ.
1670 2532 1947 2610 Leipzic,
1980 2543 2044 2591 n⁰
2082 2541 2269 2610 ¹268,
2298 2531 2405 2592 fol.
2443 2541 2474 2591 3
2511 2530 2635 2610 (12)
2676 2539 2836 2592 recto
2876 2548 3075 2604 verso,
3133 2540 3193 2592 et
3232 2549 3306 2593 ex

730 2638 858 2698 cod.
894 2636 1042 2698 Bibl.
1060 2639 1283 2718 Berol„
1305 2647 1373 2697 n⁰
1399 2647 1533 2711 188,
1555 2638 1657 2698 fol.
1691 2647 1764 2699 78
1795 2643 1977 2713 recto,
2003 2637 2106 2698 ubi
2134 2640 2197 2696 ln
2220 2639 2429 2698 titulo:
2453 2634 3130 2718 Fridericusjmtitiariis
3145 2639 3305 2712 suis.)

589 2823 756 2895 Cum
784 2845 911 2919 pro
940 2824 1343 2898 defensione
1361 2823 1623 2916 jurium
1658 2833 1728 2895 et
1759 2823 2043 2896 honoris
2067 2823 2139 2893 in
2165 2823 2419 2917 quibus
2446 2822 2809 2895 manifesta
2836 2823 3036 2895 nobis
3059 2822 3311 2915 injuria

496 2946 885 3038 inrogatur,
931 2970 1204 3020 necnon
1246 2959 1318 3019 et
1355 2970 1483 3042 pro
1523 2948 1965 3021 conterendis
1992 2945 2291 3018 finaliter
2328 2948 2687 3019 rebellium
2719 2954 3114 3020 nostrorum
3148 2948 3310 3020 reli-

495 3070 714 3163 quiis,
748 3072 839 3144 ad
883 3094 1181 3164 quorum
1223 3072 1512 3142 exitium
1552 3071 1826 3163 gladius
1871 3081 2105 3143 noster
2139 3072 2430 3142 solerter
2464 3072 2775 3162 invigilat
2806 3081 2877 3142 et
2908 3071 3315 3143 hanelanter

494 3195 756 3287 aspirat
815 3204 886 3265 et
933 3194 1026 3265 ad
1080 3215 1377 3286 quorum
1427 3193 1917 3265 confutandam
1968 3194 2389 3288 proterviam
2439 3194 2917 3288 personalibus
2963 3194 3314 3266 laboribus

495 3317 810 3411 profecto
841 3337 982 3387 non
1012 3316 1358 3411 parcimus
1394 3325 1465 3388 et
1504 3315 1902 3388 hereditarii
1934 3318 2131 3409 regni
2161 3317 2374 3389 nostri
2400 3317 2759 3388 thesauros
2791 3317 3144 3390 effundere
3172 3339 3312 3390 non

494 3440 835 3528 vitamus,
872 3461 1000 3534 per
1038 3440 1383 3532 quaslibet
1414 3448 1646 3533 partes
1677 3439 1946 3532 imperii
1975 3461 2201 3534 nuper
2236 3440 2326 3512 de
2370 3440 2823 3533 proventibus
2864 3424 3311 3511 ecclesiarum

497 3564 752 3655 quibus
794 3585 921 3658 per
965 3564 1236 3634 labores
1280 3571 1553 3633 nostros
1585 3562 1850 3653 justitie
1892 3563 2091 3657 copia
2134 3572 2568 3658 preparatur,
2601 3561 3001 3654 suffragium
3043 3564 3316 3658 placeat

499 3688 753 3759 nostris
779 3686 1167 3781 sumptibus
1200 3684 1503 3778 erogari;
1534 3683 1845 3756 filiationi
1882 3681 1980 3779 (b)
2009 3696 2125 3756 tue
2153 3696 2324 3774 etc.,
2346 3686 2672 3779 quatinus
2704 3685 2794 3756 ab
2822 3685 3130 3755 ecclesiis
3161 3706 3312 3754 om-

500 3810 705 3880 nibus
734 3820 805 3881 et
839 3808 1153 3904 personis
1184 3806 1662 3879 ecclesiasticis
1683 3805 2178 3896 jurisdictionis
2217 3818 2331 3878 tue
2353 3860 2372 3897 ,
2409 3830 2570 3879 cum
2615 3807 2704 3878 ad
2750 3807 2822 3877 id
2856 3802 3052 3902 [non]
3084 3806 3315 3876 acervi

502 3932 925 4025 congerendi
953 3933 1067 4006 vel
1096 3931 1373 4026 proprie
1406 3929 1914 4002 commoditatis
1946 3930 2265 4020 ambitio,
2303 3930 2428 4002 sed
2459 3931 2695 4024 populi
2737 3928 2938 4001 nobis
2975 3927 3315 4001 subdendi

499 4075 664 4126 cura
690 4056 1099 4151 propensior
1125 4064 1196 4125 et
1223 4052 1803 4125 recalcitrantium
1828 4053 2346 4145 quodammodo
2371 4052 2679 4149 potentie
2702 4061 2936 4124 nostre
2958 4051 3317 4122 rebellium

498 4198 821 4271 suprema
851 4177 1165 4250 confusio
1196 4176 1585 4271 specialiter
1615 4197 1744 4248 nos
1778 4175 2097 4268 invitent,
2136 4176 2594 4268 quantitatem
2627 4175 2914 4245 collecte
2945 4195 3156 4266 quam
3189 4174 3318 4244 im-

499 4300 895 4393 ponendam
916 4301 1175 4373 videris
1207 4310 1278 4371 et
1309 4300 1613 4393 ipsorum
1648 4298 1976 4369 humeros
2006 4298 2454 4370 tolerabiliter
2488 4318 2689 4391 posse
2718 4296 2949 4368 subire
2976 4318 3321 4389 cognove-

501 4422 622 4512 ris,
661 4422 971 4494 modeste
1005 4423 1376 4495 taxationis
1407 4422 1649 4494 ordine
1681 4422 2018 4495 instanter
2038 4422 2306 4511 exigas,
2336 4421 2581 4492 festine
2615 4421 2976 4514 recolligas
2994 4432 3065 4494 et
3089 4422 3182 4494 ad
3209 4443 3323 4493 ca·

594 4608 678 4687 (a)
723 4608 927 4669 Cetera
953 4610 1167 4671 desunt
1193 4613 1257 4671 ln
1283 4611 1481 4670 codice
1517 4618 1697 4670 8567.

592 4711 672 4792 (b)
718 4713 789 4772 In
817 4715 943 4774 cod.
976 4714 1258 4795 Berolin.,
1270 4713 1576 4792 fidelitati.

670 4819 776 4878 vl.
2367 4865 2372 4869 .
2929 4828 3005 4879 46
