4364 5738
485 543 488 546 μ
561 597 783 662 lamet.
813 596 907 675 5.]
1473 591 1876 656 HISTORIA
1926 593 2514 657 DIPLOMATICA.
3274 595 3397 658 529

580 752 856 807 omnem
877 731 1227 824 justiciam
1255 730 1384 803 iste
1417 751 1727 802 summus
1753 732 2071 826 pontifex
2101 753 2232 805 nos
2264 732 2567 821 notavit,
2602 731 2797 825 regni
2829 730 3049 803 nostri
3074 751 3158 803 ac
3191 730 3400 803 totius

577 858 770 930 Italic
802 856 1097 948 negotiis
1121 857 1327 947 juxta
1359 854 1780 927 desiderium
1813 856 2176 947 ordinatiS,
2214 856 2687 929 infaillibiliter
2715 856 3128 948 Lugdunum
3162 854 3398 950 dispo·

579 981 807 1053 nimus
839 1004 966 1054 nos
997 982 1394 1071 transferre,
1428 991 1498 1051 et
1522 979 1778 1052 abinde
1815 981 2257 1075 postmodum
2289 1003 2449 1053 cum
2483 978 3015 1071 consanguineis
3046 978 3298 1051 nostris
3326 988 3399 1050 et

579 1105 902 1178 fidelibus
930 1106 1180 1178 nostris
1214 1106 1487 1177 illarum
1520 1105 1819 1199 partium
1854 1106 2194 1200 solempni
2226 1106 2573 1198 colloquio
2599 1104 2973 1194 celebrato,
3011 1103 3082 1175 in
3111 1103 3396 1175 Germa·

580 1231 764 1302 niam
814 1230 1111 1323 dirigere
1153 1252 1431 1322 gressus
1472 1239 1783 1321 nostros3
1836 1231 2280 1304 dilectionem
2328 1241 2516 1302 tuam
2559 1238 2821 1301 attente
2866 1228 3281 1322 requirimus
3328 1238 3400 1300 et

581 1355 941 1426 hortamur
971 1354 1202 1447 quod,
1244 1353 1420 1426 sicut
1453 1353 1786 1426 honorem
1840 1354 2110 1449 imperii
2156 1363 2229 1426 et
2271 1363 2584 1425 nostrum
2636 1352 2901 1446 diligis,
2948 1352 3038 1424 ad
3085 1352 3271 1425 diem
3326 1362 3398 1424 et

579 1479 805 1552 locum
852 1501 1061 1572 quem
1108 1478 1229 1549 tibi
1275 1480 1529 1549 latores
1565 1479 1991 1574 presentium
2024 1477 2268 1551 fideles
2297 1478 2515 1550 nostri
2548 1499 2639 1549 ex
2671 1487 2868 1572 parte
2899 1477 3117 1549 nostri
3148 1477 3395 1548 culmi-

576 1602 687 1674 nis
711 1603 1042 1675 duxerint
1068 1603 1579 1698 prefigendum‚
1614 1624 1936 1674 occurras
1964 1603 2164 1676 nobis
2194 1625 2404 1696 quam
2433 1602 2793 1675 decentius
2827 1610 2898 1673 et
2927 1601 3397 1674 honorabilius

576 1727 837 1822 poteris
868 1737 940 1798 et
974 1749 1133 1799 cum
1165 1727 1377 1799 armis
1406 1736 1661 1800 etcum
1690 1728 1964 1800 decenti
1993 1737 2416 1800 armatorum
2450 1748 2532 1798 ac
2564 1726 2855 1799 militum
2885 1725 3235 1817 comitiva,
3256 1747 3397 1798 cre·

576 1851 812 1925 dendo
852 1851 1329 1923 infaillibiliter
1370 1851 1550 1924 sicut
1580 1853 1777 1925 nohis
1813 1852 2143 1946 quicquid
2177 1874 2388 1947 super
2419 1851 2768 1947 premissis
2799 1860 2872 1923 et
2904 1850 3055 1922 aliis
3090 1850 3399 1923 serviciis

577 1976 832 2049 nostris
878 1998 971 2048 ex
1019 1984 1214 2071 parte
1269 1976 1699 2049 celsitudinis
1740 1985 1973 2049 nostre
2023 1975 2321 2072 predicti
2368 1975 2607 2047 nuncii
2657 1974 2780 2047 tibi
2823 1973 3187 2047 retulerint
3232 1973 3395 2046 viva

575 2123 777 2193 voce,
795 2110 875 2172 ut
895 2100 1310 2173 instantibus
1335 2101 1631 2194 negotiis
1660 2101 2045 2175 dilectionis
2073 2108 2190 2172 tue
2223 2099 2580 2173 sinceritas
2604 2099 3041 2194 imprimatur
3056 2106 3393 2194 perpetuo

575 2227 648 2297 in
675 2225 1055 2299 visceribus
1086 2225 1315 2298 cordis
1346 2225 1584 2298 nostri.
1692 2243 1696 2247 ’

673 2352 951 2442 Datum,
988 2361 1123 2423 etc.

682 2789 1258 2875 Ambassatores
1294 2788 1641 2874 comunis
1679 2787 2032 2872 Senensis
2068 2794 2632 2899 repraesentant
2667 2785 3045 2873 Friderico
3081 2787 3179 2871 de
3213 2788 3391 2872 An·-

575 2922 852 3007 tiochia
897 2924 1054 3008 filio
1103 2925 1578 3035 imperatoris
1624 2923 2000 3034 quosdam
2037 2923 2315 3006 milites
2359 2922 2454 3006 de
2500 2923 2822 3006 Commo
2858 2922 3075 3005 Senis
3110 2922 3391 3007 deten-

575 3067 736 3164 tos,
791 3084 1124 3167 quorum
1170 3085 1412 3141 unum
1466 3057 1862 3142 infirmum
1918 3056 2343 3141 Fridericus
2389 3083 2435 3139 a
2479 3056 2924 3141 custodibus
2968 3056 3279 3142 liberari
3320 3066 3396 3141 et

578 3191 678 3271 ad
715 3215 796 3272 se
830 3190 1005 3272 duci
1042 3189 1287 3300 jubet.

739 3377 989 3458 (Inedtt.
1019 3395 1117 3457 ap.
1148 3379 1311 3440 arch.
1343 3394 1561 3440 comm.
1595 3377 1867 3456 senens„
1895 3394 2274 3457 pergamena,
2301 3385 2351 3440 t.
2385 3379 2463 3457 V,
2494 3390 2561 3439 η’
2589 3378 2762 3459 420.)

674 3541 1026 3637 Appareat
1085 3541 1192 3612 his
1242 3539 1535 3636 publicis
1581 3539 1826 3611 litteris
1867 3538 2230 3612 evidenter
2269 3538 2460 3632 quod
2490 3540 2838 3613 Iohannes
2877 3540 3277 3635 Passignani
3326 3549 3398 3613 et

578 3665 881 3758 Uguccio
908 3665 1263 3759 quondam
1295 3664 1782 3737 Bartolommei
1809 3664 2314 3736 ambassatores
2346 3664 2661 3736 comunis
2691 3664 3017 3737 Senensis
3051 3674 3121 3737 et
3145 3664 3396 3758 Ange-

581 3790 792 3863 lerius
839 3791 1194 3884 quondam
1233 3789 1574 3861 Leonardi
1608 3788 1956 3861 castaldus
1984 3789 2298 3861 comunis
2328 3790 2668 3882 ejusdem,
2709 3790 2798 3861 ab
2833 3790 3082 3862 eodem
3113 3791 3392 3862 comuni

580 3915 670 3986 ad
706 3916 838 3988 hoc
869 3914 1259 4011 specialiter
1286 3913 1637 4004 destinati,
1655 3914 1935 3985 nomine
1965 3925 2033 3986 et
2062 3914 2214 3987 vice
2244 3914 2533 4010 predicti
2566 3914 2879 3987 comunis
2902 3924 2973 3986 et
2996 3938 3126 4011 pro
3150 3916 3396 3988 eodem

581 4041 860 4112 comuni
893 4050 963 4112 et
997 4018 1446 4113 universitate
1492 4039 1820 4131 Senensi,
1860 4038 2142 4112 domino
2186 4039 2556 4131 Frederigo
2593 4039 2684 4111 de
2721 4037 3084 4112 Antiochia
3119 4040 3263 4132 regi
3288 4038 3394 4139 (l)

581 4165 998 4237 serenissimi
1040 4165 1304 4239 domini
1352 4164 1784 4261 imperatoris
1819 4164 2169 4256 Frederigi
2212 4162 2356 4237 filio
2398 4164 2867 4259 infrascriptos
2911 4164 3226 4237 homines
3270 4150 3394 4239 seu

651 4449 722 4521 (l)
760 4447 920 4522 Apud
947 4447 1251 4506 chronicon
1277 4447 1340 4505 de
1366 4447 1478 4505 reb.
1512 4448 1574 4503 in
1609 4445 1739 4504 Ital.
1764 4447 1957 4519 gostis,
1988 4460 2081 4502 rex
2111 4460 2326 4519 quoque
2364 4447 2669 4505 nominatur
2696 4447 2781 4505 his
2811 4446 2994 4505 verbis
3022 4466 3036 4505 t
3067 4469 3094 4503 α
3127 4450 3239 4507 Ilm
3266 4451 3398 4508 Fri-

579 4543 792 4603 doricus
811 4546 866 4602 in
883 4539 1082 4602 Tuscia
1105 4562 1229 4603 cum
1249 4552 1407 4620 parte
1428 4544 1783 4603 Gibilinorum
1807 4543 2108 4600 Florentiae
2125 4545 2401 4618 superavit
2419 4552 2628 4619 partem
2657 4545 2989 4604 Guelforum.
3014 4567 3041 4601 υ
3063 4547 3216 4617 Quod
3243 4545 3395 4605 intel-

581 4642 853 4716 ligendum
879 4649 965 4701 est
987 4643 1055 4700 de
1078 4658 1243 4717 regno
1264 4644 1515 4715 Tusciae.
1543 4643 1683 4701 siout
1707 4656 1809 4700 nos
1833 4647 2014 4700 monet
2035 4641 2441 4702 Bartholomeus
2464 4643 2531 4702 de
2549 4644 2862 4705 Neocastro.
2885 4646 2965 4705 Cf.
2994 4636 3391 4718 Introduction,

579 4747 728 4814 part.
756 4741 1079 4817 Maurique,
1109 4757 1166 4815 p.
1190 4755 1379 4800 ccvm.

738 4840 847 4903 vr.
2608 4796 2613 4801 ’
2998 4850 3075 4905 οτ

3523 2803 3733 2902 εὲῖῗέω

3501 2911 3753 2966 Quiritum,

3544 2968 3572 3008 4
3589 2966 3710 3010 mli.
