4364 5738
1095 629 1221 692 410
2094 632 2519 695 tammum
2571 632 2916 695 saeuum
3537 633 3699 718 [An.
3737 634 3909 697 1246.

1095 773 1327 837 vestre
1374 765 1819 860 precipiendo
1863 767 2277 841 mandamus
2316 777 2661 860 quatenus
2693 765 3026 860 quicquid
3060 767 3152 839 de
3193 768 3578 861 quantitate
3620 769 3910 841 militum

1092 891 1223 982 per
1255 908 1383 960 vos
1425 887 1515 960 ad
1561 899 1799 963 nostra
1841 891 2123 965 servitia
2164 890 2671 964 mictendorum
2721 899 2794 961 et
2837 889 3146 985 ipsorum
3189 901 3527 987 apparatu
3570 891 3772 964 vobis
3807 892 3909 964 vir'

1090 1010 1342 1082 nobilis
1366 1011 1707 1085 Robertus
1736 1011 1839 1110 (a)
1874 1010 1991 1112 [de
2024 1010 2425 1110 castilione]
2455 1013 2632 1087 sacri
2668 1013 2942 1110 imperii
2973 1014 3047 1085 in
3073 1016 3479 1089 Romaniola
3510 1015 3906 1110 capitaneus

1089 1129 1316 1206 fidelis
1343 1145 1584 1208 noster
1619 1157 1714 1208 ex
1744 1147 1940 1232 parte
1977 1139 2194 1212 nostri
2224 1137 2546 1211 culminis
2577 1137 2862 1211 duxerit
2898 1138 3436 1232 injungendum,
3469 1149 3704 1214 vestra
3732 1137 3900 1212 fide·

1089 1257 1247 1330 litas
1281 1257 1583 1332 officium
1614 1258 2175 1358 (b)1audabiliter
2206 1270 2690 1358 prosequatur.
3799 1247 3806 1252 ’

2453 1544 2539 1616 V.

1249 1711 1496 1790 (laedit.
1526 1730 1602 1775 ex
1626 1715 1759 1776 cod.
1791 1716 1945 1778 Bibl.
1980 1717 2202 1779 Athon.
2234 1719 2514 1795 Taum„
2541 1726 2611 1779 n⁰
2637 1725 2790 1791 784,
2820 1717 2927 1781 tol.
2958 1716 3088 1797 69.)

1178 1900 1603 1995 Fridericus,
1661 1913 1795 1976 etc.
1851 1906 2309 1978 Transmissas
2363 1915 2602 1979 nostro
2650 1905 2935 1978 culmini
2986 1927 3211 2000 nuper
3260 1916 3493 1978 vestre
3550 1902 3891 1976 fidelitatis

1080 2024 1318 2097 literas
1345 2027 1545 2098 solita
1571 2005 1998 2121 benignitate
2027 2029 2440 2125 recepimus,
2477 2040 2548 2101 et
2571 2051 2710 2124 que
2739 2028 3277 2101 continebantur
3308 2029 3380 2099 in
3415 2028 3516 2100 eis
3545 2027 3887 2099 intellexi·

1081 2169 1237 2220 mus
1277 2149 1669 2244 diligenter,
1715 2151 1926 2224 fidem
1969 2176 2213 2249 puram
2251 2165 2324 2226 et
2354 2153 2801 2225 dilectionem
2850 2154 3231 2244 sinceram,
3277 2173 3454 2246 quas
3489 2152 3562 2222 in
3598 2152 3889 2223 servitiis

1078 2273 1330 2344 nostris
1359 2274 1452 2346 ab
1484 2286 1776 2370 experto
1804 2298 1932 2349 vos
1964 2277 2224 2349 habere
2261 2273 2757 2372 noscimus'(c),
2778 2275 3008 2368 dignis
3038 2273 3656 2348 commendationis
3683 2272 3890 2346 laudi·

1077 2397 1209 2469 bus
1244 2411 1766 2492 prosequentes.
1802 2401 2006 2487 Quod
2043 2410 2278 2473 autem
2320 2400 2410 2473 de
2450 2399 2765 2473 felicibus
2796 2399 3211 2472 excellentie
3235 2408 3468 2471 nostre
3499 2398 3890 2470 rumoribus

1074 2521 1509 2615 supplicastis
1535 2543 1661 2616 per
1691 2534 1924 2595 nostre
1957 2522 2385 2596 celsitudinis
2408 2523 2642 2618 apices
2665 2521 3013 2614 renovari,
3043 2520 3136 2593 ad
3163 2521 3477 2593 notitiam
3501 2520 3887 2593 devotionis

1072 2653 1302 2715 vestre
1328 2644 1739 2716 deducimus
1770 2641 2014 2743 [quod]
2055 2655 2215 2740 post
2242 2645 2515 2717 felicem
2550 2645 2938 2737 ingressum
2982 2654 3216 2716 nostre
3247 2643 3628 2736 majestatis
3661 2643 3736 2714 in
3774 2664 3882 2713 re-

1067 2788 1311 2860 gnum,
1343 2770 1791 2863 quamplures
1820 2766 2062 2841 fideles
2093 2769 2310 2841 nostri
2355 2768 2701 2861 regnicole
2736 2767 2858 2860 qui
2898 2766 2990 2839 ad
3020 2766 3452 2862 proditorum
3492 2775 3879 2840 nostrorum

1066 2892 1237 2964 false
1276 2893 1737 2986 suggestionis
1780 2894 2173 2966 instantiam
2192 2946 2212 2984 ‚
2255 2915 2383 2988 per
2422 2892 2709 2965 mentite
2753 2901 2988 2965 nostre
3032 2890 3274 2962 mortis
3319 2911 3516 2985 spem
3566 2890 3878 2963 frivolam

1066 3016 1652 3110 conspiratoribus
1691 3016 2008 3088 factionis
2047 3016 2502 3107 adheserant,
2551 3024 2917 3110 postquam
2971 3035 3120 3086 rem
3153 3013 3242 3084 in
3287 3012 3705 3085 contrarium
3752 3013 3879 3084 sibi

1064 3137 1348 3222 cessisse
1401 3136 1801 3209 videntibus
1854 3138 2160 3210 veritatis
2215 3139 2430 3235 ipsius
2489 3141 2725 3211 lumen
2779 3136 3101 3228 emicuit,
3161 3136 3548 3231 proditores
3598 3135 3876 3208 eosdem

1059 3270 1412 3353 tamquam
1446 3262 1764 3333 nolentes
1794 3263 2305 3335 communicare
2331 3262 2680 3351 versutiis,
2714 3260 3084 3353 cujuslibet
3114 3259 3264 3355 spei
3291 3260 3653 3331 frustratos
3682 3279 3875 3355 yma·

1055 3384 1220 3478 gine
1246 3384 1712 3479 reliquerunt;
1757 3396 1828 3457 et
1856 3408 2016 3458 cum
2055 3387 2334 3459 nonnisi
2373 3386 2446 3457 in
2483 3385 2758 3458 duobus
2786 3383 3029 3456 castris
3060 3384 3263 3479 ipsis,
3302 3385 3499 3456 Scale
3532 3381 3637 3478 (d)
3672 3382 3871 3455 vide·

1054 3508 1220 3580 licet
1257 3519 1327 3580 et
1370 3508 1713 3604 Capuatii‚
1759 3509 2147 3603 proditores
2197 3508 2488 3604 predicti
2534 3530 2610 3580 se
2659 3520 2920 3580 temere
2972 3516 3475 3602 receptassent‚
3522 3528 3742 3577 unum
3782 3528 3871 3577 ex

1053 3632 1297 3705 castris
1332 3632 1535 3728 ipsis,
1577 3631 1839 3704 'l'homa
1870 3633 1961 3705 de
1995 3635 2249 3706 Sancto
2281 3633 2614 3704 Severino
2646 3640 2718 3704 et
2746 3629 2889 3703 filio
2923 3630 3077 3722 ejus
3115 3630 3585 3725 proditoribus
3619 3631 3871 3702 nostris

1052 3756 1311 3829 ibidem
1375 3766 1615 3828 nostro
1663 3756 1922 3829 carceri
1976 3756 2420 3851 mancipatis,
2477 3754 2788 3827 fidelium
2846 3763 3241 3826 nostrorum
3295 3752 3491 3846 regni
3548 3763 3864 3848 prompta

1052 3879 1334 3952 devotio
1359 3902 1488 3975 per
1511 3879 1781 3951 virilem
1817 3889 1886 3949 et
1911 3879 2282 3950 instantem
2310 3879 2896 3974 expugnationem
2926 3877 3141 3973 ipsius
3172 3876 3262 3948 ad
3292 3878 3669 3970 majestatis
3699 3898 3847 3949 nos·

1052 4013 1156 4076 tre
1185 4003 1570 4076 dominium
1596 4002 1988 4091 revocavit;
2024 4012 2095 4074 et
2122 4002 2223 4073 sic
2249 4002 2516 4095 reliquo
2545 4011 2776 4073 tamen
2806 3998 2959 4098 (sic)
2982 4023 3077 4073 ex
3106 4001 3352 4072 castris
3378 4000 3737 4096 predictis,
3771 3998 3862 4071 ad

1048 4126 1332 4199 ultionis
1369 4123 1463 4223 (e)
1496 4126 1808 4219 ejusdem
1843 4126 2161 4221 proxime
2206 4124 2495 4199 dimisso
2534 4124 2892 4219 diffugium
2909 4177 2929 4217 ,
2979 4124 3170 4220 quod
3217 4122 3662 4218 circumcingi
3697 4143 3858 4195 nos·

1127 4303 1217 4382 (a)
1258 4304 1332 4364 In
1356 4305 1489 4364 eod.
1521 4304 1859 4380 simpliciter
1884 4304 1960 4366 R.

1130 4406 1212 4487 (b)
1256 4408 1354 4471 Sic
1384 4425 1400 4469 ε
1431 4409 1679 4469 forsitan
1700 4427 1807 4488 per
1831 4407 2111 4489 effectum.

1129 4513 1204 4594 (c)
1256 4515 1329 4575 In
1355 4514 1487 4574 cod.
1514 4510 1815 4576 volvamus.

1128 4620 1214 4701 (d)
1258 4622 1330 4680 In
1356 4620 1555 4680 codice
1583 4619 1804 4698 Casula,
1834 4622 2005 4682 male.

1123 4729 1201 4810 (e)
1252 4727 1479 4788 Ibidem
1504 4724 1884 4803 adulationis,
1916 4725 2091 4788 male.
