<?xml version="1.0" encoding="UTF-8"?>
<!DOCTYPE html PUBLIC "-//W3C//DTD XHTML 1.0 Transitional//EN"
    "http://www.w3.org/TR/xhtml1/DTD/xhtml1-transitional.dtd">
<html xmlns="http://www.w3.org/1999/xhtml" xml:lang="en" lang="en">
 <head>
  <title>
</title>
<meta http-equiv="Content-Type" content="text/html;charset=utf-8" />
  <meta name='ocr-system' content='tesseract 3.04.00' />
  <meta name='ocr-capabilities' content='ocr_page ocr_carea ocr_par ocr_line ocrx_word'/>
</head>
<body>
  <div class='ocr_page' id='page_1' title='image "./historiadiploma00degoog_0171.png"; bbox 0 0 4364 5738; ppageno 0'>
   <div class='ocr_carea' id='block_1_1' title="bbox 587 528 3408 617">
    <p class='ocr_par' dir='ltr' id='par_1_1' title="bbox 587 528 3408 617">
     <span class='ocr_line' id='line_1_1' title="bbox 587 528 3408 617; baseline -0 -22"><span class='ocrx_word' id='word_1_1' title='bbox 587 537 785 595; x_wconf 68' lang='lat' dir='ltr'><strong>iunior.</strong></span> <span class='ocrx_word' id='word_1_2' title='bbox 824 528 912 617; x_wconf 80' lang='grc'><strong>2.]</strong></span> <span class='ocrx_word' id='word_1_3' title='bbox 1482 531 1878 593; x_wconf 77' lang='lat' dir='ltr'><strong>nls&#39;romA</strong></span> <span class='ocrx_word' id='word_1_4' title='bbox 1928 533 2519 595; x_wconf 73' lang='lat' dir='ltr'><strong>DIPLOMATch.</strong></span> <span class='ocrx_word' id='word_1_5' title='bbox 3298 537 3408 596; x_wconf 79' lang='lat'><strong>157</strong></span> 
     </span>
    </p>
   </div>
   <div class='ocr_carea' id='block_1_2' title="bbox 570 665 3443 3235">
    <p class='ocr_par' dir='ltr' id='par_1_2' title="bbox 570 665 3443 3235">
     <span class='ocr_line' id='line_1_2' title="bbox 581 665 3412 764; baseline 0.001 -24"><span class='ocrx_word' id='word_1_6' title='bbox 581 679 975 764; x_wconf 90' lang='lat' dir='ltr'><strong>temporum</strong></span> <span class='ocrx_word' id='word_1_7' title='bbox 1024 665 1431 760; x_wconf 80' lang='lat' dir='ltr'><strong>qualitatem</strong></span> <span class='ocrx_word' id='word_1_8' title='bbox 1474 666 1563 737; x_wconf 90' lang='lat' dir='ltr'><strong>de</strong></span> <span class='ocrx_word' id='word_1_9' title='bbox 1599 677 1838 739; x_wconf 90' lang='lat' dir='ltr'><strong>nostro</strong></span> <span class='ocrx_word' id='word_1_10' title='bbox 1878 670 2146 760; x_wconf 89' lang='lat' dir='ltr'><strong>gremio</strong></span> <span class='ocrx_word' id='word_1_11' title='bbox 2185 690 2365 740; x_wconf 90' lang='lat' dir='ltr'><strong>nova</strong></span> <span class='ocrx_word' id='word_1_12' title='bbox 2405 670 2565 760; x_wconf 90' lang='lat' dir='ltr'><strong>jura</strong></span> <span class='ocrx_word' id='word_1_13' title='bbox 2609 669 3058 763; x_wconf 86' lang='lat' dir='ltr'><strong>producimus</strong></span> <span class='ocrx_word' id='word_1_14' title='bbox 3103 682 3172 742; x_wconf 89' lang='lat' dir='ltr'><strong>et</strong></span> <span class='ocrx_word' id='word_1_15' title='bbox 3212 672 3412 742; x_wconf 89' lang='lat' dir='ltr'><strong>novis</strong></span> 
     </span>
     <span class='ocr_line' id='line_1_3' title="bbox 578 789 3410 884; baseline 0 -20"><span class='ocrx_word' id='word_1_16' title='bbox 578 793 911 864; x_wconf 85' lang='lat' dir='ltr'>abusibus</span> <span class='ocrx_word' id='word_1_17' title='bbox 959 811 1141 862; x_wconf 86' lang='lat' dir='ltr'><strong>nova</strong></span> <span class='ocrx_word' id='word_1_18' title='bbox 1181 789 1492 861; x_wconf 88' lang='lat' dir='ltr'><strong>remedia</strong></span> <span class='ocrx_word' id='word_1_19' title='bbox 1532 791 1941 884; x_wconf 80' lang='lat' dir='ltr'><strong>reperimuS.</strong></span> <span class='ocrx_word' id='word_1_20' title='bbox 1984 793 2210 864; x_wconf 81' lang='lat' dir='ltr'><strong>Habet</strong></span> <span class='ocrx_word' id='word_1_21' title='bbox 2261 793 2445 863; x_wconf 91' lang='lat' dir='ltr'><strong>enim</strong></span> <span class='ocrx_word' id='word_1_22' title='bbox 2497 792 2684 863; x_wconf 93' lang='lat' dir='ltr'><strong>istud</strong></span> <span class='ocrx_word' id='word_1_23' title='bbox 2718 816 2810 863; x_wconf 82' lang='lat' dir='ltr'><strong>ex</strong></span> <span class='ocrx_word' id='word_1_24' title='bbox 2855 792 3060 865; x_wconf 89' lang='lat' dir='ltr'><strong>officii</strong></span> <span class='ocrx_word' id='word_1_25' title='bbox 3111 795 3410 866; x_wconf 84' lang='lat' dir='ltr'><strong>necessi-</strong></span> 
     </span>
     <span class='ocr_line' id='line_1_4' title="bbox 584 913 3411 1010; baseline 0.001 -24"><span class='ocrx_word' id='word_1_26' title='bbox 584 925 723 987; x_wconf 91' lang='lat' dir='ltr'><strong>tate</strong></span> <span class='ocrx_word' id='word_1_27' title='bbox 759 915 1167 1010; x_wconf 86' lang='lat' dir='ltr'>precipuum</span> <span class='ocrx_word' id='word_1_28' title='bbox 1206 913 1579 1008; x_wconf 89' lang='lat' dir='ltr'><strong>imperialis</strong></span> <span class='ocrx_word' id='word_1_29' title='bbox 1629 916 2044 986; x_wconf 83' lang='lat' dir='ltr'><strong>excellentie</strong></span> <span class='ocrx_word' id='word_1_30' title='bbox 2094 915 2432 1007; x_wconf 89' lang='lat' dir='ltr'><strong>dignitas,</strong></span> <span class='ocrx_word' id='word_1_31' title='bbox 2471 915 2526 985; x_wconf 92' lang='lat' dir='ltr'><strong>si</strong></span> <span class='ocrx_word' id='word_1_32' title='bbox 2575 939 2703 1010; x_wconf 88' lang='lat' dir='ltr'><strong>per</strong></span> <span class='ocrx_word' id='word_1_33' title='bbox 2731 938 2962 987; x_wconf 89' lang='lat' dir='ltr'><strong>rerum</strong></span> <span class='ocrx_word' id='word_1_34' title='bbox 2996 918 3411 989; x_wconf 88' lang='lat' dir='ltr'><strong>mutationes</strong></span> 
     </span>
     <span class='ocr_line' id='line_1_5' title="bbox 580 1036 3412 1133; baseline 0.001 -23"><span class='ocrx_word' id='word_1_35' title='bbox 580 1048 651 1110; x_wconf 88' lang='lat' dir='ltr'><strong>et</strong></span> <span class='ocrx_word' id='word_1_36' title='bbox 701 1047 1090 1133; x_wconf 90' lang='lat' dir='ltr'><strong>temporum</strong></span> <span class='ocrx_word' id='word_1_37' title='bbox 1132 1036 1224 1109; x_wconf 90' lang='lat' dir='ltr'><strong>ad</strong></span> <span class='ocrx_word' id='word_1_38' title='bbox 1270 1036 1688 1107; x_wconf 89' lang='lat' dir='ltr'><strong>eradicanda</strong></span> <span class='ocrx_word' id='word_1_39' title='bbox 1738 1038 1902 1109; x_wconf 91' lang='lat' dir='ltr'><strong>vitia</strong></span> <span class='ocrx_word' id='word_1_40' title='bbox 1954 1038 2505 1132; x_wconf 87' lang='lat' dir='ltr'><strong>plantandasque</strong></span> <span class='ocrx_word' id='word_1_41' title='bbox 2555 1039 2844 1110; x_wconf 89' lang='lat' dir='ltr'><strong>virtutes</strong></span> <span class='ocrx_word' id='word_1_42' title='bbox 2891 1059 3030 1110; x_wconf 93' lang='lat' dir='ltr'><strong>non</strong></span> <span class='ocrx_word' id='word_1_43' title='bbox 3084 1040 3412 1113; x_wconf 89' lang='lat' dir='ltr'><strong>videntur</strong></span> 
     </span>
     <span class='ocr_line' id='line_1_6' title="bbox 575 1159 3408 1257; baseline 0.001 -25"><span class='ocrx_word' id='word_1_44' title='bbox 575 1161 976 1234; x_wconf 90' lang='lat' dir='ltr'><strong>bominibus</strong></span> <span class='ocrx_word' id='word_1_45' title='bbox 1016 1170 1252 1232; x_wconf 87' lang='lat' dir='ltr'><strong>vetera</strong></span> <span class='ocrx_word' id='word_1_46' title='bbox 1278 1161 1439 1251; x_wconf 89' lang='lat' dir='ltr'><strong>jura</strong></span> <span class='ocrx_word' id='word_1_47' title='bbox 1473 1159 1828 1249; x_wconf 88' lang='lat' dir='ltr'><strong>sufficere,</strong></span> <span class='ocrx_word' id='word_1_48' title='bbox 1865 1182 2046 1232; x_wconf 88' lang='lat' dir='ltr'><strong>nova</strong></span> <span class='ocrx_word' id='word_1_49' title='bbox 2087 1162 2401 1255; x_wconf 84' lang='lat' dir='ltr'><strong>quotidie</strong></span> <span class='ocrx_word' id='word_1_50' title='bbox 2444 1162 2749 1256; x_wconf 88' lang='lat' dir='ltr'><strong>reperire</strong></span> <span class='ocrx_word' id='word_1_51' title='bbox 2792 1163 3078 1234; x_wconf 89' lang='lat' dir='ltr'><strong>consilia</strong></span> <span class='ocrx_word' id='word_1_52' title='bbox 3118 1185 3241 1257; x_wconf 88' lang='lat' dir='ltr'><strong>per</strong></span> <span class='ocrx_word' id='word_1_53' title='bbox 3272 1186 3408 1256; x_wconf 89' lang='lat' dir='ltr'><strong>que</strong></span> 
     </span>
     <span class='ocr_line' id='line_1_7' title="bbox 575 1283 3408 1380; baseline 0.001 -26"><span class='ocrx_word' id='word_1_54' title='bbox 575 1284 868 1355; x_wconf 79' lang='lat' dir='ltr'><strong>virtuosi</strong></span> <span class='ocrx_word' id='word_1_55' title='bbox 909 1284 1219 1356; x_wconf 84' lang='lat' dir='ltr'><strong>ditentur</strong></span> <span class='ocrx_word' id='word_1_56' title='bbox 1259 1283 1540 1377; x_wconf 85' lang='lat' dir='ltr'><strong>premiis</strong></span> <span class='ocrx_word' id='word_1_57' title='bbox 1573 1294 1645 1354; x_wconf 90' lang='lat' dir='ltr'><strong>et</strong></span> <span class='ocrx_word' id='word_1_58' title='bbox 1686 1285 1915 1355; x_wconf 88' lang='lat' dir='ltr'><strong>vitiosi</strong></span> <span class='ocrx_word' id='word_1_59' title='bbox 1950 1285 2299 1356; x_wconf 90' lang='lat' dir='ltr'><strong>continuis</strong></span> <span class='ocrx_word' id='word_1_60' title='bbox 2337 1306 2677 1380; x_wconf 90' lang='lat' dir='ltr'><strong>penarum</strong></span> <span class='ocrx_word' id='word_1_61' title='bbox 2726 1286 2992 1358; x_wconf 90' lang='lat' dir='ltr'><strong>malleis</strong></span> <span class='ocrx_word' id='word_1_62' title='bbox 3038 1299 3408 1358; x_wconf 88' lang='lat' dir='ltr'><strong>conteran-</strong></span> 
     </span>
     <span class='ocr_line' id='line_1_8' title="bbox 581 1407 3409 1502; baseline 0.001 -25"><span class='ocrx_word' id='word_1_63' title='bbox 581 1416 715 1479; x_wconf 89' lang='lat' dir='ltr'><strong>tur.</strong></span> <span class='ocrx_word' id='word_1_64' title='bbox 762 1408 1373 1481; x_wconf 79' lang='lat' dir='ltr'><strong>considerantibus</strong></span> <span class='ocrx_word' id='word_1_65' title='bbox 1417 1407 1627 1500; x_wconf 90' lang='lat' dir='ltr'><strong>igitur</strong></span> <span class='ocrx_word' id='word_1_66' title='bbox 1680 1409 1881 1480; x_wconf 91' lang='lat' dir='ltr'><strong>nobis</strong></span> <span class='ocrx_word' id='word_1_67' title='bbox 1932 1409 2024 1480; x_wconf 95' lang='lat' dir='ltr'><strong>ad</strong></span> <span class='ocrx_word' id='word_1_68' title='bbox 2071 1409 2494 1480; x_wconf 85' lang='lat' dir='ltr'><strong>laudabilem</strong></span> <span class='ocrx_word' id='word_1_69' title='bbox 2549 1408 2908 1480; x_wconf 89' lang='lat' dir='ltr'><strong>hominum</strong></span> <span class='ocrx_word' id='word_1_70' title='bbox 2958 1411 3154 1502; x_wconf 89' lang='lat' dir='ltr'><strong>regni</strong></span> <span class='ocrx_word' id='word_1_71' title='bbox 3196 1411 3409 1481; x_wconf 85' lang='lat' dir='ltr'><strong>vitam</strong></span> 
     </span>
     <span class='ocr_line' id='line_1_9' title="bbox 580 1532 3409 1627; baseline 0.001 -25"><span class='ocrx_word' id='word_1_72' title='bbox 580 1540 835 1603; x_wconf 84' lang='lat' dir='ltr'><strong>statuta</strong></span> <span class='ocrx_word' id='word_1_73' title='bbox 875 1532 1448 1625; x_wconf 84' lang='lat' dir='ltr'><strong>predecessorum</strong></span> <span class='ocrx_word' id='word_1_74' title='bbox 1479 1543 1876 1603; x_wconf 88' lang='lat' dir='ltr'><strong>nostrorum</strong></span> <span class='ocrx_word' id='word_1_75' title='bbox 1911 1554 2152 1625; x_wconf 89' lang='lat' dir='ltr'><strong>regum</strong></span> <span class='ocrx_word' id='word_1_76' title='bbox 2188 1542 2260 1603; x_wconf 93' lang='lat' dir='ltr'><strong>et</strong></span> <span class='ocrx_word' id='word_1_77' title='bbox 2294 1533 2687 1627; x_wconf 87' lang='lat' dir='ltr'><strong>principum</strong></span> <span class='ocrx_word' id='word_1_78' title='bbox 2716 1533 3092 1625; x_wconf 88' lang='lat' dir='ltr'><strong>quamdam</strong></span> <span class='ocrx_word' id='word_1_79' title='bbox 3129 1556 3223 1605; x_wconf 83' lang='lat' dir='ltr'><strong>ex</strong></span> <span class='ocrx_word' id='word_1_80' title='bbox 3254 1536 3409 1606; x_wconf 92' lang='lat' dir='ltr'><strong>lon-</strong></span> 
     </span>
     <span class='ocr_line' id='line_1_10' title="bbox 576 1655 3407 1748; baseline 0 -22"><span class='ocrx_word' id='word_1_81' title='bbox 576 1676 751 1746; x_wconf 87' lang='lat' dir='ltr'><strong>geva</strong></span> <span class='ocrx_word' id='word_1_82' title='bbox 799 1675 1208 1748; x_wconf 80' lang='lat' dir='ltr'><strong>guerrarum</strong></span> <span class='ocrx_word' id='word_1_83' title='bbox 1260 1655 1654 1727; x_wconf 89' lang='lat' dir='ltr'><strong>turbatione</strong></span> <span class='ocrx_word' id='word_1_84' title='bbox 1706 1656 2225 1748; x_wconf 89' lang='lat' dir='ltr'><strong>quodammodo</strong></span> <span class='ocrx_word' id='word_1_85' title='bbox 2270 1656 2703 1727; x_wconf 87' lang='lat' dir='ltr'><strong>contraxisse</strong></span> <span class='ocrx_word' id='word_1_86' title='bbox 2758 1656 3187 1746; x_wconf 81' lang='lat' dir='ltr'><strong>rubiginem,</strong></span> <span class='ocrx_word' id='word_1_87' title='bbox 3239 1655 3407 1727; x_wconf 90' lang='lat' dir='ltr'><strong>dum</strong></span> 
     </span>
     <span class='ocr_line' id='line_1_11' title="bbox 578 1778 3409 1875; baseline 0.001 -26"><span class='ocrx_word' id='word_1_88' title='bbox 578 1778 677 1849; x_wconf 92' lang='lat' dir='ltr'><strong>uti</strong></span> <span class='ocrx_word' id='word_1_89' title='bbox 743 1778 1030 1874; x_wconf 87' lang='lat' dir='ltr'><strong>pacifice</strong></span> <span class='ocrx_word' id='word_1_90' title='bbox 1097 1780 1370 1849; x_wconf 90' lang='lat' dir='ltr'><strong>statutis</strong></span> <span class='ocrx_word' id='word_1_91' title='bbox 1426 1779 1690 1849; x_wconf 91' lang='lat' dir='ltr'><strong>eisdem</strong></span> <span class='ocrx_word' id='word_1_92' title='bbox 1750 1779 2068 1850; x_wconf 91' lang='lat' dir='ltr'><strong>homines</strong></span> <span class='ocrx_word' id='word_1_93' title='bbox 2127 1779 2604 1870; x_wconf 89' lang='lat' dir='ltr'><strong>nequiverint,</strong></span> <span class='ocrx_word' id='word_1_94' title='bbox 2652 1780 2722 1849; x_wconf 94' lang='lat' dir='ltr'><strong>in</strong></span> <span class='ocrx_word' id='word_1_95' title='bbox 2769 1790 2966 1874; x_wconf 87' lang='lat' dir='ltr'><strong>parte</strong></span> <span class='ocrx_word' id='word_1_96' title='bbox 3022 1781 3227 1851; x_wconf 91' lang='lat' dir='ltr'><strong>etiam</strong></span> <span class='ocrx_word' id='word_1_97' title='bbox 3290 1779 3409 1875; x_wconf 87' lang='lat' dir='ltr'><strong>(ut</strong></span> 
     </span>
     <span class='ocr_line' id='line_1_12' title="bbox 573 1901 3405 1999; baseline 0.001 -27"><span class='ocrx_word' id='word_1_98' title='bbox 573 1902 785 1994; x_wconf 90' lang='lat' dir='ltr'><strong>igitur</strong></span> <span class='ocrx_word' id='word_1_99' title='bbox 819 1903 1015 1974; x_wconf 89' lang='lat' dir='ltr'><strong>salvo</strong></span> <span class='ocrx_word' id='word_1_100' title='bbox 1053 1901 1624 1997; x_wconf 88' lang='lat' dir='ltr'><strong>predecessorum</strong></span> <span class='ocrx_word' id='word_1_101' title='bbox 1657 1914 2051 1973; x_wconf 90' lang='lat' dir='ltr'><strong>nostrorum</strong></span> <span class='ocrx_word' id='word_1_102' title='bbox 2082 1903 2351 1996; x_wconf 91' lang='lat' dir='ltr'><strong>pudore</strong></span> <span class='ocrx_word' id='word_1_103' title='bbox 2382 1902 2773 1997; x_wconf 87' lang='lat' dir='ltr'><strong>loquamur)</strong></span> <span class='ocrx_word' id='word_1_104' title='bbox 2800 1916 3088 1999; x_wconf 90' lang='lat' dir='ltr'><strong>propter</strong></span> <span class='ocrx_word' id='word_1_105' title='bbox 3110 1926 3405 1996; x_wconf 89' lang='lat' dir='ltr'><strong>sequen-</strong></span> 
     </span>
     <span class='ocr_line' id='line_1_13' title="bbox 577 2024 3406 2121; baseline 0.001 -25"><span class='ocrx_word' id='word_1_106' title='bbox 577 2027 748 2097; x_wconf 91' lang='lat' dir='ltr'><strong>tium</strong></span> <span class='ocrx_word' id='word_1_107' title='bbox 803 2039 1193 2119; x_wconf 90' lang='lat' dir='ltr'><strong>temporum</strong></span> <span class='ocrx_word' id='word_1_108' title='bbox 1240 2045 1423 2096; x_wconf 90' lang='lat' dir='ltr'><strong>nova</strong></span> <span class='ocrx_word' id='word_1_109' title='bbox 1479 2024 1877 2095; x_wconf 82' lang='lat' dir='ltr'><strong>discrimina</strong></span> <span class='ocrx_word' id='word_1_110' title='bbox 1935 2026 2212 2096; x_wconf 89' lang='lat' dir='ltr'><strong>statutis</strong></span> <span class='ocrx_word' id='word_1_111' title='bbox 2252 2026 2560 2121; x_wconf 90' lang='lat' dir='ltr'><strong>ipsorum</strong></span> <span class='ocrx_word' id='word_1_112' title='bbox 2606 2027 2881 2098; x_wconf 86' lang='lat' dir='ltr'><strong>defectu</strong></span> <span class='ocrx_word' id='word_1_113' title='bbox 2939 2048 3081 2098; x_wconf 93' lang='lat' dir='ltr'><strong>non</strong></span> <span class='ocrx_word' id='word_1_114' title='bbox 3133 2029 3406 2100; x_wconf 88' lang='lat' dir='ltr'><strong>modico</strong></span> 
     </span>
     <span class='ocr_line' id='line_1_14' title="bbox 575 2148 3406 2243; baseline 0.001 -23"><span class='ocrx_word' id='word_1_115' title='bbox 575 2150 1087 2238; x_wconf 88' lang='lat' dir='ltr'><strong>laborantibus,</strong></span> <span class='ocrx_word' id='word_1_116' title='bbox 1141 2148 1370 2219; x_wconf 91' lang='lat' dir='ltr'><strong>statim</strong></span> <span class='ocrx_word' id='word_1_117' title='bbox 1427 2158 1586 2242; x_wconf 90' lang='lat' dir='ltr'><strong>post</strong></span> <span class='ocrx_word' id='word_1_118' title='bbox 1632 2148 1853 2219; x_wconf 87' lang='lat' dir='ltr'><strong>nostri</strong></span> <span class='ocrx_word' id='word_1_119' title='bbox 1913 2159 2269 2243; x_wconf 91' lang='lat' dir='ltr'><strong>receptum</strong></span> <span class='ocrx_word' id='word_1_120' title='bbox 2322 2150 2591 2242; x_wconf 88' lang='lat' dir='ltr'><strong>imperii</strong></span> <span class='ocrx_word' id='word_1_121' title='bbox 2641 2150 2964 2221; x_wconf 90' lang='lat' dir='ltr'><strong>diadema</strong></span> <span class='ocrx_word' id='word_1_122' title='bbox 3019 2152 3406 2223; x_wconf 86' lang='lat' dir='ltr'><strong>necessaria</strong></span> 
     </span>
     <span class='ocr_line' id='line_1_15' title="bbox 573 2272 3404 2367; baseline 0 -23"><span class='ocrx_word' id='word_1_123' title='bbox 573 2295 703 2345; x_wconf 88' lang='lat' dir='ltr'><strong>nec</strong></span> <span class='ocrx_word' id='word_1_124' title='bbox 745 2274 976 2345; x_wconf 90' lang='lat' dir='ltr'><strong>minus</strong></span> <span class='ocrx_word' id='word_1_125' title='bbox 1019 2272 1345 2344; x_wconf 91' lang='lat' dir='ltr'><strong>continua</strong></span> <span class='ocrx_word' id='word_1_126' title='bbox 1378 2293 1509 2343; x_wconf 89' lang='lat' dir='ltr'><strong>nos</strong></span> <span class='ocrx_word' id='word_1_127' title='bbox 1540 2273 1849 2366; x_wconf 91' lang='lat' dir='ltr'><strong>oportuit</strong></span> <span class='ocrx_word' id='word_1_128' title='bbox 1896 2272 2293 2363; x_wconf 76' lang='lat' dir='ltr'><strong>excogitare</strong></span> <span class='ocrx_word' id='word_1_129' title='bbox 2341 2272 2648 2344; x_wconf 85' lang='lat' dir='ltr'><strong>remedia</strong></span> <span class='ocrx_word' id='word_1_130' title='bbox 2694 2295 2819 2365; x_wconf 89' lang='lat' dir='ltr'><strong>per</strong></span> <span class='ocrx_word' id='word_1_131' title='bbox 2862 2294 2999 2364; x_wconf 91' lang='lat' dir='ltr'><strong>que</strong></span> <span class='ocrx_word' id='word_1_132' title='bbox 3048 2295 3404 2367; x_wconf 88' lang='lat' dir='ltr'><strong>possemus</strong></span> 
     </span>
     <span class='ocr_line' id='line_1_16' title="bbox 574 2396 3402 2491; baseline -0 -21"><span class='ocrx_word' id='word_1_133' title='bbox 574 2408 886 2470; x_wconf 88' lang='lat' dir='ltr'><strong>veterum</strong></span> <span class='ocrx_word' id='word_1_134' title='bbox 919 2406 1336 2468; x_wconf 91' lang='lat' dir='ltr'><strong>statutorum</strong></span> <span class='ocrx_word' id='word_1_135' title='bbox 1374 2396 1764 2489; x_wconf 80' lang='lat' dir='ltr'><strong>rubiginem</strong></span> <span class='ocrx_word' id='word_1_136' title='bbox 1807 2396 2221 2491; x_wconf 83' lang='lat' dir='ltr'><strong>provisionis</strong></span> <span class='ocrx_word' id='word_1_137' title='bbox 2250 2408 2485 2470; x_wconf 80' lang='lat' dir='ltr'><strong>nostre</strong></span> <span class='ocrx_word' id='word_1_138' title='bbox 2528 2397 2686 2467; x_wconf 87' lang='lat' dir='ltr'><strong>lima</strong></span> <span class='ocrx_word' id='word_1_139' title='bbox 2722 2397 3083 2489; x_wconf 88' lang='lat' dir='ltr'><strong>detergere</strong></span> <span class='ocrx_word' id='word_1_140' title='bbox 3124 2407 3193 2469; x_wconf 92' lang='lat' dir='ltr'><strong>et</strong></span> <span class='ocrx_word' id='word_1_141' title='bbox 3234 2420 3402 2469; x_wconf 90' lang='lat' dir='ltr'><strong>con·</strong></span> 
     </span>
     <span class='ocr_line' id='line_1_17' title="bbox 573 2519 3399 2616; baseline -0.001 -22"><span class='ocrx_word' id='word_1_142' title='bbox 573 2522 705 2594; x_wconf 91' lang='lat' dir='ltr'><strong>silii</strong></span> <span class='ocrx_word' id='word_1_143' title='bbox 752 2521 1184 2615; x_wconf 89' lang='lat' dir='ltr'><strong>plenitudine</strong></span> <span class='ocrx_word' id='word_1_144' title='bbox 1229 2520 1554 2616; x_wconf 89' lang='lat' dir='ltr'><strong>supplere</strong></span> <span class='ocrx_word' id='word_1_145' title='bbox 1601 2519 1976 2591; x_wconf 81' lang='lat' dir='ltr'><strong>defectum.</strong></span> <span class='ocrx_word' id='word_1_146' title='bbox 2018 2521 2269 2613; x_wconf 90' lang='lat' dir='ltr'><strong>Sicque</strong></span> <span class='ocrx_word' id='word_1_147' title='bbox 2306 2521 2704 2614; x_wconf 88' lang='lat' dir='ltr'><strong>nuperrime</strong></span> <span class='ocrx_word' id='word_1_148' title='bbox 2734 2521 2981 2592; x_wconf 90' lang='lat' dir='ltr'><strong>diebus</strong></span> <span class='ocrx_word' id='word_1_149' title='bbox 3019 2521 3192 2612; x_wconf 91' lang='lat' dir='ltr'><strong>istis,</strong></span> <span class='ocrx_word' id='word_1_150' title='bbox 3231 2521 3399 2593; x_wconf 91' lang='lat' dir='ltr'><strong>dum</strong></span> 
     </span>
     <span class='ocr_line' id='line_1_18' title="bbox 572 2643 3400 2740; baseline -0 -24"><span class='ocrx_word' id='word_1_151' title='bbox 572 2646 663 2717; x_wconf 92' lang='lat' dir='ltr'><strong>ab</strong></span> <span class='ocrx_word' id='word_1_152' title='bbox 695 2646 1143 2740; x_wconf 84' lang='lat' dir='ltr'><strong>expeditione</strong></span> <span class='ocrx_word' id='word_1_153' title='bbox 1180 2645 1505 2735; x_wconf 90' lang='lat' dir='ltr'><strong>Ligurum</strong></span> <span class='ocrx_word' id='word_1_154' title='bbox 1545 2643 1637 2714; x_wconf 89' lang='lat' dir='ltr'><strong>ad</strong></span> <span class='ocrx_word' id='word_1_155' title='bbox 1671 2664 1965 2734; x_wconf 88' lang='lat' dir='ltr'><strong>regnum</strong></span> <span class='ocrx_word' id='word_1_156' title='bbox 2008 2654 2323 2715; x_wconf 88' lang='lat' dir='ltr'><strong>nostrum</strong></span> <span class='ocrx_word' id='word_1_157' title='bbox 2362 2644 2590 2714; x_wconf 89' lang='lat' dir='ltr'><strong>Sicilie</strong></span> <span class='ocrx_word' id='word_1_158' title='bbox 2625 2644 2877 2737; x_wconf 90' lang='lat' dir='ltr'><strong>quietis</strong></span> <span class='ocrx_word' id='word_1_159' title='bbox 2909 2665 3151 2716; x_wconf 87' lang='lat' dir='ltr'><strong>auram</strong></span> <span class='ocrx_word' id='word_1_160' title='bbox 3201 2647 3400 2717; x_wconf 86' lang='lat' dir='ltr'><strong>veni-</strong></span> 
     </span>
     <span class='ocr_line' id='line_1_19' title="bbox 573 2767 3443 2863; baseline 0 -23"><span class='ocrx_word' id='word_1_161' title='bbox 573 2790 804 2841; x_wconf 89' lang='lat' dir='ltr'><strong>remus</strong></span> <span class='ocrx_word' id='word_1_162' title='bbox 830 2789 1214 2859; x_wconf 84' lang='lat' dir='ltr'><strong>assumere,</strong></span> <span class='ocrx_word' id='word_1_163' title='bbox 1247 2769 1409 2840; x_wconf 89' lang='lat' dir='ltr'><strong>licet</strong></span> <span class='ocrx_word' id='word_1_164' title='bbox 1442 2768 1757 2858; x_wconf 88' lang='lat' dir='ltr'><strong>brevem,</strong></span> <span class='ocrx_word' id='word_1_165' title='bbox 1793 2767 1989 2839; x_wconf 89' lang='lat' dir='ltr'><strong>istius</strong></span> <span class='ocrx_word' id='word_1_166' title='bbox 2022 2768 2227 2839; x_wconf 88' lang='lat' dir='ltr'><strong>etiam</strong></span> <span class='ocrx_word' id='word_1_167' title='bbox 2259 2768 2515 2839; x_wconf 91' lang='lat' dir='ltr'><strong>modici</strong></span> <span class='ocrx_word' id='word_1_168' title='bbox 2550 2768 2877 2861; x_wconf 89' lang='lat' dir='ltr'><strong>temporis</strong></span> <span class='ocrx_word' id='word_1_169' title='bbox 2904 2768 3202 2863; x_wconf 87' lang='lat' dir='ltr'><strong>spatium</strong></span> <span class='ocrx_word' id='word_1_170' title='bbox 3232 2769 3398 2841; x_wconf 89' lang='lat' dir='ltr'><strong>dare</strong></span> <span class='ocrx_word' id='word_1_171' title='bbox 3437 2849 3443 2854; x_wconf 54' lang='lat'><em>‚</em></span> 
     </span>
     <span class='ocr_line' id='line_1_20' title="bbox 570 2892 3397 2986; baseline -0.001 -21"><span class='ocrx_word' id='word_1_172' title='bbox 570 2895 918 2966; x_wconf 89' lang='lat' dir='ltr'><strong>noluimus</strong></span> <span class='ocrx_word' id='word_1_173' title='bbox 961 2894 1053 2965; x_wconf 90' lang='lat' dir='ltr'><strong>ad</strong></span> <span class='ocrx_word' id='word_1_174' title='bbox 1107 2893 1454 2984; x_wconf 88' lang='lat' dir='ltr'><strong>requiem,</strong></span> <span class='ocrx_word' id='word_1_175' title='bbox 1497 2892 1668 2985; x_wconf 93' lang='lat' dir='ltr'><strong>quin</strong></span> <span class='ocrx_word' id='word_1_176' title='bbox 1716 2892 1924 2963; x_wconf 90' lang='lat' dir='ltr'><strong>etiam</strong></span> <span class='ocrx_word' id='word_1_177' title='bbox 1981 2892 2308 2986; x_wconf 89' lang='lat' dir='ltr'><strong>preterita</strong></span> <span class='ocrx_word' id='word_1_178' title='bbox 2336 2892 2741 2969; x_wconf 84' lang='lat' dir='ltr'><strong>,niteremur</strong></span> <span class='ocrx_word' id='word_1_179' title='bbox 2790 2892 3103 2963; x_wconf 90' lang='lat' dir='ltr'><strong>absentie</strong></span> <span class='ocrx_word' id='word_1_180' title='bbox 3164 2903 3397 2964; x_wconf 90' lang='lat' dir='ltr'><strong>nostre</strong></span> 
     </span>
     <span class='ocr_line' id='line_1_21' title="bbox 575 3013 3396 3112; baseline -0.001 -23"><span class='ocrx_word' id='word_1_181' title='bbox 575 3029 885 3112; x_wconf 89' lang='lat' dir='ltr'><strong>tempore</strong></span> <span class='ocrx_word' id='word_1_182' title='bbox 931 3016 1293 3111; x_wconf 91' lang='lat' dir='ltr'><strong>dispendia</strong></span> <span class='ocrx_word' id='word_1_183' title='bbox 1336 3016 1703 3086; x_wconf 90' lang='lat' dir='ltr'><strong>commissa</strong></span> <span class='ocrx_word' id='word_1_184' title='bbox 1744 3016 2091 3108; x_wconf 89' lang='lat' dir='ltr'><strong>corrigere</strong></span> <span class='ocrx_word' id='word_1_185' title='bbox 2131 3025 2202 3086; x_wconf 90' lang='lat' dir='ltr'><strong>et</strong></span> <span class='ocrx_word' id='word_1_186' title='bbox 2252 3016 2323 3085; x_wconf 94' lang='lat' dir='ltr'><strong>in</strong></span> <span class='ocrx_word' id='word_1_187' title='bbox 2381 3017 2687 3086; x_wconf 86' lang='lat' dir='ltr'><strong>futurum</strong></span> <span class='ocrx_word' id='word_1_188' title='bbox 2731 3014 2820 3086; x_wconf 91' lang='lat' dir='ltr'><strong>de</strong></span> <span class='ocrx_word' id='word_1_189' title='bbox 2873 3024 3058 3086; x_wconf 90' lang='lat' dir='ltr'><strong>statu</strong></span> <span class='ocrx_word' id='word_1_190' title='bbox 3109 3013 3396 3109; x_wconf 87' lang='lat' dir='ltr'><strong>pacifico</strong></span> 
     </span>
     <span class='ocr_line' id='line_1_22' title="bbox 573 3137 3395 3235; baseline -0.001 -22"><span class='ocrx_word' id='word_1_191' title='bbox 573 3151 967 3213; x_wconf 91' lang='lat' dir='ltr'><strong>nostrorum</strong></span> <span class='ocrx_word' id='word_1_192' title='bbox 1009 3137 1317 3211; x_wconf 85' lang='lat' dir='ltr'><strong>fidelium</strong></span> <span class='ocrx_word' id='word_1_193' title='bbox 1357 3140 1696 3231; x_wconf 87' lang='lat' dir='ltr'><strong>cogitare;</strong></span> <span class='ocrx_word' id='word_1_194' title='bbox 1748 3150 1819 3210; x_wconf 90' lang='lat' dir='ltr'><strong>et</strong></span> <span class='ocrx_word' id='word_1_195' title='bbox 1852 3151 1930 3211; x_wconf 92' lang='lat' dir='ltr'><strong>ut</strong></span> <span class='ocrx_word' id='word_1_196' title='bbox 1967 3139 2356 3211; x_wconf 90' lang='lat' dir='ltr'><strong>secundum</strong></span> <span class='ocrx_word' id='word_1_197' title='bbox 2396 3138 2712 3235; x_wconf 84' lang='lat' dir='ltr'><strong>ordinem</strong></span> <span class='ocrx_word' id='word_1_198' title='bbox 2756 3138 3028 3230; x_wconf 88' lang='lat' dir='ltr'><strong>singula</strong></span> <span class='ocrx_word' id='word_1_199' title='bbox 3065 3146 3395 3210; x_wconf 87' lang='lat' dir='ltr'><strong>tractare-</strong></span> 
     </span>
    </p>
   </div>
   <div class='ocr_carea' id='block_1_3' title="bbox 1491 3345 1766 3352">
    <p class='ocr_par' dir='ltr' id='par_1_3' title="bbox 1491 3345 1766 3352">
     <span class='ocr_line' id='line_1_23' title="bbox 1491 3345 1766 3352; baseline 0 2386"><span class='ocrx_word' id='word_1_200' title='bbox 1491 3345 1766 3352; x_wconf 95' lang='lat' dir='ltr'><strong> </strong></span> 
     </span>
    </p>
   </div>
   <div class='ocr_carea' id='block_1_4' title="bbox 1778 3345 1858 3352">
    <p class='ocr_par' dir='ltr' id='par_1_4' title="bbox 1778 3345 1858 3352">
     <span class='ocr_line' id='line_1_24' title="bbox 1778 3345 1858 3352; baseline 0.013 -1"><span class='ocrx_word' id='word_1_201' title='bbox 1778 3345 1858 3352; x_wconf 70' lang='lat'><strong>.-</strong></span> 
     </span>
    </p>
   </div>
   <div class='ocr_carea' id='block_1_5' title="bbox 567 3426 3393 4420">
    <p class='ocr_par' dir='ltr' id='par_1_5' title="bbox 567 3426 3393 4420">
     <span class='ocr_line' id='line_1_25' title="bbox 568 3426 3393 3551; baseline -0.001 -21"><span class='ocrx_word' id='word_1_202' title='bbox 568 3475 687 3530; x_wconf 87' lang='lat' dir='ltr'><strong>illas</strong></span> <span class='ocrx_word' id='word_1_203' title='bbox 719 3430 1015 3551; x_wconf 73' lang='lat' dir='ltr'><strong>Riccardus</strong></span> <span class='ocrx_word' id='word_1_204' title='bbox 1054 3471 1122 3526; x_wconf 88' lang='lat' dir='ltr'><strong>de</strong></span> <span class='ocrx_word' id='word_1_205' title='bbox 1152 3472 1348 3526; x_wconf 87' lang='lat' dir='ltr'><strong>Sancto</strong></span> <span class='ocrx_word' id='word_1_206' title='bbox 1383 3440 1651 3538; x_wconf 85' lang='lat' dir='ltr'><strong>Germano</strong></span> <span class='ocrx_word' id='word_1_207' title='bbox 1676 3468 1820 3524; x_wconf 84' lang='lat' dir='ltr'><strong>clare</strong></span> <span class='ocrx_word' id='word_1_208' title='bbox 1861 3436 2120 3525; x_wconf 75' lang='lat' dir='ltr'><strong>memoret</strong></span> <span class='ocrx_word' id='word_1_209' title='bbox 2162 3469 2250 3525; x_wconf 88' lang='lat' dir='ltr'><strong>his</strong></span> <span class='ocrx_word' id='word_1_210' title='bbox 2287 3469 2508 3525; x_wconf 84' lang='lat' dir='ltr'><strong>verbis:</strong></span> <span class='ocrx_word' id='word_1_211' title='bbox 2538 3489 2564 3522; x_wconf 76' lang='grc' dir='ltr'><em>α</em></span> <span class='ocrx_word' id='word_1_212' title='bbox 2566 3426 2729 3529; x_wconf 81' lang='lat' dir='ltr'><strong>Inde</strong></span> <span class='ocrx_word' id='word_1_213' title='bbox 2760 3426 3054 3551; x_wconf 79' lang='lat' dir='ltr'><strong>imperator</strong></span> <span class='ocrx_word' id='word_1_214' title='bbox 3080 3470 3393 3526; x_wconf 78' lang='lat' dir='ltr'><strong>Grossetum</strong></span> 
     </span>
     <span class='ocr_line' id='line_1_26' title="bbox 569 3550 3392 3645; baseline -0.001 -19"><span class='ocrx_word' id='word_1_215' title='bbox 569 3587 628 3626; x_wconf 87' lang='lat' dir='ltr'><strong>se</strong></span> <span class='ocrx_word' id='word_1_216' title='bbox 646 3570 870 3627; x_wconf 84' lang='lat' dir='ltr'><strong>contulit</strong></span> <span class='ocrx_word' id='word_1_217' title='bbox 899 3569 990 3623; x_wconf 89' lang='lat' dir='ltr'><strong>ubi</strong></span> <span class='ocrx_word' id='word_1_218' title='bbox 1015 3567 1277 3639; x_wconf 83' lang='lat' dir='ltr'><strong>quasdam</strong></span> <span class='ocrx_word' id='word_1_219' title='bbox 1298 3550 1463 3622; x_wconf 79' lang='lat' dir='ltr'><strong>edidit</strong></span> <span class='ocrx_word' id='word_1_220' title='bbox 1487 3564 1793 3622; x_wconf 76' lang='lat' dir='ltr'><strong>sanctiones</strong></span> <span class='ocrx_word' id='word_1_221' title='bbox 1812 3570 2002 3621; x_wconf 87' lang='lat' dir='ltr'><strong>contra</strong></span> <span class='ocrx_word' id='word_1_222' title='bbox 2019 3560 2249 3645; x_wconf 74' lang='lat' dir='ltr'><strong>Judices,</strong></span> <span class='ocrx_word' id='word_1_223' title='bbox 2266 3567 2557 3622; x_wconf 83' lang='lat' dir='ltr'><strong>advocatos</strong></span> <span class='ocrx_word' id='word_1_224' title='bbox 2579 3575 2637 3620; x_wconf 85' lang='lat' dir='ltr'><strong>et</strong></span> <span class='ocrx_word' id='word_1_225' title='bbox 2660 3566 2916 3634; x_wconf 86' lang='lat' dir='ltr'><strong>notarios,</strong></span> <span class='ocrx_word' id='word_1_226' title='bbox 2939 3580 3078 3638; x_wconf 87' lang='lat' dir='ltr'><strong>quas</strong></span> <span class='ocrx_word' id='word_1_227' title='bbox 3100 3582 3200 3638; x_wconf 87' lang='lat' dir='ltr'><strong>per</strong></span> <span class='ocrx_word' id='word_1_228' title='bbox 3220 3574 3392 3622; x_wconf 88' lang='lat' dir='ltr'><strong>totum</strong></span> 
     </span>
     <span class='ocr_line' id='line_1_27' title="bbox 570 3650 3388 3741; baseline -0.003 -17"><span class='ocrx_word' id='word_1_229' title='bbox 570 3682 795 3740; x_wconf 83' lang='lat' dir='ltr'><strong>reguum</strong></span> <span class='ocrx_word' id='word_1_230' title='bbox 814 3666 1080 3741; x_wconf 88' lang='lat' dir='ltr'><strong>publicari</strong></span> <span class='ocrx_word' id='word_1_231' title='bbox 1107 3665 1380 3738; x_wconf 89' lang='lat' dir='ltr'><strong>praecepit</strong></span> <span class='ocrx_word' id='word_1_232' title='bbox 1406 3668 1463 3719; x_wconf 90' lang='lat' dir='ltr'><strong>et</strong></span> <span class='ocrx_word' id='word_1_233' title='bbox 1478 3662 1734 3719; x_wconf 83' lang='lat' dir='ltr'><strong>tenaciter</strong></span> <span class='ocrx_word' id='word_1_234' title='bbox 1753 3660 2054 3732; x_wconf 85' lang='lat' dir='ltr'><strong>observari,</strong></span> <span class='ocrx_word' id='word_1_235' title='bbox 2084 3678 2315 3734; x_wconf 87' lang='lat' dir='ltr'><strong>quarum</strong></span> <span class='ocrx_word' id='word_1_236' title='bbox 2338 3663 2546 3719; x_wconf 88' lang='lat' dir='ltr'><strong>initium</strong></span> <span class='ocrx_word' id='word_1_237' title='bbox 2566 3660 2674 3718; x_wconf 89' lang='lat' dir='ltr'><strong>tale</strong></span> <span class='ocrx_word' id='word_1_238' title='bbox 2697 3667 2816 3718; x_wconf 89' lang='lat' dir='ltr'><strong>est.</strong></span> <span class='ocrx_word' id='word_1_239' title='bbox 2810 3650 2976 3717; x_wconf 80' lang='lat' dir='ltr'><strong>Nihil</strong></span> <span class='ocrx_word' id='word_1_240' title='bbox 2998 3668 3243 3719; x_wconf 74' lang='lat' dir='ltr'><strong>veterum</strong></span> <span class='ocrx_word' id='word_1_241' title='bbox 3258 3677 3388 3718; x_wconf 90' lang='lat' dir='ltr'><strong>auc·</strong></span> 
     </span>
     <span class='ocr_line' id='line_1_28' title="bbox 571 3759 3390 3837; baseline -0.004 -14"><span class='ocrx_word' id='word_1_242' title='bbox 571 3766 769 3823; x_wconf 78' lang='lat' dir='ltr'><strong>toritati</strong></span> <span class='ocrx_word' id='word_1_243' title='bbox 799 3764 1123 3829; x_wconf 83' lang='lat' dir='ltr'><strong>detrahitur,</strong></span> <span class='ocrx_word' id='word_1_244' title='bbox 1147 3770 1251 3818; x_wconf 88' lang='lat' dir='ltr'><strong>etc.</strong></span> <span class='ocrx_word' id='word_1_245' title='bbox 1283 3781 1310 3812; x_wconf 76' lang='grc' dir='ltr'>ι»</span> <span class='ocrx_word' id='word_1_246' title='bbox 1335 3762 1442 3835; x_wconf 82' lang='lat' dir='ltr'><strong>Ap.</strong></span> <span class='ocrx_word' id='word_1_247' title='bbox 1465 3762 1762 3818; x_wconf 70' lang='lat' dir='ltr'><strong>Mun-ron.</strong></span> <span class='ocrx_word' id='word_1_248' title='bbox 1787 3759 2076 3833; x_wconf 66' lang='lat' dir='ltr'><strong>Scriptor„</strong></span> <span class='ocrx_word' id='word_1_249' title='bbox 2105 3766 2148 3816; x_wconf 94' lang='lat' dir='ltr'><strong>t.</strong></span> <span class='ocrx_word' id='word_1_250' title='bbox 2171 3760 2287 3829; x_wconf 85' lang='lat' dir='ltr'><strong>Vll,</strong></span> <span class='ocrx_word' id='word_1_251' title='bbox 2318 3778 2372 3833; x_wconf 91' lang='lat' dir='ltr'><strong>p.</strong></span> <span class='ocrx_word' id='word_1_252' title='bbox 2401 3763 2563 3816; x_wconf 73' lang='grc'><strong>4052.</strong></span> <span class='ocrx_word' id='word_1_253' title='bbox 2584 3761 2768 3815; x_wconf 84' lang='lat' dir='ltr'><strong>Novas</strong></span> <span class='ocrx_word' id='word_1_254' title='bbox 2786 3759 2977 3817; x_wconf 70' lang='lat' dir='ltr'><strong>adesse</strong></span> <span class='ocrx_word' id='word_1_255' title='bbox 3002 3759 3141 3814; x_wconf 91' lang='lat' dir='ltr'><strong>etin</strong></span> <span class='ocrx_word' id='word_1_256' title='bbox 3168 3774 3390 3837; x_wconf 90' lang='lat' dir='ltr'><strong>corpore</strong></span> 
     </span>
     <span class='ocr_line' id='line_1_29' title="bbox 567 3854 3391 3931; baseline -0.004 -10"><span class='ocrx_word' id='word_1_257' title='bbox 567 3862 1001 3921; x_wconf 74' lang='lat' dir='ltr'><strong>constitutionum</strong></span> <span class='ocrx_word' id='word_1_258' title='bbox 1032 3859 1380 3918; x_wconf 79' lang='lat' dir='ltr'><strong>Melflensium</strong></span> <span class='ocrx_word' id='word_1_259' title='bbox 1411 3858 1705 3931; x_wconf 82' lang='lat' dir='ltr'><strong>antiquitus</strong></span> <span class='ocrx_word' id='word_1_260' title='bbox 1741 3874 1852 3915; x_wconf 90' lang='lat' dir='ltr'><strong>non</strong></span> <span class='ocrx_word' id='word_1_261' title='bbox 1890 3856 2116 3914; x_wconf 83' lang='lat' dir='ltr'><strong>insertas</strong></span> <span class='ocrx_word' id='word_1_262' title='bbox 2153 3856 2320 3914; x_wconf 78' lang='lat' dir='ltr'><strong>fuisse</strong></span> <span class='ocrx_word' id='word_1_263' title='bbox 2348 3864 2570 3914; x_wconf 86' lang='lat' dir='ltr'><strong>testatur</strong></span> <span class='ocrx_word' id='word_1_264' title='bbox 2599 3858 2714 3929; x_wconf 88' lang='lat' dir='ltr'><strong>ipse</strong></span> <span class='ocrx_word' id='word_1_265' title='bbox 2739 3857 3039 3913; x_wconf 83' lang='lat' dir='ltr'><strong>Matthaeus</strong></span> <span class='ocrx_word' id='word_1_266' title='bbox 3075 3855 3145 3910; x_wconf 92' lang='lat' dir='ltr'><strong>de</strong></span> <span class='ocrx_word' id='word_1_267' title='bbox 3169 3854 3391 3911; x_wconf 80' lang='lat' dir='ltr'><strong>Afflictis</strong></span> 
     </span>
     <span class='ocr_line' id='line_1_30' title="bbox 567 3951 3391 4035; baseline -0.005 -16"><span class='ocrx_word' id='word_1_268' title='bbox 567 3977 734 4035; x_wconf 88' lang='lat' dir='ltr'><strong>quum</strong></span> <span class='ocrx_word' id='word_1_269' title='bbox 773 3961 962 4018; x_wconf 90' lang='lat' dir='ltr'><strong>dicat.</strong></span> <span class='ocrx_word' id='word_1_270' title='bbox 997 3980 1023 4013; x_wconf 76' lang='grc' dir='ltr'><em>α</em></span> <span class='ocrx_word' id='word_1_271' title='bbox 1057 3959 1196 4028; x_wconf 84' lang='lat' dir='ltr'><strong>Quia</strong></span> <span class='ocrx_word' id='word_1_272' title='bbox 1225 3960 1400 4032; x_wconf 80' lang='lat' dir='ltr'><strong>glossa</strong></span> <span class='ocrx_word' id='word_1_273' title='bbox 1448 3958 1642 4029; x_wconf 85' lang='lat' dir='ltr'><strong>allegat</strong></span> <span class='ocrx_word' id='word_1_274' title='bbox 1670 3970 1842 4013; x_wconf 84' lang='lat' dir='ltr'><strong>novas</strong></span> <span class='ocrx_word' id='word_1_275' title='bbox 1880 3956 2290 4012; x_wconf 86' lang='lat' dir='ltr'><strong>constitutiones</strong></span> <span class='ocrx_word' id='word_1_276' title='bbox 2322 3955 2600 4027; x_wconf 85' lang='lat' dir='ltr'><strong>loquentes</strong></span> <span class='ocrx_word' id='word_1_277' title='bbox 2637 3953 2706 4009; x_wconf 90' lang='lat' dir='ltr'><strong>de</strong></span> <span class='ocrx_word' id='word_1_278' title='bbox 2749 3953 2922 4009; x_wconf 88' lang='lat' dir='ltr'><strong>officio</strong></span> <span class='ocrx_word' id='word_1_279' title='bbox 2960 3952 3200 4023; x_wconf 83' lang='lat' dir='ltr'><strong>magistri</strong></span> <span class='ocrx_word' id='word_1_280' title='bbox 3226 3951 3391 4022; x_wconf 87' lang='lat' dir='ltr'><strong>justi·</strong></span> 
     </span>
     <span class='ocr_line' id='line_1_31' title="bbox 570 4049 3387 4128; baseline -0.003 -14"><span class='ocrx_word' id='word_1_281' title='bbox 570 4060 731 4128; x_wconf 91' lang='lat' dir='ltr'><strong>tiarii,</strong></span> <span class='ocrx_word' id='word_1_282' title='bbox 761 4058 856 4115; x_wconf 89' lang='lat' dir='ltr'><strong>ubi</strong></span> <span class='ocrx_word' id='word_1_283' title='bbox 883 4063 1008 4115; x_wconf 86' lang='lat' dir='ltr'><strong>sunt</strong></span> <span class='ocrx_word' id='word_1_284' title='bbox 1033 4056 1166 4113; x_wconf 90' lang='lat' dir='ltr'><strong>istae</strong></span> <span class='ocrx_word' id='word_1_285' title='bbox 1204 4071 1375 4111; x_wconf 86' lang='lat' dir='ltr'><strong>novae</strong></span> <span class='ocrx_word' id='word_1_286' title='bbox 1407 4054 1747 4125; x_wconf 86' lang='lat' dir='ltr'><strong>imperatoris</strong></span> <span class='ocrx_word' id='word_1_287' title='bbox 1775 4053 2073 4109; x_wconf 75' lang='lat' dir='ltr'><strong>Friderici?</strong></span> <span class='ocrx_word' id='word_1_288' title='bbox 2099 4053 2200 4110; x_wconf 91' lang='lat' dir='ltr'><strong>Dic</strong></span> <span class='ocrx_word' id='word_1_289' title='bbox 2225 4052 2368 4125; x_wconf 89' lang='lat' dir='ltr'><strong>quod</strong></span> <span class='ocrx_word' id='word_1_290' title='bbox 2396 4058 2481 4108; x_wconf 92' lang='lat' dir='ltr'><strong>est</strong></span> <span class='ocrx_word' id='word_1_291' title='bbox 2508 4051 2817 4107; x_wconf 91' lang='lat' dir='ltr'><strong>constitutio</strong></span> <span class='ocrx_word' id='word_1_292' title='bbox 2843 4065 2983 4121; x_wconf 87' lang='lat' dir='ltr'><strong>quae</strong></span> <span class='ocrx_word' id='word_1_293' title='bbox 3014 4049 3197 4121; x_wconf 90' lang='lat' dir='ltr'><strong>incipit</strong></span> <span class='ocrx_word' id='word_1_294' title='bbox 3221 4063 3387 4121; x_wconf 89' lang='lat' dir='ltr'><strong>supra</strong></span> 
     </span>
     <span class='ocr_line' id='line_1_32' title="bbox 567 4144 3388 4224; baseline -0.004 -13"><span class='ocrx_word' id='word_1_295' title='bbox 567 4153 881 4212; x_wconf 74' lang='lat' dir='ltr'><strong>statuimus</strong></span> <span class='ocrx_word' id='word_1_296' title='bbox 905 4161 962 4210; x_wconf 89' lang='lat' dir='ltr'><strong>et</strong></span> <span class='ocrx_word' id='word_1_297' title='bbox 985 4153 1293 4210; x_wconf 88' lang='lat' dir='ltr'><strong>constitutio</strong></span> <span class='ocrx_word' id='word_1_298' title='bbox 1318 4152 1584 4224; x_wconf 64' lang='lat' dir='ltr'><strong>Magister</strong></span> <span class='ocrx_word' id='word_1_299' title='bbox 1597 4150 1946 4224; x_wconf 75' lang='lat' dir='ltr'><strong>justitiarius</strong></span> <span class='ocrx_word' id='word_1_300' title='bbox 1965 4155 2021 4206; x_wconf 86' lang='lat' dir='ltr'><strong>ct</strong></span> <span class='ocrx_word' id='word_1_301' title='bbox 2036 4149 2345 4206; x_wconf 85' lang='lat' dir='ltr'><strong>constitutio</strong></span> <span class='ocrx_word' id='word_1_302' title='bbox 2360 4149 2802 4221; x_wconf 75' lang='lat' dir='ltr'><strong>capitaneorum,</strong></span> <span class='ocrx_word' id='word_1_303' title='bbox 2827 4160 2969 4217; x_wconf 89' lang='lat' dir='ltr'><strong>quae</strong></span> <span class='ocrx_word' id='word_1_304' title='bbox 2994 4159 3101 4202; x_wconf 92' lang='lat' dir='ltr'><strong>non</strong></span> <span class='ocrx_word' id='word_1_305' title='bbox 3118 4144 3388 4202; x_wconf 84' lang='lat' dir='ltr'><strong>habentur</strong></span> 
     </span>
     <span class='ocr_line' id='line_1_33' title="bbox 567 4242 3388 4322; baseline -0.004 -14"><span class='ocrx_word' id='word_1_306' title='bbox 567 4253 918 4308; x_wconf 81' lang='lat' dir='ltr'><strong>communiter</strong></span> <span class='ocrx_word' id='word_1_307' title='bbox 948 4250 1138 4307; x_wconf 84' lang='lat' dir='ltr'><strong>necin</strong></span> <span class='ocrx_word' id='word_1_308' title='bbox 1169 4249 1321 4306; x_wconf 87' lang='lat' dir='ltr'><strong>libris</strong></span> <span class='ocrx_word' id='word_1_309' title='bbox 1350 4248 1624 4322; x_wconf 84' lang='lat' dir='ltr'><strong>impressis</strong></span> <span class='ocrx_word' id='word_1_310' title='bbox 1661 4248 1845 4305; x_wconf 88' lang='lat' dir='ltr'><strong>necin</strong></span> <span class='ocrx_word' id='word_1_311' title='bbox 1883 4246 2067 4302; x_wconf 88' lang='lat' dir='ltr'><strong>multis</strong></span> <span class='ocrx_word' id='word_1_312' title='bbox 2102 4244 2573 4303; x_wconf 78' lang='lat' dir='ltr'><strong>constitutionibus</strong></span> <span class='ocrx_word' id='word_1_313' title='bbox 2616 4259 2720 4299; x_wconf 88' lang='lat' dir='ltr'><strong>non</strong></span> <span class='ocrx_word' id='word_1_314' title='bbox 2760 4242 3066 4315; x_wconf 86' lang='lat' dir='ltr'><strong>impressis,</strong></span> <span class='ocrx_word' id='word_1_315' title='bbox 3109 4243 3208 4298; x_wconf 79' lang='lat' dir='ltr'><strong>sed</strong></span> <span class='ocrx_word' id='word_1_316' title='bbox 3247 4242 3388 4299; x_wconf 87' lang='lat' dir='ltr'><strong>bene</strong></span> 
     </span>
     <span class='ocr_line' id='line_1_34' title="bbox 568 4339 3387 4420; baseline -0.003 -16"><span class='ocrx_word' id='word_1_317' title='bbox 568 4349 814 4405; x_wconf 76' lang='lat' dir='ltr'><strong>Andreas</strong></span> <span class='ocrx_word' id='word_1_318' title='bbox 844 4349 914 4405; x_wconf 90' lang='lat' dir='ltr'><strong>de</strong></span> <span class='ocrx_word' id='word_1_319' title='bbox 948 4348 1147 4405; x_wconf 79' lang='lat' dir='ltr'><strong>isernia</strong></span> <span class='ocrx_word' id='word_1_320' title='bbox 1192 4345 1467 4403; x_wconf 75' lang='lat' dir='ltr'><strong>habebat·</strong></span> <span class='ocrx_word' id='word_1_321' title='bbox 1452 4361 1624 4420; x_wconf 84' lang='lat' dir='ltr'><strong>ipsam</strong></span> <span class='ocrx_word' id='word_1_322' title='bbox 1650 4344 1777 4417; x_wconf 87' lang='lat' dir='ltr'><strong>quia</strong></span> <span class='ocrx_word' id='word_1_323' title='bbox 1819 4344 1993 4416; x_wconf 88' lang='lat' dir='ltr'><strong>ipsam</strong></span> <span class='ocrx_word' id='word_1_324' title='bbox 2023 4342 2150 4415; x_wconf 81' lang='lat' dir='ltr'><strong>legit</strong></span> <span class='ocrx_word' id='word_1_325' title='bbox 2176 4357 2337 4414; x_wconf 88' lang='lat' dir='ltr'><strong>quam</strong></span> <span class='ocrx_word' id='word_1_326' title='bbox 2378 4356 2482 4396; x_wconf 90' lang='lat' dir='ltr'><strong>non</strong></span> <span class='ocrx_word' id='word_1_327' title='bbox 2527 4340 2729 4411; x_wconf 86' lang='lat' dir='ltr'><strong>glossat</strong></span> <span class='ocrx_word' id='word_1_328' title='bbox 2755 4340 2857 4396; x_wconf 81' lang='lat' dir='ltr'><strong>ista</strong></span> <span class='ocrx_word' id='word_1_329' title='bbox 2893 4340 3099 4412; x_wconf 79' lang='lat' dir='ltr'><strong>glossa,</strong></span> <span class='ocrx_word' id='word_1_330' title='bbox 3129 4345 3186 4396; x_wconf 88' lang='lat' dir='ltr'><strong>et</strong></span> <span class='ocrx_word' id='word_1_331' title='bbox 3214 4339 3387 4412; x_wconf 79' lang='lat' dir='ltr'><strong>ipsam</strong></span> 
     </span>
    </p>
   </div>
   <div class='ocr_carea' id='block_1_6' title="bbox 567 4434 3384 4615">
    <p class='ocr_par' dir='ltr' id='par_1_6' title="bbox 567 4434 3384 4615">
     <span class='ocr_line' id='line_1_35' title="bbox 568 4434 3384 4527; baseline -0.003 -25"><span class='ocrx_word' id='word_1_332' title='bbox 568 4434 1000 4527; x_wconf 81' lang='lat' dir='ltr'><strong>constitutionem</strong></span> <span class='ocrx_word' id='word_1_333' title='bbox 1025 4460 1125 4518; x_wconf 86' lang='lat' dir='ltr'><strong>ego</strong></span> <span class='ocrx_word' id='word_1_334' title='bbox 1154 4443 1358 4501; x_wconf 85' lang='lat' dir='ltr'><strong>habeo</strong></span> <span class='ocrx_word' id='word_1_335' title='bbox 1345 4460 1399 4499; x_wconf 85' lang='grc' dir='ltr'><strong>ιιι</strong></span> <span class='ocrx_word' id='word_1_336' title='bbox 1432 4443 1569 4501; x_wconf 91' lang='lat' dir='ltr'><strong>libro</strong></span> <span class='ocrx_word' id='word_1_337' title='bbox 1591 4459 1734 4500; x_wconf 91' lang='lat' dir='ltr'><strong>meo.</strong></span> <span class='ocrx_word' id='word_1_338' title='bbox 1765 4462 1791 4493; x_wconf 74' lang='grc' dir='ltr'>ι</span> <span class='ocrx_word' id='word_1_339' title='bbox 1815 4440 2015 4512; x_wconf 72' lang='lat' dir='ltr'><strong>(Mur.</strong></span> <span class='ocrx_word' id='word_1_340' title='bbox 2041 4439 2205 4496; x_wconf 62' lang='lat' dir='ltr'><strong>nusi}</strong></span> <span class='ocrx_word' id='word_1_341' title='bbox 2235 4454 2505 4508; x_wconf 65' lang='grc' dir='ltr'>Αινιιιιττι,</span> <span class='ocrx_word' id='word_1_342' title='bbox 2530 4439 2712 4496; x_wconf 66' lang='lat' dir='ltr'><strong>Gonu.</strong></span> <span class='ocrx_word' id='word_1_343' title='bbox 2734 4437 2959 4511; x_wconf 80' lang='lat' dir='ltr'><strong>Neapol.</strong></span> <span class='ocrx_word' id='word_1_344' title='bbox 2988 4444 3028 4525; x_wconf 86' lang='lat' dir='ltr'><strong>t.</strong></span> <span class='ocrx_word' id='word_1_345' title='bbox 3052 4439 3094 4508; x_wconf 86' lang='lat'><strong>1,</strong></span> <span class='ocrx_word' id='word_1_346' title='bbox 3116 4438 3267 4494; x_wconf 88' lang='lat' dir='ltr'><strong>rubr.</strong></span> <span class='ocrx_word' id='word_1_347' title='bbox 3294 4440 3384 4508; x_wconf 81' lang='lat'><strong>39,</strong></span> 
     </span>
     <span class='ocr_line' id='line_1_36' title="bbox 567 4520 3384 4615; baseline -0.002 -18"><span class='ocrx_word' id='word_1_348' title='bbox 567 4559 621 4615; x_wconf 93' lang='lat' dir='ltr'><strong>p</strong></span> <span class='ocrx_word' id='word_1_349' title='bbox 665 4546 789 4613; x_wconf 69' lang='grc'><strong>434,</strong></span> <span class='ocrx_word' id='word_1_350' title='bbox 820 4553 898 4599; x_wconf 87' lang='lat' dir='ltr'><strong>et</strong></span> <span class='ocrx_word' id='word_1_351' title='bbox 891 4540 1134 4613; x_wconf 73' lang='lat' dir='ltr'><strong>ibidem,</strong></span> <span class='ocrx_word' id='word_1_352' title='bbox 1176 4540 1328 4597; x_wconf 88' lang='lat' dir='ltr'><strong>rubr.</strong></span> <span class='ocrx_word' id='word_1_353' title='bbox 1368 4542 1454 4611; x_wconf 73' lang='lat' dir='ltr'><strong>ss,</strong></span> <span class='ocrx_word' id='word_1_354' title='bbox 1498 4556 1550 4613; x_wconf 92' lang='lat' dir='ltr'><strong>p.</strong></span> <span class='ocrx_word' id='word_1_355' title='bbox 1599 4541 1750 4607; x_wconf 79' lang='grc'><strong>436.)</strong></span> <span class='ocrx_word' id='word_1_356' title='bbox 1789 4538 1866 4593; x_wconf 90' lang='lat' dir='ltr'><strong>De</strong></span> <span class='ocrx_word' id='word_1_357' title='bbox 1903 4551 2042 4593; x_wconf 85' lang='lat' dir='ltr'><strong>nova</strong></span> <span class='ocrx_word' id='word_1_358' title='bbox 2087 4526 2463 4593; x_wconf 83' lang='lat' dir='ltr'><strong>constitutione</strong></span> <span class='ocrx_word' id='word_1_359' title='bbox 2492 4534 2946 4608; x_wconf 72' lang='lat' dir='ltr'><strong>capitaneorum,</strong></span> <span class='ocrx_word' id='word_1_360' title='bbox 2990 4520 3088 4591; x_wconf 85' lang='lat' dir='ltr'><strong>cur</strong></span> <span class='ocrx_word' id='word_1_361' title='bbox 3131 4535 3277 4592; x_wconf 82' lang='lat' dir='ltr'><strong>illam</strong></span> <span class='ocrx_word' id='word_1_362' title='bbox 3317 4535 3384 4590; x_wconf 85' lang='lat' dir='ltr'><strong>ad</strong></span> 
     </span>
    </p>
   </div>
   <div class='ocr_carea' id='block_1_7' title="bbox 566 4634 2317 4712">
    <p class='ocr_par' dir='ltr' id='par_1_7' title="bbox 566 4634 2317 4712">
     <span class='ocr_line' id='line_1_37' title="bbox 566 4634 2317 4712; baseline -0.005 -15"><span class='ocrx_word' id='word_1_363' title='bbox 566 4657 696 4697; x_wconf 82' lang='lat' dir='ltr'><strong>ann.</strong></span> <span class='ocrx_word' id='word_1_364' title='bbox 727 4642 867 4697; x_wconf 76' lang='lat'>⁴235</span> <span class='ocrx_word' id='word_1_365' title='bbox 894 4637 1314 4712; x_wconf 78' lang='lat' dir='ltr'><strong>exposuerimus,</strong></span> <span class='ocrx_word' id='word_1_366' title='bbox 1341 4638 1488 4694; x_wconf 86' lang='lat' dir='ltr'><strong>satis</strong></span> <span class='ocrx_word' id='word_1_367' title='bbox 1505 4635 1885 4703; x_wconf 83' lang='lat' dir='ltr'><strong>disseruimus,</strong></span> <span class='ocrx_word' id='word_1_368' title='bbox 1912 4639 1952 4690; x_wconf 92' lang='lat' dir='ltr'><strong>t.</strong></span> <span class='ocrx_word' id='word_1_369' title='bbox 1981 4634 2073 4704; x_wconf 83' lang='lat' dir='ltr'><strong>lv,</strong></span> <span class='ocrx_word' id='word_1_370' title='bbox 2101 4649 2157 4706; x_wconf 89' lang='lat' dir='ltr'><strong>p.</strong></span> <span class='ocrx_word' id='word_1_371' title='bbox 2197 4635 2317 4688; x_wconf 72' lang='lat'><strong>¹82.</strong></span> 
     </span>
    </p>
   </div>
  </div>
 </body>
</html>
