4364 5738
585 561 784 622 tum.
819 558 913 641 4.)
1466 560 1867 622 ms'rolua
1911 558 2502 622 munumina,
3279 556 3397 619 an

749 692 1015 771 (Edtder.
1046 694 1289 755 Μιπιι.
1307 695 1543 772 Pars„
1565 694 1723 756 Hm.
1745 694 1890 774 maj.
1912 690 2184 775 Anqloe„
2213 694 2292 754 ad
2316 711 2461 755 ann.
2497 700 2672 764 1245,
2701 710 2766 771 p.
2796 699 2935 754 460.
2954 692 3395 765 -Βηιεηικ,

823 796 1043 860 Annal.
1077 796 1297 871 eccles„
1316 800 1395 861 ad
1417 800 1578 861 hunc
1604 817 1777 871 ann..
1806 797 1841 880 ἓ
1869 799 2113 875 LXIV.)

684 980 1184 1080 [Innocentius,
1220 996 1390 1076 etc.,
1427 987 1795 1058 abbatibus
1830 985 2394 1059 cisterciensibus
2432 986 2504 1055 in
2547 986 2848 1079 capitulo
2887 987 3194 1077 generali
3227 1008 3395 1058 con-

584 1108 885 1201 gregatis
910 1105 1039 1202 (l),
1067 1106 1237 1208 etc.]
1255 1110 1542 1182 Noverit
1565 1110 1980 1182 universitas
2005 1119 2240 1182 vestra
2262 1117 2517 1181 statum
2543 1088 2848 1181 Ecclesie
2875 1109 3398 1180 formidabiliter

584 1230 1091 1323 periclitantem
1126 1253 1411 1326 precum
1457 1232 1784 1303 instantia
1829 1232 2033 1304 solito
2076 1232 2474 1325 vigilantins
2526 1232 2863 1324 indigere.
2920 1232 3172 1303 Subest
3211 1232 3396 1302 enim

585 1373 841 1443 urgens
890 1372 1103 1423 causa
1153 1375 1292 1444 que
1346 1353 1469 1424 toti
1522 1353 2004 1424 christianitati
2047 1353 2444 1425 terribiliter
2487 1352 2968 1425 comminatur.
3005 1354 3148 1424 Nec
3191 1374 3393 1424 cura·

583 1474 811 1545 bimus
837 1474 931 1546 de
960 1484 1196 1545 cetero
1218 1474 1450 1566 gladio
1481 1476 1583 1546 uti
1614 1476 1981 1571 materiali,
2005 1477 2133 1548 sed
2163 1485 2433 1546 tantum
2464 1475 2802 1569 spirituali
2827 1485 3070 1547 contra
3093 1475 3399 1547 Frederi-

584 1619 744 1667 cum
762 1597 1139 1690 aliquando
1149 1597 1617 1669 Romanorum
1637 1599 2153 1693 imperatorem,
2178 1598 2486 1670 validum
2510 1598 2817 1669 Ecclesie
2829 1598 3076 1670 Christi
3092 1607 3164 1669 et
3188 1598 3398 1670 obsti·

583 1728 827 1790 natum
852 1719 1231 1790 inimicum.
1255 1721 1698 1792 Obstructum
1732 1729 1838 1792 est
1863 1743 1942 1793 os
1973 1721 2401 1814 loquentium
2439 1720 2698 1814 iniqua.
2727 1722 2882 1792 Non
2911 1744 3038 1793 vos
3070 1731 3396 1795 moveant

585 1843 1058 1939 imperitorum
1091 1854 1162 1915 et
1190 1844 1500 1914 veritatis
1514 1818 1951 1935 ‘ignarorum,
1990 1865 2380 1939 precamur,
2419 1844 2744 1939 obloquia
2781 1854 2859 1914 ut
2893 1866 2935 1914 a
2969 1845 3168 1916 nobis
3199 1847 3395 1941 quasi

585 1966 1073 2063 precipitanter
1094 1967 1350 2063 putetis
1379 1968 1570 2060 quod
1601 1966 1862 2060 absque
1896 1967 2279 2038 deliberato
2311 1968 2596 2037 fratrum
2626 1978 3020 2038 nostrorum
3051 1980 3121 2040 et
3151 1972 3398 2041 multo·

584 2111 738 2160 rum
772 2089 1153 2183 peritorum
1176 2110 1451 2160 moroso
1479 2088 1763 2159 consilio
1791 2098 2032 2160 contra
2063 2090 2294 2183 ipsum
2318 2089 2753 2161 Fredericum
2783 2090 3396 2174 fueritsententia-

586 2222 757 2282 tum.
795 2213 949 2284 Non
986 2212 1170 2283 enim
1201 2212 1641 2282 meminimus
1675 2233 1981 2303 unquam
2026 2232 2306 2281 causam
2353 2232 2514 2281 cum
2560 2221 2749 2282 tanta
2794 2212 3289 2285 deliberatione
3327 2227 3397 2287 et

582 2334 892 2427 diligenti
939 2335 1449 2406 examinatione
1506 2335 1714 2404 fuisse
1774 2355 2139 2405 excussam
2197 2345 2267 2404 et
2312 2334 2691 2428 peritorum
2738 2345 2949 2427 atque
3000 2348 3394 2409 sanctorum

582 2459 932 2529 mentibus
961 2457 1281 2528 libratam
1314 2457 1653 2547 extitisse,
1688 2456 1865 2528 adeo
1897 2457 2085 2550 quod
2117 2457 2189 2526 in
2223 2455 2504 2527 secretis
2535 2457 2748 2550 aliqui
2783 2459 3072 2529 fratrum
3123 2472 3395 2534 nostro-

583 2604 735 2652 rum
768 2581 1143 2653 induerunt
1170 2602 1537 2676 personam
1569 2580 1885 2653 advocati
1919 2601 2045 2674 pro
2078 2579 2268 2675 ipso;
2300 2578 2516 2672 aliqui
2550 2589 2781 2651 autem
2812 2602 2850 2650 e
2883 2592 3124 2653 contra
3152 2606 3391 2678 perso-

583 2728 745 2777 nam
781 2705 1254 2796 adversantis3
1288 2696 1371 2775 ut
1407 2726 1500 2774 ex
1538 2703 2044 2796 objectionibus
2083 2713 2155 2773 et
2195 2701 2755 2797 responsionibus
2797 2704 3289 2797 inquirentium
3324 2719 3395 2780 et

583 2828 1126 2925 disputantium,
1166 2837 1246 2898 ut
1293 2828 1469 2899 solet
1514 2827 1582 2897 in
1631 2825 1917 2918 scholiS,
1967 2847 2173 2897 cause
2217 2825 2472 2897 veritas
2518 2824 2846 2898 radicitus
2890 2827 3050 2899 hinc
3092 2830 3391 2926 indeque

584 2954 1069 3025 discuteretur.
1108 2952 1252 3022 Nec
1288 2952 1594 3045 aliquam
1626 2951 1811 3021 viam
1844 2949 2236 3020 invenimus
2278 2949 2427 3019 sine
2469 2949 2593 3021 Dei
2634 2950 2883 3043 injuria
2911 2962 2980 3023 et
3010 2955 3203 3046 gravi
3243 2958 3393 3047 ejus

582 3077 846 3147 offensa
877 3083 946 3145 et
976 3074 1279 3146 Ecclesie
1312 3073 1626 3165 ejusdem
1659 3074 1923 3154 lesione
1959 3083 2029 3144 et
2071 3083 2462 3144 nostrarum
2495 3074 3068 3148 conscientiarum
3101 3079 3391 3150 vulnere

580 3200 779 3268 aliter
811 3195 1232 3292 procedendi
1264 3216 1474 3289 quam
1497 3206 1576 3266 ut
1608 3196 2092 3292 processimuS,
2119 3195 2281 3280 licet
2304 3196 2529 3286 inviti,
2559 3208 2638 3268 ut
2656 3199 2970 3289 ejusdem
2998 3201 3239 3273 lesoris
3270 3203 3393 3272 mi-

583 3319 759 3390 serie
802 3317 1277 3388 condolentes.
1315 3319 1539 3388 Parati
1572 3319 1779 3410 igitur
1810 3341 2048 3390 sumus
2089 3319 2164 3388 in
2204 3318 2331 3389 hac
2364 3341 2568 3391 causa
2615 3331 2684 3391 et
2719 3343 2846 3416 pro
2892 3324 3007 3392 illa
3044 3347 3264 3419 usque
3301 3326 3393 3400 ad

583 3453 877 3513 mortem
909 3450 1090 3512 stare
1122 3451 1195 3536 et
1226 3461 1352 3535 pro
1385 3462 1467 3511 ea
1501 3451 1571 3511 et
1606 3441 1676 3510 in
1710 3451 1965 3518 eatam
1995 3463 2236 3513 omnes
2266 3443 2510 3513 fratres
2540 3443 2755 3514 nostri
2788 3466 2995 3537 quam
3029 3468 3154 3517 nos
3186 3450 3389 3537 mori,

585 3564 1100 3637 immutabiliter
1130 3585 1257 3660 pro
1293 3585 1501 3637 causa
1532 3563 1659 3636 Dei
1694 3574 1765 3634 et
1794 3564 1943 3658 ejus
1968 3564 2270 3637 Ecclesie
2302 3564 2731 3636 dimicantes.

2595 3877 2947 3888 .—..--..—..—.-

687 4150 943 4233 Altera
999 4150 1420 4263 encyclicae
1492 4154 1739 4235 forma
1805 4180 1958 4263 qua
2021 4153 2443 4235 Fridericus
2465 4213 2488 4257 ,
2554 4151 3070 4233 Romanorum
3138 4150 3390 4259 impe-

582 4291 824 4387 rator,
881 4286 1327 4366 sententiam
1384 4286 1871 4393 depositionis
1920 4296 2186 4367 contra
2240 4310 2320 4365 se
2382 4284 2459 4363 in
2519 4281 2838 4364 concilio
2897 4282 3387 4391 Lugdunensi

649 4545 729 4614 (4)
758 4543 873 4601 Boc
900 4546 1191 4618 capitulum
1223 4549 1369 4608 circa
1402 4548 1596 4605 Mum
1630 4545 1983 4604 Exaltationis
2014 4553 2234 4602 sanctae
2268 4545 2453 4603 Crucis
2486 4545 2577 4618 [Η
2610 4545 2952 4620 septembris]
2989 4547 3094 4603 fuit
3121 4562 3384 4612 convoca-

582 4646 715 4710 tum,
747 4646 885 4697 teste
905 4642 1176 4701 Matthaeo
1200 4644 1516 4717 Parisiensi3
1546 4645 1690 4701 unde
1715 4643 1801 4701 cui
1828 4642 2055 4716 tempori
2077 4642 2214 4701 baec
2234 4641 2460 4716 epistota
2481 4644 2776 4702 conveniat
2792 4645 2928 4704 satin
2945 4645 3133 4718 Boot.

3490 4186 3798 4212 §§§§§§§§

3494 4213 3753 4266 σαρκοειδῆ.
