4364 5738
988 596 1103 658 118
1980 597 2406 659 nmmum
2459 600 2803 661 SECUNDI
3417 602 3579 680 [Ass.
3623 604 3796 665 1243.

984 731 1410 805 necessarias
1449 730 1548 801 eis
1589 731 1951 804 restituere
2000 742 2359 805 teneamur
2394 733 2520 829 (l).
2574 735 2686 807 Ad
2729 737 2929 828 cujus
2966 736 3066 807 rei
3100 738 3501 810 memoriam
3552 748 3621 810 et
3657 749 3800 810 sta-

982 857 1191 928 bilem
1232 852 1626 925 firmitatem
1652 866 2010 949 presentes
2044 857 2308 929 litteras
2344 856 2491 930 fieri
2535 866 2607 930 et
2646 859 2869 952 sigillo
2908 860 3291 952 majestatis
3323 871 3556 935 nostre
3590 863 3799 954 jussi-

982 1000 1138 1050 mus
1174 979 1608 1050 communiri.

1078 1104 1327 1175 Datum
1359 1100 1613 1193 Melfie,
1645 1102 1889 1174 ultimo
1925 1104 2229 1196 augusti,
2260 1104 2483 1198 prime
2512 1103 2931 1179 indictionis.

590 1750 913 1857 ,ᾗῇ-ἐῢ.
1087 1730 1571 1814 Innocentius
1619 1755 1816 1837 papa
1871 1728 2431 1837 archiepiscopo
2479 1728 3109 1839 Rothomagensi,
3156 1729 3505 1838 episcopo
3549 1728 3793 1813 Muti-

983 1864 1202 1948 nensi
1272 1873 1347 1945 et
1411 1860 1667 1944 abbati
1733 1861 1988 1942 Sancti
2040 1860 2379 1944 Facundi
2433 1861 2749 1943 mandat
2805 1874 2889 1944 ut
2939 1861 3226 1944 nuntiis
3283 1860 3645 1970 principis
3698 1862 3793 1943 ad

981 2022 1203 2079 suam
1257 1994 1760 2103 praesentiam
1814 1994 2228 2075 accessuris
2271 2003 2347 2076 et
2389 1994 2618 2077 etiam
2654 1994 2799 2104 ipsi
2834 1994 3372 2079 Panormitano
3419 1994 3796 2103 archiepi-

980 2156 1247 2239 scope,
1289 2129 1462 2211 licet
1498 2126 1912 2234 immerito,
1956 2126 2405 2210 beneficium
2444 2127 2944 2211 absolutionis
2981 2128 3446 2238 impendant.

1138 2358 1327 2435 (Edit.
1359 2373 1456 2433 ap.
1485 2356 1704 2432 Pam-z,
1735 2357 1992 2415 Menum.
2027 2352 2220 2416 Germ.
2250 2351 2415 2426 laist„
2442 2359 2488 2414 t.
2521 2354 2628 2429 lv,
2660 2372 2721 2432 p.
2755 2354 2921 2433 344.)

1072 2557 1513 2630 Innocentius
1548 2554 1947 2648 episcopus»,
1986 2574 2230 2625 servus
2261 2574 2621 2626 servorum
2648 2555 2809 2645 Dei,
2855 2607 2874 2626 .
2895 2608 2912 2626 .
2940 2607 2958 2627 .
2991 2553 3509 2649 archiepiscopo
3547 2552 3795 2627 Retho-

977 2680 1314 2774 magensi,
1360 2732 1376 2749 .
1405 2731 1422 2749 .
1450 2731 1467 2748 .
1508 2677 1833 2772 episcopo
1872 2677 2227 2770 quondam
2257 2678 2630 2768 Mutinensi
2658 2687 2730 2750 et
2770 2731 2787 2749 .
2816 2731 2835 2749 .
2861 2732 2880 2750 .
2918 2678 3155 2750 abbati
3196 2679 3424 2751 Sancti
3458 2678 3784 2751 Facundi.

975 2804 1382 2876 Litterarum
1423 2808 1810 2874 vestrarum
1852 2799 2031 2873 serie
2073 2801 2443 2894 diligenter
2482 2802 2756 2895 audita,
2795 2801 3149 2876 devotioni
3192 2813 3418 2876 vestre
3465 2803 3793 2877 duximus

973 2926 1538 3023 respondendum
1593 2926 1918 3018 quatinus
1970 2936 2076 2997 est
2127 2925 2546 3020 beneplaciti
2570 2926 2818 2997 nostri
2876 2935 2957 2997 ut
3003 2926 3264 2998 nuntiis
3319 2926 3649 3021 principis
3698 2926 3791 2999 ad

971 3061 1280 3125 nostram
1306 3049 1685 3121 accessuris
1718 3048 2163 3143 presentiam,
2193 3050 2401 3140 juxta
2431 3050 2721 3121 sormam
2759 3049 3065 3121 Ecclesie
3097 3059 3167 3121 et
3198 3049 3377 3121 sicut
3404 3050 3604 3122 vobis
3629 3050 3789 3123 viva

970 3198 1146 3251 voce
1187 3175 1528 3264 diximuS,
1581 3174 2033 3246 absolutionis
2079 3173 2496 3247 beneficium
2546 3175 3004 3270 impendatis3
3052 3175 3244 3267 quod
3281 3176 3441 3246 licet
3492 3228 3511 3247 .
3539 3228 3557 3248 .
3584 3227 3603 3247 .
3658 3176 3784 3248 Pa-

972 3298 1364 3372 normitano
1421 3295 1939 3391 archiepiscopo
2004 3318 2089 3369 eo
2138 3297 2486 3370 difficilius
2540 3308 2611 3370 et
2652 3300 2915 3371 tardius
2962 3298 3255 3371 concedi
3309 3298 3598 3373 deberet
3646 3320 3786 3392 quo

970 3423 1352 3496 Romanam
1395 3419 1774 3493 Ecclesiam
1816 3420 1930 3493 cui
1974 3420 2249 3492 debitor
2278 3422 2350 3492 in
2391 3421 2629 3494 multis
2654 3444 2806 3495 esse
2838 3422 3220 3495 dinoscitur
3250 3422 3529 3515 gravius
3564 3421 3780 3495 offen-

972 3544 1156 3617 disse
1191 3545 1495 3635 videtur,
1544 3552 1771 3615 tamen
1802 3564 1931 3638 pro
1966 3544 2311 3617 desiderio
2365 3544 2556 3639 pacis
2599 3546 2670 3615 in
2721 3567 2860 3638 qna
2903 3545 3241 3619 bonorem
3271 3546 3396 3618 Dei
3432 3544 3784 3638 querimus

971 3679 1043 3741 et
1074 3669 1312 3764 populi
1340 3667 1694 3740 christiani
1722 3668 2042 3759 salutem,
2069 3671 2393 3740 volumus
2418 3678 2499 3739 ut
2528 3667 2701 3739 illud
2732 3668 2909 3741 sicut
2933 3669 3085 3741 aliis
3107 3668 3503 3741 conferatur
3523 3668 3774 3758 eidem,

969 3794 1091 3889 qui
1116 3793 1487 3888 recipietur
1516 3814 1559 3864 a
1594 3791 1797 3863 nobis
1823 3792 1914 3864 ad
1946 3814 2223 3864 omnem
2259 3800 2626 3866 tractatum
2658 3792 2851 3887 pacis
2877 3803 2948 3865 et
2974 3793 3342 3866 concordie
3369 3792 3548 3866 sicut
3570 3792 3780 3865 ceteri

2848 4001 2957 4007 ...μ
2966 4002 3435 4010 ——-—.-—-.-...--
3448 3998 3769 4010 ffl—o—-Q-

1469 4000 1774 4008 -.—n--..⁴--..--—-.
1789 4000 1956 4007 -.m-01
1973 4002 2022 4006 -ᾼ-
2037 4002 2080 4007 ..-
2101 4002 2281 4008 —-—-..
2298 4003 2391 4008 —-
2404 4002 2475 4009 -.-

979 4003 1287 4013 ——ffl-—a-Q-v-
1307 4004 1338 4009 „⁴-
1355 4003 1450 4009 ...-.--

1038 4126 1109 4197 (t)
1143 4126 1314 4195 Quam
1350 4125 1567 4198 quidem
1594 4122 1939 4182 donationem
1967 4124 2305 4181 Innocentius
2327 4130 2559 4195 quartus
2574 4125 2812 4196 Perusii,
2835 4124 2992 4183 nonis
3013 4123 3292 4197 sebniarii,
3326 4124 3669 4198 pontificatus
3693 4124 3774 4182 sni

963 4236 1103 4280 anno
1130 4236 1271 4278 nono
1293 4221 1646 4291 confirmavit,
1669 4221 1960 4278 inhibendo
1983 4237 2052 4277 ne
2075 4221 2198 4293 quis
2216 4221 2594 4294 Hospitalarios
2610 4228 2787 4279 castro
2808 4222 3085 4280 Ascalonia
3101 4222 3385 4280 disvestire
3409 4226 3777 4295 praesumeret

963 4317 1065 4373 nisi
1092 4317 1242 4389 prius
1273 4334 1539 4390 expensae
1567 4318 1648 4375 eis
1679 4318 1888 4391 integre
1915 4319 2342 4376 restituerentur.
2381 4319 2687 4376 Notandum
2713 4318 2859 4391 quod
2886 4319 2941 4375 in
2968 4318 3073 4377 hac
3104 4317 3330 4392 epistola
3366 4334 3613 4375 summus
3642 4334 3775 4392 pon·

881 4456 884 4459 n
961 4414 1093 4470 tifex
1122 4413 1190 4469 de
1218 4412 1543 4484 imperatore
1567 4414 1655 4470 his
1681 4415 1861 4472 verbis
1897 4414 2147 4488 loquatur
2175 4433 2191 4471 ι
2215 4415 2488 4472 Friden‘co‘
2520 4421 2646 4472 tuno
2669 4417 3015 4488 imperatoris
3035 4424 3086 4473 et
3120 4415 3592 4474 Hierosolimiumi
3627 4417 3776 4488 reaia

962 4514 1026 4567 in
1060 4510 1429 4566 communione
1459 4510 1683 4566 Ecclesia
1715 4513 2100 4585 pemanentn‘s.
2138 4512 2294 4570 Unde
2322 4512 2495 4585 liquet
2527 4527 2730 4587 papam
2765 4518 2886 4569 acta
2920 4512 3179 4587 principis
3211 4519 3337 4570 ante
3369 4527 3520 4569 suam
3558 4512 3614 4569 in
3645 4525 3772 4569 con·

959 4606 1083 4665 cilio
1123 4605 1455 4677 Lugdunensi
1505 4605 1890 4680 depositionem
1927 4608 2160 4682 legitima
2201 4609 2504 4680 censuisse,
2556 4609 2684 4666 licet
2726 4609 3052 4670 christianus
3104 4611 3158 4666 in
3208 4607 3775 4667 excommunicationis

959 4704 1185 4762 vinculis
1206 4704 1537 4778 persisteret.
1568 4703 1649 4763 ct.
1671 4706 1860 4776 Pmm,
1892 4722 2053 4779 opere
2076 4722 2240 4780 supra
2269 4706 2507 4777 laudato,
2533 4723 2590 4778 p.
2616 4709 2741 4764 27³.
