4364 5738
568 659 768 717 humer.
807 657 893 734 l.]
1463 656 1859 718 HISTORIA
1909 654 2496 717 DIPLOMATICA.
3302 652 3379 711 97

567 791 773 861 clesie
814 810 897 861 ac
930 790 1270 883 ipsorum,
1324 790 1654 861 attentius
1694 791 2163 885 supplicantes
2203 800 2544 881 quatenus
2594 784 2808 885 [cum]
2852 788 3096 858 fratres
3142 807 3381 857 eorum

567 914 690 1005 qui
717 923 916 984 erant
940 914 1155 984 Rome
1172 965 1193 1003 ,
1225 922 1546 1006 presente
1574 934 1698 1008 pre
1732 914 1994 985 foribus
2025 913 2353 985 Romanis
2383 912 2693 984 exercitu
2713 964 2732 1001 ,
2778 910 3015 1003 egredi
3048 907 3377 980 formida-

568 1037 737 1108 bant
769 1046 838 1108 et
877 1058 1037 1108 cum
1078 1035 1178 1107 eis
1217 1035 1309 1107 ad
1348 1037 1814 1130 provisionem
1854 1036 2157 1108 Ecclesia
2198 1036 2287 1108 de
2318 1057 2457 1130 qua
2496 1038 2846 1107 ferventer
2882 1033 3071 1129 apud
3111 1054 3230 1104 eos
3270 1033 3378 1104 in·

567 1160 794 1232 stabat
837 1161 1192 1250 voluntas,
1243 1161 1433 1254 apud
1478 1160 1864 1252 Anagniam
1914 1161 2287 1232 convenire
2309 1213 2329 1250 ,
2374 1169 2597 1231 castra
2645 1170 2882 1231 nostra
2922 1158 3011 1229 de
3056 1158 3381 1230 Romanis

566 1283 1013 1375 dignaremur
1040 1283 1296 1378 prediis
1329 1304 1686 1356 removere
1705 1336 1726 1374 ,
1755 1305 1843 1354 ne
1878 1293 2159 1379 propter
2186 1283 2317 1355 hoc
2349 1283 2815 1378 provisionem
2849 1281 3382 1353 ecclesiasticam

566 1406 887 1501 impediri
919 1407 1353 1499 contingeret
1381 1408 1496 1478 vel
1529 1407 1824 1498 differri,
1862 1407 2024 1479 data
2056 1407 2257 1479 nobis
2298 1429 2508 1502 super
2538 1408 2886 1478 creatione
2921 1406 3173 1477 summi
3204 1426 3380 1498 pon-

568 1528 769 1602 tificis
814 1530 1203 1602 indubitata
1249 1529 1501 1603 fiducia
1542 1531 1993 1627 procedendi.
2039 1531 2182 1603 Nos
2227 1531 2437 1624 igitur
2484 1551 2755 1602 summo
2804 1530 2952 1600 zelo
3005 1528 3383 1600 clementer

569 1654 859 1745 inducti,
886 1654 1049 1747 quia
1076 1638 1471 1749 Apostolice
1494 1655 1655 1728 Sedi
1689 1677 1815 1750 per
1842 1657 2133 1727 fratrum
2165 1655 2505 1725 unitatem
2549 1666 2618 1725 et
2654 1652 3096 1725 concordiam
3127 1651 3385 1724 debeat

567 1778 950 1871 provideri,
989 1778 1214 1872 primo
1260 1779 1664 1872 magistrum
1705 1780 2029 1851 Ottonem
2072 1779 2307 1854 Sancti
2342 1778 2606 1850 Nicolai
2646 1778 2716 1849 in
2758 1799 3032 1848 carcere
3068 1776 3382 1849 Tulliano

564 1902 1034 1973 venerabilem
1081 1902 1453 1974 diaconum
1501 1902 1927 1973 cardinalem
1976 1924 2060 1973 ac
2111 1898 2368 1975 deinde
2411 1902 2891 1973 Penestrinum
2941 1901 3377 1996 episcopum,

565 2023 655 2094 de
688 2046 771 2095 cu
769 2026 886 2116 jus
917 2025 1324 2095 liberatione
1374 2025 1500 2094 vix
1530 2046 1572 2095 a
1601 2025 1960 2096 voluntate
2006 2035 2242 2095 nostra
2282 2025 2560 2118 propria
2601 2024 2914 2095 obtinere
2962 2025 3383 2097 conscientia

564 2145 993 2239 confidebat,
1030 2156 1265 2242 preter
1317 2169 1516 2243 spem
1552 2156 1623 2219 et
1667 2147 2044 2238 creditum,
2080 2159 2161 2218 ut
2207 2147 2684 2218 miraculosius
2737 2148 3100 2219 accederet
3145 2149 3377 2243 inspe-

564 2278 831 2360 ratum,
870 2271 962 2341 ad
992 2272 1240 2342 fratres
1271 2270 1622 2365 predictos
1646 2279 1963 2365 petentes
1992 2293 2149 2341 cum
2192 2270 2526 2342 instancia
2559 2271 2978 2362 remisimus,
3016 2272 3105 2342 de
3147 2281 3381 2344 nostra

563 2394 878 2465 custodia
909 2393 1312 2485 liberantes;
1348 2415 1432 2466 ac
1465 2395 1970 2486 subsequenter
2000 2395 2327 2489 prelatos,
2371 2405 2641 2466 ceteros
2672 2396 2961 2467 abbates
2995 2406 3066 2466 et
3095 2395 3381 2468 clericos

562 2518 1023 2612 transalpinos
1078 2539 1238 2588 cum
1294 2538 1539 2589 eorum
1593 2518 1872 2590 familiis
1926 2540 2053 2611 pro
2113 2519 2365 2612 quibus
2429 2518 2751 2591 omnibus
2821 2540 3062 2613 preces
3113 2531 3382 2591 vestras

563 2641 930 2713 recolimus
962 2642 1311 2736 accepisse
1353 2640 1489 2738 (⁴),
1525 2642 1619 2713 ob
1654 2641 1991 2714 honorem
2032 2654 2342 2715 vestrum
2388 2643 2641 2715 liberos
2675 2643 2867 2714 abire
2899 2643 3375 2737 permisimus;

564 2775 634 2836 et
665 2766 827 2837 licet
856 2765 1148 2837 remotio
1176 2775 1413 2838 nostra
1458 2776 1842 2838 castrorum
1875 2767 2076 2839 nobis
2119 2777 2191 2838 et
2220 2768 2473 2840 nostris
2504 2768 2795 2839 molesta
2826 2765 3146 2840 fidelibus
3173 2767 3378 2841 offer-

561 2900 788 2982 retur,
826 2891 1039 2962 solius
1081 2891 1456 2985 apostolice
1503 2891 1915 2985 provisionis
1955 2892 2322 2964 commoda
2370 2893 2792 2986 cogitantes,
2847 2894 3036 2964 omni
3085 2894 3378 2967 utilitate

558 3015 838 3107 publica
887 3025 959 3086 et
1000 3014 1282 3109 speciali
1317 3015 1699 3112 postposita
1721 3069 1740 3106 ,
1776 3037 2064 3110 prorsus
2108 3039 2150 3088 a
2196 3014 2451 3089 finibus
2507 3016 2836 3088 Romanis
2882 3017 3373 3110 abscessimus,

557 3138 962 3208 necessariis
1008 3116 1249 3209 contra
1287 3139 1631 3211 Romanos
1668 3140 1740 3211 in
1784 3140 1988 3212 terris
2028 3150 2424 3215 nostrorum
2478 3140 2787 3213 fidelium
2833 3140 3152 3236 presidiis
3189 3141 3378 3213 ordi-

559 3260 741 3329 natis
790 3260 880 3331 ad
934 3261 1392 3334 resistendum
1435 3263 1762 3335 Romanis
1806 3264 1865 3335 si
1915 3264 2297 3359 procedere
2362 3266 2798 3359 aliquatenus
2853 3274 3369 3360 attemptarent.

559 3385 932 3478 Speramus
971 3393 1205 3456 autem
1243 3387 1446 3477 juxta
1495 3387 1854 3481 prestitam
1898 3388 2099 3460 nobis
2151 3386 2363 3459 fidem
2418 3399 2490 3461 et
2544 3390 3070 3485 promissionem
3121 3390 3373 3467 infalli-

560 3507 773 3587 bilem
811 3519 1022 3602 atque
1055 3509 1365 3600 firmam,
1404 3513 1594 3604 quod
1636 3514 1939 3587 Ecclesia
1978 3517 2103 3589 Dei
2132 3515 2567 3590 concorditer
2599 3519 3069 3613 providebunt
3107 3524 3200 3597 ad
3238 3549 3371 3623 pu-

558 3632 738 3704 blica
787 3633 1070 3705 dissidia
1121 3635 1569 3707 removenda.
1609 3637 1926 3710 Ceterum
1969 3640 2061 3713 ad
2107 3645 2535 3716 tractandam
2583 3653 2653 3717 et
2700 3646 3157 3719 ordinandam
3200 3672 3368 3722 con·

558 3758 1089 3829 summationem
1172 3759 1693 3833 matrimonialis
1754 3762 2008 3836 federis
2079 3766 2262 3839 inter
2325 3769 2714 3842 Conradum
2777 3771 2847 3842 in
2905 3773 3370 3844 Romanorum

561 3899 793 3971 regem
827 3882 1125 3952 electum
1158 3891 1230 3953 et
1264 3885 1461 3974 regni
1498 3886 2042 3982 lerosolymitani
2074 3888 2403 3963 heredem
2441 3893 2774 3965 dilectum
2805 3893 3023 3965 filium
3054 3907 3367 3967 nostrum

558 3998 625 4072 et
655 4003 1012 4077 Isabellam
1049 4029 1358 4081 sororem
1400 4021 1699 4084 vestram
1739 4009 1874 4111 (2),
1913 4016 2383 4089 venerabilem
2432 4073 2448 4089 .
2482 4075 2495 4090 .
2524 4071 2542 4088 .
2589 4019 3104 4090 cluniacensem
3144 4020 3361 4094 abba-

558 4135 694 4197 tem
755 4125 860 4223 (3)
916 4140 987 4202 et
1039 4133 1442 4225 magistrum
1492 4137 1930 4217 Gualterium
1969 4141 2059 4212 de
2109 4143 2286 4214 Ocra
2346 4143 2689 4214 notarium
2740 4150 2811 4212 et
2858 4141 3135 4216 fidelem
3198 4169 3360 4224 nos-

569 4264 3360 4313 —————————-—-—-—.--.-.—-.-—--

627 4351 693 4423 (t)
727 4354 883 4423 Quod
905 4358 1070 4415 etiam
1097 4359 1292 4432 probat
1317 4362 1404 4418 cui
1431 4362 1643 4421 litterae
1665 4366 1846 4438 reipsa
1871 4366 2197 4439 dirigantur.

628 4448 700 4519 (2)
736 4451 1016 4513 Nescimus
1038 4462 1220 4514 tamen
1242 4466 1310 4515 ex
1332 4458 1614 4516 Guillelmo
1640 4462 1711 4518 de
1735 4463 2007 4533 Nangiaoo
2031 4463 2339 4534 Isabellam,
2369 4465 2470 4522 hoc
2492 4468 2771 4540 repudiato
2794 4475 3156 4549 matrimonio,
3191 4494 3356 4539 sanc-

555 4542 906 4605 timonialium
934 4550 1101 4609 vitam
1129 4554 1184 4610 in
1206 4562 1475 4614 conventu
1502 4557 1846 4630 longicampi
1871 4559 2281 4632 ducere-potius
2308 4561 2581 4621 habuisse.

624 4641 703 4798 (⁴33
730 4643 1034 4799 Quitfizerat
1064 4650 1207 4723 ragis
1230 4650 1557 4711 Francorum
1577 4655 1635 4711 in
1667 4655 1879 4727 negotio
1904 4655 2270 4727 praelatorum
2300 4659 2368 4716 ad
2400 4659 2778 4735 imperatorem
2814 4667 3039 4742 lagatus.
3073 4672 3156 4730 CI.
3185 4691 3351 4750 supra

551 4753 603 4809 p.
710 4784 724 4811 ,
756 4756 826 4798 no
853 4783 868 4798 .
934 4784 951 4800 .

703 4840 810 4904 VI.
2961 4876 3028 4927 13
