4364 5738
958 586 1040 646 50
1953 587 2380 648 FRlDERlCI
2430 588 2778 649 SECUNDI
3394 585 3553 668 [Anu.
3593 587 3768 647 1242.

1198 727 1455 780 monast.
1484 719 1845 797 Wilzburg„
1868 726 1929 779 et
1952 736 2049 795 ap.
2083 723 2347 782 Menum.
2371 722 2557 796 Boio„
2592 728 2734 782 tom.
2768 718 2965 795 XXX,
2987 734 3049 794 p.
3078 726 3216 787 286,
3238 734 3405 778 num.
3450 718 3779 800 maxx,

1199 841 1276 884 ex
1303 825 1573 901 originali
1598 826 1768 901 culus
1792 825 2053 904 siglllum
2084 844 2409 905 appensum
2445 828 2651 905 periit,
2682 822 3125 887 remanentibus
3151 822 3270 884 filis
3296 827 3497 885 sericis
3528 825 3693 886 rubri
3724 834 3784 887 et

1201 931 1345 991 flavi
1373 929 1632 1008 coloris.)

1062 1115 1174 1210 Fr(
1178 1114 1666 1211 idericus)‚Dei
1690 1116 1909 1206 gratia
1927 1119 2391 1191 Romanorum
2426 1118 2797 1213 imperator
2823 1136 3099 1210 semper
3134 1123 3492 1205 augustuS‚
3510 1115 3781 1185 Jerusa-

957 1254 1090 1324 lem
1139 1250 1210 1311 et
1243 1239 1470 1311 Sicilie
1504 1261 1658 1310 rex.
1702 1240 2080 1334 Imperialis
2113 1241 2334 1335 pietas
2360 1241 2542 1313 circa
2585 1239 2923 1312 beneficia
2966 1258 3351 1333 pauperum
3397 1247 3783 1332 promptam

959 1363 1207 1435 merito
1251 1384 1326 1433 se
1369 1363 1718 1450 concedit,
1764 1384 1856 1433 ex
1884 1384 2179 1455 quorum
2213 1363 2672 1453 exhibitione,
2718 1373 2788 1435 et
2829 1361 3225 1456 temporalis
3263 1360 3391 1430 Dei
3449 1360 3666 1450 gratia
3716 1369 3786 1430 et

956 1486 1142 1557 salus
1168 1485 1488 1580 provenit
1516 1486 1958 1579 sempiterna.
1978 1488 2121 1558 Hac
2145 1488 2488 1580 siquidem
2509 1476 3066 1558 'consideratione
3094 1485 3310 1574 ducti,
3344 1483 3434 1555 ad
3463 1484 3783 1555 devotam

961 1606 1532 1703 supplicationem
1569 1629 1882 1680 sororum
1923 1610 2185 1681 ordinis
2223 1611 2443 1682 sancti
2479 1609 2847 1702 Augustini
2887 1607 3073 1704 apud
3109 1605 3569 1677 wizenburch
3612 1605 3784 1678 fide·

962 1729 1132 1802 lium
1187 1741 1615 1821 nostrarum,
1679 1752 1910 1803 aream
1970 1733 2323 1825 quandam
2385 1734 2841 1829 pertinentem
2904 1729 3468 1822 Rudigershuobe
3527 1729 3784 1800 eisdem

962 1855 1292 1927 duximus
1320 1855 1807 1927 conferendam
1840 1877 1965 1951 pro
1994 1856 2296 1952 ipsarum
2330 1857 2686 1928 mansione
2722 1867 3057 1951 perpetuo
3099 1852 3613 1949 possidendam.
3652 1854 3784 1923 Im-

963 1978 1206 2074 periali
1255 1979 1660 2050 auctoritate
1697 1978 2002 2051 districte
2053 1979 2503 2075 precipiendo
2557 1980 2968 2051 mandantes
3018 1979 3344 2070 quatinus
3391 1976 3623 2047 nullus
3667 1975 3779 2065 sit,

965 2102 1085 2195 qui
1112 2102 1293 2197 ipsas
1332 2123 1602 2174 sorores
1637 2102 1707 2172 in
1740 2104 2006 2197 prefata
2038 2124 2202 2174 area
2246 2113 2488 2176 contra
2521 2104 2859 2199 presentis
2892 2100 3352 2173 concessionis
3390 2109 3623 2170 nostre
3661 2121 3783 2193 pa·

961 2226 1193 2318 ginam
1236 2225 1571 2320 impedire
1625 2228 1737 2296 vel
1787 2227 2151 2298 molestare
2186 2237 2566 2322 presumat.
2612 2227 2814 2312 Quod
2860 2227 2979 2321 qui
3020 2224 3551 2321 presumpserit,
3602 2222 3780 2295 indi-

959 2349 1354 2442 gnationem
1391 2349 1607 2420 nostri
1649 2349 1968 2420 culminis
2000 2371 2075 2420 se
2106 2351 2383 2421 noverit
2416 2350 2876 2421 incursurum.
2916 2348 3026 2421 Ad
3065 2348 3274 2440 hujus
3315 2347 3523 2438 igitur
3552 2355 3784 2417 nostre

961 2474 1345 2546 collationis
1394 2473 1696 2544 futuram
1743 2472 2149 2544 memoriam
2206 2483 2276 2543 et
2331 2473 2647 2543 stabilem
2681 2470 3102 2561 firmitatem,
3139 2491 3424 2566 presens
3454 2468 3782 2564 scriptum

961 2595 1113 2667 fieri
1146 2606 1216 2667 et
1246 2595 1626 2686 majestatis
1655 2605 1890 2665 nostre
1916 2594 2140 2686 sigillo
2164 2596 2494 2687 jussimus
2522 2597 2956 2667 communiri.

1057 2718 1311 2790 Datum
1366 2719 1632 2812 Capue,
1691 2739 1877 2789 anno
1937 2717 2281 2790 dominice
2345 2719 2836 2791 incarnationis
2887 2718 3248 2789 millesimo
3313 2713 3784 2787 ducentesimo

965 2839 1493 2935 quadragesimo
1526 2841 1861 2934 secundo,
1895 2863 2132 2915 mense
2170 2842 2428 2934 madi0,
2455 2843 2965 2937 quintedecime
2993 2841 3408 2915 indictionis,

1412 3129 1711 3136 .-..--..---..Δ
1756 3131 1897 3137 -,.,.-
1940 3132 1955 3137 -
2088 3133 2113 3136 ,7
2168 3132 2176 3137 .
2223 3131 2286 3137 -.-
2325 3132 2348 3137 .-
2467 3131 3284 3141 --v-,----————.---0—.-—--—-.-.-.

626 3414 816 3522 “13:332
822 3470 853 3520 ’¹
1078 3382 1491 3490 Imperator
1525 3383 1685 3491 ipse
1720 3384 1816 3466 de
1861 3383 2137 3493 Apulia
2174 3395 2358 3467 tunc
2393 3386 2597 3468 venit
2635 3385 2974 3494 Capuam
3011 3397 3088 3469 et
3132 3388 3309 3470 inde
3343 3414 3477 3497 per
3522 3388 3777 3473 Sanc-

974 3525 1141 3597 tum
1214 3515 1676 3599 Germanum
1739 3527 1813 3598 et
1873 3543 2008 3625 per
2069 3517 2458 3626 Aquinum
2530 3519 2904 3601 transiens
2962 3519 3168 3603 vadit
3228 3521 3327 3603 ad
3390 3521 3779 3606 Civitatem

976 3649 1294 3733 Novam.
1338 3647 1475 3730 Ubi
1511 3674 1644 3757 per
1689 3649 1850 3730 dies
1888 3648 2177 3757 aliquot
2214 3675 2510 3733 moram
2547 3651 2830 3734 faciens
2865 3678 3126 3735 versus
3163 3651 3435 3737 Soram
3471 3655 3678 3738 vadit
3709 3667 3784 3738 et

973 3781 1151 3865 inde
1194 3781 1532 3891 procedit
1576 3780 1654 3861 in
1698 3781 2095 3884 Marsiam,
2141 3780 2273 3863 ubi
2331 3784 2534 3891 apud
2573 3784 3001 3866 Avezanum
3049 3811 3183 3895 per
3231 3795 3475 3869 totum
3530 3787 3782 3895 ipsum

974 3940 1312 3998 mensem
1342 3913 1537 4024 junii
1575 3924 1916 3995 moratus
1952 3923 2092 3996 est.
2138 3914 2334 3996 Ricc.
2381 3919 2474 3996 de
2511 3924 2589 3998 S.
2636 3924 2878 3998 Germ.
2923 3917 3301 4024 chronic„
3342 3945 3467 4028 ap.
3508 3919 3778 4004 Muni-

977 4077 1175 4155 ποι,
1216 4046 1626 4157 scriptor„
1664 4056 1723 4128 t.
1767 4044 1936 4151 VH,
1976 4073 2053 4154 p.
2107 4046 2342 4127 1050.

635 4649 855 4753 ἐξὲξ]
1088 4630 1548 4738 Fridericus,
1592 4632 2109 4716 Romanorum
2143 4634 2585 4743 imperator,
2637 4635 2895 4718 scribit
2927 4634 3470 4743 fidelibus-suis
3507 4635 3778 4718 Terrae
