<?xml version="1.0" encoding="UTF-8"?>
<!DOCTYPE html PUBLIC "-//W3C//DTD XHTML 1.0 Transitional//EN"
    "http://www.w3.org/TR/xhtml1/DTD/xhtml1-transitional.dtd">
<html xmlns="http://www.w3.org/1999/xhtml" xml:lang="en" lang="en">
 <head>
  <title>
</title>
<meta http-equiv="Content-Type" content="text/html;charset=utf-8" />
  <meta name='ocr-system' content='tesseract 3.04.00' />
  <meta name='ocr-capabilities' content='ocr_page ocr_carea ocr_par ocr_line ocrx_word'/>
</head>
<body>
  <div class='ocr_page' id='page_1' title='image "./historiadiploma00degoog_0305.png"; bbox 0 0 4364 5738; ppageno 0'>
   <div class='ocr_carea' id='block_1_1' title="bbox 548 527 3368 643">
    <p class='ocr_par' dir='ltr' id='par_1_1' title="bbox 548 527 3368 643">
     <span class='ocr_line' id='line_1_1' title="bbox 548 527 3368 643; baseline -0.001 -16"><span class='ocrx_word' id='word_1_1' title='bbox 548 568 751 629; x_wconf 69' lang='grc' dir='ltr'>ιιωιω.</span> <span class='ocrx_word' id='word_1_2' title='bbox 783 566 875 643; x_wconf 82' lang='grc'>3.]</span> <span class='ocrx_word' id='word_1_3' title='bbox 1441 564 1842 626; x_wconf 73' lang='grc' dir='ltr'>ΗιετοιιιΑ</span> <span class='ocrx_word' id='word_1_4' title='bbox 1887 527 2487 628; x_wconf 71' lang='lat' dir='ltr'>nlrno&#39;mricA.</span> <span class='ocrx_word' id='word_1_5' title='bbox 3253 562 3368 625; x_wconf 79' lang='lat'>291</span> 
     </span>
    </p>
   </div>
   <div class='ocr_carea' id='block_1_2' title="bbox 550 694 3373 1204">
    <p class='ocr_par' dir='ltr' id='par_1_2' title="bbox 550 694 3373 1204">
     <span class='ocr_line' id='line_1_2' title="bbox 552 694 3371 807; baseline -0.001 -27"><span class='ocrx_word' id='word_1_6' title='bbox 552 709 762 782; x_wconf 90' lang='lat' dir='ltr'>rator</span> <span class='ocrx_word' id='word_1_7' title='bbox 815 694 1510 803; x_wconf 84' lang='lat' dir='ltr'>Constantinopolis</span> <span class='ocrx_word' id='word_1_8' title='bbox 1531 757 1555 802; x_wconf 88' lang='lat'>,</span> <span class='ocrx_word' id='word_1_9' title='bbox 1608 697 1768 779; x_wconf 82' lang='lat' dir='ltr'>dux</span> <span class='ocrx_word' id='word_1_10' title='bbox 1822 698 1955 807; x_wconf 90' lang='lat' dir='ltr'>qui</span> <span class='ocrx_word' id='word_1_11' title='bbox 1990 697 2269 780; x_wconf 92' lang='lat' dir='ltr'>dicitur</span> <span class='ocrx_word' id='word_1_12' title='bbox 2303 695 2654 779; x_wconf 90' lang='lat' dir='ltr'>Austriae</span> <span class='ocrx_word' id='word_1_13' title='bbox 2708 695 3126 806; x_wconf 85' lang='lat' dir='ltr'>Stiriaeque</span> <span class='ocrx_word' id='word_1_14' title='bbox 3148 759 3172 804; x_wconf 88' lang='lat'>,</span> <span class='ocrx_word' id='word_1_15' title='bbox 3213 697 3371 779; x_wconf 85' lang='lat' dir='ltr'>dux</span> 
     </span>
     <span class='ocr_line' id='line_1_3' title="bbox 557 826 3371 935; baseline -0.002 -21"><span class='ocrx_word' id='word_1_16' title='bbox 557 829 1024 935; x_wconf 85' lang='lat' dir='ltr'>Carinthiae,</span> <span class='ocrx_word' id='word_1_17' title='bbox 1071 828 1230 910; x_wconf 83' lang='lat' dir='ltr'>dux</span> <span class='ocrx_word' id='word_1_18' title='bbox 1272 827 1675 912; x_wconf 90' lang='lat' dir='ltr'>Moraviae.</span> <span class='ocrx_word' id='word_1_19' title='bbox 1736 828 1919 911; x_wconf 85' lang='lat' dir='ltr'><strong>Erat</strong></span> <span class='ocrx_word' id='word_1_20' title='bbox 1969 828 2126 911; x_wconf 92' lang='lat' dir='ltr'>illic</span> <span class='ocrx_word' id='word_1_21' title='bbox 2174 828 2569 911; x_wconf 92' lang='lat' dir='ltr'>Eccelinus</span> <span class='ocrx_word' id='word_1_22' title='bbox 2603 828 2698 909; x_wconf 93' lang='lat' dir='ltr'>de</span> <span class='ocrx_word' id='word_1_23' title='bbox 2732 826 3077 911; x_wconf 91' lang='lat' dir='ltr'>Romano</span> <span class='ocrx_word' id='word_1_24' title='bbox 3122 839 3198 911; x_wconf 92' lang='lat' dir='ltr'>et</span> <span class='ocrx_word' id='word_1_25' title='bbox 3243 827 3371 909; x_wconf 92' lang='lat' dir='ltr'>alii</span> 
     </span>
     <span class='ocr_line' id='line_1_4' title="bbox 550 959 3373 1070; baseline 0 -26"><span class='ocrx_word' id='word_1_26' title='bbox 550 961 775 1046; x_wconf 91' lang='lat' dir='ltr'>multi</span> <span class='ocrx_word' id='word_1_27' title='bbox 811 960 1106 1044; x_wconf 91' lang='lat' dir='ltr'>nobiles</span> <span class='ocrx_word' id='word_1_28' title='bbox 1134 972 1209 1043; x_wconf 86' lang='lat' dir='ltr'>et</span> <span class='ocrx_word' id='word_1_29' title='bbox 1239 970 1583 1068; x_wconf 89' lang='lat' dir='ltr'>potentes</span> <span class='ocrx_word' id='word_1_30' title='bbox 1620 961 1755 1070; x_wconf 90' lang='lat' dir='ltr'>qui</span> <span class='ocrx_word' id='word_1_31' title='bbox 1791 971 2084 1069; x_wconf 91' lang='lat' dir='ltr'>partem</span> <span class='ocrx_word' id='word_1_32' title='bbox 2122 960 2598 1070; x_wconf 85' lang='lat' dir='ltr'>imperatoris</span> <span class='ocrx_word' id='word_1_33' title='bbox 2634 959 3016 1042; x_wconf 86' lang='lat' dir='ltr'>fovebant.</span> <span class='ocrx_word' id='word_1_34' title='bbox 3055 960 3373 1044; x_wconf 84' lang='lat' dir='ltr'><strong>Duravit</strong></span> 
     </span>
     <span class='ocr_line' id='line_1_5' title="bbox 550 1080 3370 1204; baseline -0.001 -27"><span class='ocrx_word' id='word_1_35' title='bbox 550 1095 699 1179; x_wconf 94' lang='lat' dir='ltr'>hoc</span> <span class='ocrx_word' id='word_1_36' title='bbox 752 1094 1220 1204; x_wconf 84' lang='lat' dir='ltr'>colloquium</span> <span class='ocrx_word' id='word_1_37' title='bbox 1282 1093 1633 1202; x_wconf 89' lang='lat' dir='ltr'>pluribus</span> <span class='ocrx_word' id='word_1_38' title='bbox 1712 1080 2156 1203; x_wconf 88' lang='lat' dir='ltr'>septimanis</span> <span class='ocrx_word' id='word_1_39' title='bbox 2177 1156 2203 1198; x_wconf 83' lang='lat'>.‚</span> <span class='ocrx_word' id='word_1_40' title='bbox 2260 1118 2400 1175; x_wconf 91' lang='lat' dir='ltr'>nec</span> <span class='ocrx_word' id='word_1_41' title='bbox 2447 1091 2844 1175; x_wconf 91' lang='lat' dir='ltr'>videbatur</span> <span class='ocrx_word' id='word_1_42' title='bbox 2901 1092 3090 1175; x_wconf 90' lang='lat' dir='ltr'>haec</span> <span class='ocrx_word' id='word_1_43' title='bbox 3159 1103 3370 1176; x_wconf 91' lang='lat' dir='ltr'>tanta</span> 
     </span>
    </p>
   </div>
   <div class='ocr_carea' id='block_1_3' title="bbox 552 1202 3362 1468">
    <p class='ocr_par' dir='ltr' id='par_1_3' title="bbox 552 1202 3362 1468">
     <span class='ocr_line' id='line_1_6' title="bbox 553 1202 3362 1336; baseline -0.001 -29"><span class='ocrx_word' id='word_1_44' title='bbox 553 1226 1030 1336; x_wconf 89' lang='lat' dir='ltr'>imperatoris</span> <span class='ocrx_word' id='word_1_45' title='bbox 1076 1251 1259 1307; x_wconf 91' lang='lat' dir='ltr'>cura</span> <span class='ocrx_word' id='word_1_46' title='bbox 1296 1234 1587 1309; x_wconf 90' lang='lat' dir='ltr'>certum</span> <span class='ocrx_word' id='word_1_47' title='bbox 1633 1224 1922 1336; x_wconf 90' lang='lat' dir='ltr'>aliquid</span> <span class='ocrx_word' id='word_1_48' title='bbox 1960 1225 2324 1308; x_wconf 90' lang='lat' dir='ltr'>stabilire.</span> <span class='ocrx_word' id='word_1_49' title='bbox 2374 1222 2774 1305; x_wconf 74' lang='lat' dir='ltr'>Rolandin.</span> <span class='ocrx_word' id='word_1_50' title='bbox 2822 1202 2948 1333; x_wconf 77' lang='lat' dir='ltr'>ap.</span> <span class='ocrx_word' id='word_1_51' title='bbox 2988 1224 3362 1310; x_wconf 68' lang='lat' dir='ltr'>Manuos.</span> 
     </span>
     <span class='ocr_line' id='line_1_7' title="bbox 552 1357 1657 1468; baseline -0.003 -27"><span class='ocrx_word' id='word_1_52' title='bbox 552 1359 966 1468; x_wconf 61' lang='lat' dir='ltr'>Serimon,</span> <span class='ocrx_word' id='word_1_53' title='bbox 1006 1367 1064 1439; x_wconf 92' lang='lat' dir='ltr'>t.</span> <span class='ocrx_word' id='word_1_54' title='bbox 1104 1357 1305 1463; x_wconf 88' lang='lat' dir='ltr'><strong>VIII,</strong></span> <span class='ocrx_word' id='word_1_55' title='bbox 1347 1384 1424 1466; x_wconf 88' lang='lat' dir='ltr'>p.</span> <span class='ocrx_word' id='word_1_56' title='bbox 1468 1359 1657 1440; x_wconf 76' lang='lat'>245.</span> 
     </span>
    </p>
   </div>
   <div class='ocr_carea' id='block_1_4' title="bbox 551 1926 3376 2565">
    <p class='ocr_par' dir='ltr' id='par_1_4' title="bbox 551 1926 3376 2565">
     <span class='ocr_line' id='line_1_8' title="bbox 657 1926 3371 2037; baseline 0.002 -27"><span class='ocrx_word' id='word_1_57' title='bbox 657 1927 1084 2010; x_wconf 89' lang='lat' dir='ltr'>Fridericus</span> <span class='ocrx_word' id='word_1_58' title='bbox 1101 1987 1125 2033; x_wconf 84' lang='lat'>,</span> <span class='ocrx_word' id='word_1_59' title='bbox 1204 1927 1725 2010; x_wconf 91' lang='lat' dir='ltr'>Romanorum</span> <span class='ocrx_word' id='word_1_60' title='bbox 1796 1927 2248 2037; x_wconf 81' lang='lat' dir='ltr'>imperator,</span> <span class='ocrx_word' id='word_1_61' title='bbox 2311 1926 2792 2037; x_wconf 86' lang='lat' dir='ltr'>privilegium</span> <span class='ocrx_word' id='word_1_62' title='bbox 2855 1929 2955 2011; x_wconf 88' lang='lat' dir='ltr'>ab</span> <span class='ocrx_word' id='word_1_63' title='bbox 3023 1955 3165 2014; x_wconf 87' lang='lat' dir='ltr'>avo</span> <span class='ocrx_word' id='word_1_64' title='bbox 3229 1956 3371 2015; x_wconf 90' lang='lat' dir='ltr'>suo</span> 
     </span>
     <span class='ocr_line' id='line_1_9' title="bbox 552 2057 3373 2167; baseline 0.001 -27"><span class='ocrx_word' id='word_1_65' title='bbox 552 2057 934 2141; x_wconf 89' lang='lat' dir='ltr'>Friderico</span> <span class='ocrx_word' id='word_1_66' title='bbox 998 2058 1249 2167; x_wconf 88' lang='lat' dir='ltr'>primo</span> <span class='ocrx_word' id='word_1_67' title='bbox 1282 2120 1308 2164; x_wconf 85' lang='lat'>‚</span> <span class='ocrx_word' id='word_1_68' title='bbox 1375 2061 1471 2139; x_wconf 90' lang='lat'>17</span> <span class='ocrx_word' id='word_1_69' title='bbox 1546 2058 1992 2167; x_wconf 89' lang='lat' dir='ltr'>septembris</span> <span class='ocrx_word' id='word_1_70' title='bbox 2055 2061 2297 2161; x_wconf 82' lang='lat'><strong>1156,</strong></span> <span class='ocrx_word' id='word_1_71' title='bbox 2363 2057 2713 2140; x_wconf 91' lang='lat' dir='ltr'>Heinrico</span> <span class='ocrx_word' id='word_1_72' title='bbox 2782 2058 2957 2141; x_wconf 93' lang='lat' dir='ltr'>duci</span> <span class='ocrx_word' id='word_1_73' title='bbox 3022 2060 3373 2143; x_wconf 89' lang='lat' dir='ltr'>Austriae</span> 
     </span>
     <span class='ocr_line' id='line_1_10' title="bbox 551 2189 3371 2298; baseline 0.001 -27"><span class='ocrx_word' id='word_1_74' title='bbox 551 2215 996 2274; x_wconf 90' lang='lat' dir='ltr'>concessum</span> <span class='ocrx_word' id='word_1_75' title='bbox 1047 2198 1357 2273; x_wconf 87' lang='lat' dir='ltr'>renovat</span> <span class='ocrx_word' id='word_1_76' title='bbox 1400 2202 1474 2272; x_wconf 90' lang='lat' dir='ltr'>et</span> <span class='ocrx_word' id='word_1_77' title='bbox 1517 2190 1956 2296; x_wconf 88' lang='lat' dir='ltr'>confirmat,</span> <span class='ocrx_word' id='word_1_78' title='bbox 1996 2215 2153 2298; x_wconf 90' lang='lat' dir='ltr'>quo</span> <span class='ocrx_word' id='word_1_79' title='bbox 2200 2189 2540 2271; x_wconf 91' lang='lat' dir='ltr'>marchia</span> <span class='ocrx_word' id='word_1_80' title='bbox 2591 2189 2939 2271; x_wconf 88' lang='lat' dir='ltr'>Austriae</span> <span class='ocrx_word' id='word_1_81' title='bbox 2980 2190 3059 2270; x_wconf 94' lang='lat' dir='ltr'>in</span> <span class='ocrx_word' id='word_1_82' title='bbox 3116 2192 3371 2274; x_wconf 93' lang='lat' dir='ltr'>duca-</span> 
     </span>
     <span class='ocr_line' id='line_1_11' title="bbox 558 2320 3376 2428; baseline 0.001 -25"><span class='ocrx_word' id='word_1_83' title='bbox 558 2332 724 2405; x_wconf 86' lang='lat' dir='ltr'>tum</span> <span class='ocrx_word' id='word_1_84' title='bbox 760 2332 1317 2428; x_wconf 66' lang='lat' dir='ltr'>commutatur3</span> <span class='ocrx_word' id='word_1_85' title='bbox 1344 2322 1772 2404; x_wconf 76' lang='lat' dir='ltr'>haereditas</span> <span class='ocrx_word' id='word_1_86' title='bbox 1809 2321 1889 2401; x_wconf 92' lang='lat' dir='ltr'>in</span> <span class='ocrx_word' id='word_1_87' title='bbox 1925 2322 2207 2405; x_wconf 91' lang='lat' dir='ltr'>ducatu</span> <span class='ocrx_word' id='word_1_88' title='bbox 2245 2322 2342 2402; x_wconf 91' lang='lat' dir='ltr'>ad</span> <span class='ocrx_word' id='word_1_89' title='bbox 2377 2320 2576 2403; x_wconf 90' lang='lat' dir='ltr'>filios</span> <span class='ocrx_word' id='word_1_90' title='bbox 2611 2333 2685 2404; x_wconf 87' lang='lat' dir='ltr'>et</span> <span class='ocrx_word' id='word_1_91' title='bbox 2720 2321 2916 2405; x_wconf 88' lang='lat' dir='ltr'>filias</span> <span class='ocrx_word' id='word_1_92' title='bbox 2951 2323 3376 2407; x_wconf 86' lang='lat' dir='ltr'>devolvitur</span> 
     </span>
     <span class='ocr_line' id='line_1_12' title="bbox 556 2454 2235 2565; baseline -0.001 -29"><span class='ocrx_word' id='word_1_93' title='bbox 556 2465 628 2536; x_wconf 91' lang='lat' dir='ltr'>et</span> <span class='ocrx_word' id='word_1_94' title='bbox 662 2455 1056 2565; x_wconf 84' lang='lat' dir='ltr'>privilegia</span> <span class='ocrx_word' id='word_1_95' title='bbox 1091 2455 1308 2537; x_wconf 91' lang='lat' dir='ltr'>ducis</span> <span class='ocrx_word' id='word_1_96' title='bbox 1342 2454 1693 2537; x_wconf 88' lang='lat' dir='ltr'>Austriae</span> <span class='ocrx_word' id='word_1_97' title='bbox 1720 2463 2235 2536; x_wconf 85' lang='lat' dir='ltr'>recensentur.</span> 
     </span>
    </p>
   </div>
   <div class='ocr_carea' id='block_1_5' title="bbox 719 2689 3378 3199">
    <p class='ocr_par' dir='ltr' id='par_1_5' title="bbox 719 2689 3378 3199">
     <span class='ocr_line' id='line_1_13' title="bbox 719 2689 3371 2772; baseline 0 -17"><span class='ocrx_word' id='word_1_98' title='bbox 719 2693 911 2772; x_wconf 82' lang='lat' dir='ltr'>(EdIt.</span> <span class='ocrx_word' id='word_1_99' title='bbox 958 2710 1057 2771; x_wconf 82' lang='lat' dir='ltr'>ap.</span> <span class='ocrx_word' id='word_1_100' title='bbox 1099 2695 1447 2770; x_wconf 74' lang='lat' dir='ltr'>Hnnacorr,</span> <span class='ocrx_word' id='word_1_101' title='bbox 1491 2690 1720 2755; x_wconf 77' lang='lat' dir='ltr'>Geneal.</span> <span class='ocrx_word' id='word_1_102' title='bbox 1762 2691 1859 2753; x_wconf 74' lang='lat' dir='ltr'>der</span> <span class='ocrx_word' id='word_1_103' title='bbox 1890 2691 2056 2753; x_wconf 72' lang='lat' dir='ltr'>haus.</span> <span class='ocrx_word' id='word_1_104' title='bbox 2096 2689 2372 2766; x_wconf 66' lang='lat' dir='ltr'>Habent„</span> <span class='ocrx_word' id='word_1_105' title='bbox 2406 2699 2454 2753; x_wconf 85' lang='lat' dir='ltr'>t.</span> <span class='ocrx_word' id='word_1_106' title='bbox 2495 2693 2588 2770; x_wconf 89' lang='lat'>11,</span> <span class='ocrx_word' id='word_1_107' title='bbox 2630 2709 2693 2769; x_wconf 87' lang='lat' dir='ltr'>p.</span> <span class='ocrx_word' id='word_1_108' title='bbox 2735 2700 2879 2771; x_wconf 80' lang='lat'><strong>281,</strong></span> <span class='ocrx_word' id='word_1_109' title='bbox 2924 2710 2996 2754; x_wconf 86' lang='lat' dir='ltr'>ex</span> <span class='ocrx_word' id='word_1_110' title='bbox 3042 2694 3177 2755; x_wconf 88' lang='lat' dir='ltr'>cod.</span> <span class='ocrx_word' id='word_1_111' title='bbox 3224 2694 3371 2756; x_wconf 84' lang='lat' dir='ltr'>blbl.</span> 
     </span>
     <span class='ocr_line' id='line_1_14' title="bbox 794 2797 3372 2880; baseline 0 -17"><span class='ocrx_word' id='word_1_112' title='bbox 794 2801 990 2863; x_wconf 81' lang='lat' dir='ltr'>Cesar.</span> <span class='ocrx_word' id='word_1_113' title='bbox 1011 2800 1269 2861; x_wconf 85' lang='lat' dir='ltr'>Vindob.</span> <span class='ocrx_word' id='word_1_114' title='bbox 1291 2802 1474 2862; x_wconf 79' lang='lat' dir='ltr'>secui.</span> <span class='ocrx_word' id='word_1_115' title='bbox 1495 2800 1643 2860; x_wconf 86' lang='lat' dir='ltr'><strong>XIII</strong></span> <span class='ocrx_word' id='word_1_116' title='bbox 1666 2800 1842 2876; x_wconf 64' lang='grc' dir='ltr'><strong>(ΗΜ.</strong></span> <span class='ocrx_word' id='word_1_117' title='bbox 1862 2797 2049 2880; x_wconf 65' lang='lat' dir='ltr'>pros„</span> <span class='ocrx_word' id='word_1_118' title='bbox 2065 2807 2130 2858; x_wconf 84' lang='lat' dir='ltr'>n⁰</span> <span class='ocrx_word' id='word_1_119' title='bbox 2155 2797 2296 2878; x_wconf 83' lang='grc'>678)</span> <span class='ocrx_word' id='word_1_120' title='bbox 2313 2815 2331 2871; x_wconf 75' lang='lat'><em>3</em></span> <span class='ocrx_word' id='word_1_121' title='bbox 2349 2800 2453 2876; x_wconf 90' lang='lat' dir='ltr'>qui</span> <span class='ocrx_word' id='word_1_122' title='bbox 2479 2798 2667 2860; x_wconf 80' lang='lat' dir='ltr'>codex</span> <span class='ocrx_word' id='word_1_123' title='bbox 2688 2800 2907 2878; x_wconf 82' lang='lat' dir='ltr'>stylum</span> <span class='ocrx_word' id='word_1_124' title='bbox 2930 2802 3208 2879; x_wconf 78' lang='lat' dir='ltr'>antiquae</span> <span class='ocrx_word' id='word_1_125' title='bbox 3231 2817 3372 2863; x_wconf 84' lang='lat' dir='ltr'>can·</span> 
     </span>
     <span class='ocr_line' id='line_1_15' title="bbox 794 2905 3376 2981; baseline 0.001 -13"><span class='ocrx_word' id='word_1_126' title='bbox 794 2908 1061 2968; x_wconf 78' lang='lat' dir='ltr'>cellarino</span> <span class='ocrx_word' id='word_1_127' title='bbox 1092 2908 1341 2968; x_wconf 83' lang='lat' dir='ltr'>ducatus</span> <span class='ocrx_word' id='word_1_128' title='bbox 1367 2908 1642 2969; x_wconf 85' lang='lat' dir='ltr'>Austriae</span> <span class='ocrx_word' id='word_1_129' title='bbox 1666 2908 1919 2981; x_wconf 85' lang='lat' dir='ltr'>redolet,</span> <span class='ocrx_word' id='word_1_130' title='bbox 1944 2907 2086 2967; x_wconf 89' lang='lat' dir='ltr'>dum</span> <span class='ocrx_word' id='word_1_131' title='bbox 2114 2907 2509 2966; x_wconf 67' lang='lat' dir='ltr'>rationarium</span> <span class='ocrx_word' id='word_1_132' title='bbox 2533 2905 2770 2967; x_wconf 72' lang='lat' dir='ltr'>Austrie</span> <span class='ocrx_word' id='word_1_133' title='bbox 2805 2914 2861 2968; x_wconf 77' lang='lat' dir='ltr'>et</span> <span class='ocrx_word' id='word_1_134' title='bbox 2897 2907 3079 2968; x_wconf 72' lang='lat' dir='ltr'>Stiria</span> <span class='ocrx_word' id='word_1_135' title='bbox 3105 2924 3143 2969; x_wconf 91' lang='lat' dir='ltr'>a</span> <span class='ocrx_word' id='word_1_136' title='bbox 3169 2908 3376 2970; x_wconf 82' lang='lat' dir='ltr'>Banch</span> 
     </span>
     <span class='ocr_line' id='line_1_16' title="bbox 793 3011 3378 3091; baseline 0.002 -21"><span class='ocrx_word' id='word_1_137' title='bbox 793 3011 1016 3071; x_wconf 88' lang='lat' dir='ltr'>editum</span> <span class='ocrx_word' id='word_1_138' title='bbox 1049 3015 1369 3074; x_wconf 79' lang='lat' dir='ltr'>contineat.</span> <span class='ocrx_word' id='word_1_139' title='bbox 1405 3046 1489 3057; x_wconf 92' lang='lat'><strong>—</strong></span> <span class='ocrx_word' id='word_1_140' title='bbox 1524 3013 1787 3073; x_wconf 76' lang='lat' dir='ltr'>Menum.</span> <span class='ocrx_word' id='word_1_141' title='bbox 1826 3012 2033 3086; x_wconf 79' lang='lat' dir='ltr'>Boica,</span> <span class='ocrx_word' id='word_1_142' title='bbox 2072 3018 2122 3072; x_wconf 91' lang='lat' dir='ltr'>t.</span> <span class='ocrx_word' id='word_1_143' title='bbox 2166 3011 2458 3083; x_wconf 82' lang='lat' dir='ltr'><strong>XXVIII,</strong></span> <span class='ocrx_word' id='word_1_144' title='bbox 2502 3029 2640 3089; x_wconf 87' lang='lat' dir='ltr'>pars</span> <span class='ocrx_word' id='word_1_145' title='bbox 2672 3012 2766 3084; x_wconf 88' lang='lat'>11,</span> <span class='ocrx_word' id='word_1_146' title='bbox 2812 3030 2875 3089; x_wconf 85' lang='lat' dir='ltr'>p.</span> <span class='ocrx_word' id='word_1_147' title='bbox 2923 3022 3064 3091; x_wconf 75' lang='lat'><strong>35⁴,</strong></span> <span class='ocrx_word' id='word_1_148' title='bbox 3110 3030 3185 3073; x_wconf 83' lang='lat' dir='ltr'>ex</span> <span class='ocrx_word' id='word_1_149' title='bbox 3229 3014 3378 3076; x_wconf 83' lang='lat' dir='ltr'>libro</span> 
     </span>
     <span class='ocr_line' id='line_1_17' title="bbox 795 3114 3373 3199; baseline 0.002 -23"><span class='ocrx_word' id='word_1_150' title='bbox 795 3118 1008 3192; x_wconf 82' lang='lat' dir='ltr'>copiali</span> <span class='ocrx_word' id='word_1_151' title='bbox 1042 3118 1409 3191; x_wconf 85' lang='lat' dir='ltr'>Pataviensi,</span> <span class='ocrx_word' id='word_1_152' title='bbox 1451 3119 1631 3179; x_wconf 89' lang='lat' dir='ltr'>secnl.</span> <span class='ocrx_word' id='word_1_153' title='bbox 1671 3118 1840 3179; x_wconf 88' lang='lat' dir='ltr'><strong>XIII.</strong></span> <span class='ocrx_word' id='word_1_154' title='bbox 1874 3148 1952 3163; x_wconf 91' lang='lat'>—</span> <span class='ocrx_word' id='word_1_155' title='bbox 1995 3119 2261 3193; x_wconf 80' lang='lat' dir='ltr'>Moarrz,</span> <span class='ocrx_word' id='word_1_156' title='bbox 2301 3118 2690 3178; x_wconf 73' lang='lat' dir='ltr'>commentar.</span> <span class='ocrx_word' id='word_1_157' title='bbox 2721 3114 2861 3197; x_wconf 66' lang='lat' dir='ltr'>dvij.</span> <span class='ocrx_word' id='word_1_158' title='bbox 2891 3119 3018 3180; x_wconf 75' lang='lat' dir='ltr'>crit.</span> <span class='ocrx_word' id='word_1_159' title='bbox 3054 3135 3228 3199; x_wconf 72' lang='lat' dir='ltr'>super</span> <span class='ocrx_word' id='word_1_160' title='bbox 3258 3117 3373 3180; x_wconf 76' lang='lat' dir='ltr'>du·</span> 
     </span>
    </p>
   </div>
   <div class='ocr_carea' id='block_1_6' title="bbox 786 3216 3379 3407">
    <p class='ocr_par' dir='ltr' id='par_1_6' title="bbox 786 3216 3379 3407">
     <span class='ocr_line' id='line_1_18' title="bbox 786 3216 3379 3302; baseline 0.002 -23"><span class='ocrx_word' id='word_1_161' title='bbox 786 3216 933 3298; x_wconf 74' lang='lat' dir='ltr'>pleoe</span> <span class='ocrx_word' id='word_1_162' title='bbox 957 3219 1253 3302; x_wconf 62' lang='lat' dir='ltr'>privileq„</span> <span class='ocrx_word' id='word_1_163' title='bbox 1286 3240 1347 3300; x_wconf 84' lang='lat' dir='ltr'>p.</span> <span class='ocrx_word' id='word_1_164' title='bbox 1383 3232 1480 3284; x_wconf 76' lang='lat'>18.</span> <span class='ocrx_word' id='word_1_165' title='bbox 1511 3223 1677 3283; x_wconf 85' lang='lat' dir='ltr'>Licet</span> <span class='ocrx_word' id='word_1_166' title='bbox 1704 3223 1985 3301; x_wconf 74' lang='lat' dir='ltr'>originale</span> <span class='ocrx_word' id='word_1_167' title='bbox 2010 3223 2300 3300; x_wconf 84' lang='lat' dir='ltr'>privilegii</span> <span class='ocrx_word' id='word_1_168' title='bbox 2337 3222 2614 3283; x_wconf 85' lang='lat' dir='ltr'>Friderici</span> <span class='ocrx_word' id='word_1_169' title='bbox 2648 3224 2824 3299; x_wconf 82' lang='lat' dir='ltr'>primi</span> <span class='ocrx_word' id='word_1_170' title='bbox 2847 3240 3143 3301; x_wconf 79' lang='lat' dir='ltr'>nusquam</span> <span class='ocrx_word' id='word_1_171' title='bbox 3183 3241 3379 3302; x_wconf 81' lang='lat' dir='ltr'>appa-</span> 
     </span>
     <span class='ocr_line' id='line_1_19' title="bbox 796 3326 3187 3407; baseline 0.002 -22"><span class='ocrx_word' id='word_1_172' title='bbox 796 3329 999 3405; x_wconf 87' lang='lat' dir='ltr'>ruerit,</span> <span class='ocrx_word' id='word_1_173' title='bbox 1027 3326 1143 3388; x_wconf 88' lang='lat' dir='ltr'>hoc</span> <span class='ocrx_word' id='word_1_174' title='bbox 1172 3330 1628 3389; x_wconf 81' lang='lat' dir='ltr'>instrumentum</span> <span class='ocrx_word' id='word_1_175' title='bbox 1656 3344 1764 3405; x_wconf 84' lang='lat' dir='ltr'>pro</span> <span class='ocrx_word' id='word_1_176' title='bbox 1788 3331 2044 3407; x_wconf 86' lang='lat' dir='ltr'>genuino</span> <span class='ocrx_word' id='word_1_177' title='bbox 2065 3328 2244 3388; x_wconf 82' lang='lat' dir='ltr'>simul</span> <span class='ocrx_word' id='word_1_178' title='bbox 2273 3333 2333 3387; x_wconf 87' lang='lat' dir='ltr'>et</span> <span class='ocrx_word' id='word_1_179' title='bbox 2358 3330 2585 3388; x_wconf 87' lang='lat' dir='ltr'>sincero</span> <span class='ocrx_word' id='word_1_180' title='bbox 2611 3327 2825 3388; x_wconf 86' lang='lat' dir='ltr'>habere</span> <span class='ocrx_word' id='word_1_181' title='bbox 2856 3328 3187 3407; x_wconf 86' lang='lat' dir='ltr'>debemus.)</span> 
     </span>
    </p>
   </div>
   <div class='ocr_carea' id='block_1_7' title="bbox 554 3537 3383 4742">
    <p class='ocr_par' dir='ltr' id='par_1_7' title="bbox 554 3537 3383 4742">
     <span class='ocr_line' id='line_1_20' title="bbox 653 3537 3379 3616; baseline 0.003 -8"><span class='ocrx_word' id='word_1_182' title='bbox 653 3539 729 3608; x_wconf 90' lang='lat' dir='ltr'>In</span> <span class='ocrx_word' id='word_1_183' title='bbox 774 3539 1056 3609; x_wconf 89' lang='lat' dir='ltr'>nomine</span> <span class='ocrx_word' id='word_1_184' title='bbox 1111 3550 1347 3611; x_wconf 89' lang='lat' dir='ltr'>sancte</span> <span class='ocrx_word' id='word_1_185' title='bbox 1392 3548 1463 3610; x_wconf 89' lang='lat' dir='ltr'>et</span> <span class='ocrx_word' id='word_1_186' title='bbox 1507 3538 1864 3610; x_wconf 89' lang='lat' dir='ltr'>individue</span> <span class='ocrx_word' id='word_1_187' title='bbox 1906 3538 2279 3611; x_wconf 85' lang='lat' dir='ltr'>Trinitatis.</span> <span class='ocrx_word' id='word_1_188' title='bbox 2318 3537 2704 3612; x_wconf 89' lang='lat' dir='ltr'>Fridericus</span> <span class='ocrx_word' id='word_1_189' title='bbox 2747 3542 3093 3614; x_wconf 90' lang='lat' dir='ltr'>secundus</span> <span class='ocrx_word' id='word_1_190' title='bbox 3143 3542 3379 3616; x_wconf 90' lang='lat' dir='ltr'>divina</span> 
     </span>
     <span class='ocr_line' id='line_1_21' title="bbox 555 3661 3378 3758; baseline 0.003 -28"><span class='ocrx_word' id='word_1_191' title='bbox 555 3661 831 3733; x_wconf 84' lang='lat' dir='ltr'>favente</span> <span class='ocrx_word' id='word_1_192' title='bbox 880 3662 1247 3733; x_wconf 86' lang='lat' dir='ltr'>clementia</span> <span class='ocrx_word' id='word_1_193' title='bbox 1286 3661 1756 3734; x_wconf 87' lang='lat' dir='ltr'>Romanorum</span> <span class='ocrx_word' id='word_1_194' title='bbox 1790 3661 2166 3756; x_wconf 87' lang='lat' dir='ltr'>imperator</span> <span class='ocrx_word' id='word_1_195' title='bbox 2194 3684 2470 3758; x_wconf 88' lang='lat' dir='ltr'>semper</span> <span class='ocrx_word' id='word_1_196' title='bbox 2499 3673 2859 3754; x_wconf 75' lang='lat' dir='ltr'>augustuS‚</span> <span class='ocrx_word' id='word_1_197' title='bbox 2890 3665 3271 3736; x_wconf 87' lang='lat' dir='ltr'>Jerusalem</span> <span class='ocrx_word' id='word_1_198' title='bbox 3309 3677 3378 3739; x_wconf 92' lang='lat' dir='ltr'>et</span> 
     </span>
     <span class='ocr_line' id='line_1_22' title="bbox 554 3782 3381 3879; baseline 0.002 -26"><span class='ocrx_word' id='word_1_199' title='bbox 554 3782 781 3855; x_wconf 87' lang='lat' dir='ltr'>Sicilie</span> <span class='ocrx_word' id='word_1_200' title='bbox 802 3806 954 3856; x_wconf 85' lang='lat' dir='ltr'>rex.</span> <span class='ocrx_word' id='word_1_201' title='bbox 968 3784 1177 3857; x_wconf 86' lang='lat' dir='ltr'>Iustis</span> <span class='ocrx_word' id='word_1_202' title='bbox 1194 3785 1585 3879; x_wconf 89' lang='lat' dir='ltr'>principum</span> <span class='ocrx_word' id='word_1_203' title='bbox 1603 3793 1997 3855; x_wconf 90' lang='lat' dir='ltr'>nostrorum</span> <span class='ocrx_word' id='word_1_204' title='bbox 2012 3783 2463 3878; x_wconf 86' lang='lat' dir='ltr'>petitionibus</span> <span class='ocrx_word' id='word_1_205' title='bbox 2486 3785 3044 3858; x_wconf 90' lang='lat' dir='ltr'>condescendere</span> <span class='ocrx_word' id='word_1_206' title='bbox 3067 3787 3381 3878; x_wconf 83' lang='lat' dir='ltr'>cogimur</span> 
     </span>
     <span class='ocr_line' id='line_1_23' title="bbox 556 3906 3377 4004; baseline 0.001 -26"><span class='ocrx_word' id='word_1_207' title='bbox 556 3927 729 3999; x_wconf 86' lang='lat' dir='ltr'>quas</span> <span class='ocrx_word' id='word_1_208' title='bbox 755 3907 888 3979; x_wconf 89' lang='lat' dir='ltr'>nisi</span> <span class='ocrx_word' id='word_1_209' title='bbox 904 3907 1380 3979; x_wconf 81' lang='lat' dir='ltr'>favorabiliter</span> <span class='ocrx_word' id='word_1_210' title='bbox 1404 3907 1827 3996; x_wconf 77' lang='lat' dir='ltr'>audiremuS,</span> <span class='ocrx_word' id='word_1_211' title='bbox 1844 3906 2178 3979; x_wconf 88' lang='lat' dir='ltr'>obaudire</span> <span class='ocrx_word' id='word_1_212' title='bbox 2204 3907 2394 4001; x_wconf 90' lang='lat' dir='ltr'>quod</span> <span class='ocrx_word' id='word_1_213' title='bbox 2416 3908 2599 3998; x_wconf 85' lang='lat' dir='ltr'>juste</span> <span class='ocrx_word' id='word_1_214' title='bbox 2628 3908 2886 4002; x_wconf 88' lang='lat' dir='ltr'>petitur</span> <span class='ocrx_word' id='word_1_215' title='bbox 2910 3930 3038 4004; x_wconf 88' lang='lat' dir='ltr'>per</span> <span class='ocrx_word' id='word_1_216' title='bbox 3054 3909 3377 4001; x_wconf 89' lang='lat' dir='ltr'>injuriam</span> 
     </span>
     <span class='ocr_line' id='line_1_24' title="bbox 554 4028 3381 4127; baseline 0.002 -26"><span class='ocrx_word' id='word_1_217' title='bbox 554 4028 974 4102; x_wconf 86' lang='lat' dir='ltr'>videremur.</span> <span class='ocrx_word' id='word_1_218' title='bbox 1012 4031 1113 4103; x_wconf 90' lang='lat' dir='ltr'>Ea</span> <span class='ocrx_word' id='word_1_219' title='bbox 1155 4040 1438 4125; x_wconf 90' lang='lat' dir='ltr'>propter</span> <span class='ocrx_word' id='word_1_220' title='bbox 1478 4052 1607 4125; x_wconf 89' lang='lat' dir='ltr'>per</span> <span class='ocrx_word' id='word_1_221' title='bbox 1643 4051 1929 4124; x_wconf 88' lang='lat' dir='ltr'>presens</span> <span class='ocrx_word' id='word_1_222' title='bbox 1964 4029 2404 4124; x_wconf 81' lang='lat' dir='ltr'>privilegium</span> <span class='ocrx_word' id='word_1_223' title='bbox 2435 4031 2709 4102; x_wconf 89' lang='lat' dir='ltr'>noverit</span> <span class='ocrx_word' id='word_1_224' title='bbox 2740 4041 2880 4101; x_wconf 91' lang='lat' dir='ltr'>tam</span> <span class='ocrx_word' id='word_1_225' title='bbox 2912 4053 3199 4127; x_wconf 91' lang='lat' dir='ltr'>presens</span> <span class='ocrx_word' id='word_1_226' title='bbox 3231 4044 3381 4107; x_wconf 88' lang='lat' dir='ltr'>etas</span> 
     </span>
     <span class='ocr_line' id='line_1_25' title="bbox 555 4150 3378 4253; baseline 0.003 -31"><span class='ocrx_word' id='word_1_227' title='bbox 555 4167 768 4242; x_wconf 86' lang='lat' dir='ltr'>quam</span> <span class='ocrx_word' id='word_1_228' title='bbox 820 4174 1224 4225; x_wconf 90' lang='lat' dir='ltr'>successura</span> <span class='ocrx_word' id='word_1_229' title='bbox 1269 4152 1636 4250; x_wconf 86' lang='lat' dir='ltr'>posteritas</span> <span class='ocrx_word' id='word_1_230' title='bbox 1687 4150 1880 4245; x_wconf 89' lang='lat' dir='ltr'>quod</span> <span class='ocrx_word' id='word_1_231' title='bbox 1931 4151 2317 4223; x_wconf 87' lang='lat' dir='ltr'>Fridericus</span> <span class='ocrx_word' id='word_1_232' title='bbox 2371 4152 2522 4224; x_wconf 81' lang='lat' dir='ltr'>dux</span> <span class='ocrx_word' id='word_1_233' title='bbox 2570 4152 2845 4224; x_wconf 89' lang='lat' dir='ltr'>Austrie</span> <span class='ocrx_word' id='word_1_234' title='bbox 2893 4165 2965 4226; x_wconf 91' lang='lat' dir='ltr'>et</span> <span class='ocrx_word' id='word_1_235' title='bbox 3020 4157 3246 4253; x_wconf 79' lang='lat' dir='ltr'>Styrie</span> <span class='ocrx_word' id='word_1_236' title='bbox 3293 4179 3378 4232; x_wconf 86' lang='lat' dir='ltr'>ac</span> 
     </span>
     <span class='ocr_line' id='line_1_26' title="bbox 556 4272 3378 4372; baseline 0.004 -28"><span class='ocrx_word' id='word_1_237' title='bbox 556 4272 878 4347; x_wconf 90' lang='lat' dir='ltr'>dominus</span> <span class='ocrx_word' id='word_1_238' title='bbox 932 4276 1284 4367; x_wconf 87' lang='lat' dir='ltr'>Karniole,</span> <span class='ocrx_word' id='word_1_239' title='bbox 1321 4276 1615 4348; x_wconf 89' lang='lat' dir='ltr'>dilectus</span> <span class='ocrx_word' id='word_1_240' title='bbox 1662 4276 1986 4370; x_wconf 87' lang='lat' dir='ltr'>princeps</span> <span class='ocrx_word' id='word_1_241' title='bbox 2017 4295 2101 4345; x_wconf 91' lang='lat' dir='ltr'>ac</span> <span class='ocrx_word' id='word_1_242' title='bbox 2133 4275 2688 4366; x_wconf 83' lang='lat' dir='ltr'>consanguineus</span> <span class='ocrx_word' id='word_1_243' title='bbox 2721 4287 2986 4369; x_wconf 90' lang='lat' dir='ltr'>noster,</span> <span class='ocrx_word' id='word_1_244' title='bbox 3023 4279 3378 4372; x_wconf 89' lang='lat' dir='ltr'>quoddam</span> 
     </span>
     <span class='ocr_line' id='line_1_27' title="bbox 554 4395 3375 4493; baseline 0.005 -28"><span class='ocrx_word' id='word_1_245' title='bbox 554 4395 997 4490; x_wconf 82' lang='lat' dir='ltr'>privilegium</span> <span class='ocrx_word' id='word_1_246' title='bbox 1024 4398 1166 4471; x_wconf 89' lang='lat' dir='ltr'>divi</span> <span class='ocrx_word' id='word_1_247' title='bbox 1196 4400 1474 4491; x_wconf 81' lang='lat' dir='ltr'>augusti</span> <span class='ocrx_word' id='word_1_248' title='bbox 1501 4398 1939 4493; x_wconf 86' lang='lat' dir='ltr'>imperatoris</span> <span class='ocrx_word' id='word_1_249' title='bbox 1968 4397 2322 4489; x_wconf 87' lang='lat' dir='ltr'>quondam</span> <span class='ocrx_word' id='word_1_250' title='bbox 2359 4399 2685 4471; x_wconf 89' lang='lat' dir='ltr'>Friderici</span> <span class='ocrx_word' id='word_1_251' title='bbox 2717 4401 2834 4471; x_wconf 91' lang='lat' dir='ltr'>avi</span> <span class='ocrx_word' id='word_1_252' title='bbox 2863 4403 3082 4475; x_wconf 87' lang='lat' dir='ltr'>nostri</span> <span class='ocrx_word' id='word_1_253' title='bbox 3109 4426 3375 4479; x_wconf 90' lang='lat' dir='ltr'>memo·</span> 
     </span>
     <span class='ocr_line' id='line_1_28' title="bbox 555 4516 3383 4614; baseline 0.005 -28"><span class='ocrx_word' id='word_1_254' title='bbox 555 4516 658 4587; x_wconf 90' lang='lat' dir='ltr'>rie</span> <span class='ocrx_word' id='word_1_255' title='bbox 689 4518 1058 4590; x_wconf 90' lang='lat' dir='ltr'>recolende</span> <span class='ocrx_word' id='word_1_256' title='bbox 1085 4520 1405 4592; x_wconf 88' lang='lat' dir='ltr'>Heinrico</span> <span class='ocrx_word' id='word_1_257' title='bbox 1435 4521 1790 4613; x_wconf 90' lang='lat' dir='ltr'>quondam</span> <span class='ocrx_word' id='word_1_258' title='bbox 1821 4517 1982 4590; x_wconf 89' lang='lat' dir='ltr'>duci</span> <span class='ocrx_word' id='word_1_259' title='bbox 2008 4516 2285 4591; x_wconf 88' lang='lat' dir='ltr'>Austrie</span> <span class='ocrx_word' id='word_1_260' title='bbox 2305 4540 2569 4614; x_wconf 89' lang='lat' dir='ltr'>proavo</span> <span class='ocrx_word' id='word_1_261' title='bbox 2607 4542 2734 4593; x_wconf 93' lang='lat' dir='ltr'>suo</span> <span class='ocrx_word' id='word_1_262' title='bbox 2760 4522 3135 4598; x_wconf 90' lang='lat' dir='ltr'>liberaliter</span> <span class='ocrx_word' id='word_1_263' title='bbox 3154 4527 3383 4600; x_wconf 88' lang='lat' dir='ltr'>indul·</span> 
     </span>
     <span class='ocr_line' id='line_1_29' title="bbox 556 4640 3379 4742; baseline 0.004 -31"><span class='ocrx_word' id='word_1_264' title='bbox 556 4649 702 4711; x_wconf 92' lang='lat' dir='ltr'>tum</span> <span class='ocrx_word' id='word_1_265' title='bbox 734 4650 972 4714; x_wconf 88' lang='lat' dir='ltr'>nostro</span> <span class='ocrx_word' id='word_1_266' title='bbox 1004 4642 1288 4742; x_wconf 88' lang='lat' dir='ltr'>culmini</span> <span class='ocrx_word' id='word_1_267' title='bbox 1319 4643 1779 4737; x_wconf 87' lang='lat' dir='ltr'>presentavit,</span> <span class='ocrx_word' id='word_1_268' title='bbox 1813 4640 2213 4737; x_wconf 88' lang='lat' dir='ltr'>supplicans</span> <span class='ocrx_word' id='word_1_269' title='bbox 2247 4643 2578 4717; x_wconf 88' lang='lat' dir='ltr'>attentius</span> <span class='ocrx_word' id='word_1_270' title='bbox 2615 4655 2695 4717; x_wconf 87' lang='lat' dir='ltr'>nt</span> <span class='ocrx_word' id='word_1_271' title='bbox 2734 4646 2799 4717; x_wconf 93' lang='lat' dir='ltr'>ei</span> <span class='ocrx_word' id='word_1_272' title='bbox 2838 4647 3012 4721; x_wconf 87' lang='lat' dir='ltr'>illud</span> <span class='ocrx_word' id='word_1_273' title='bbox 3044 4672 3379 4724; x_wconf 89' lang='lat' dir='ltr'>renovare</span> 
     </span>
    </p>
   </div>
   <div class='ocr_carea' id='block_1_8' title="bbox 3493 1943 3723 2051">
    <p class='ocr_par' dir='ltr' id='par_1_8' title="bbox 3493 1943 3723 2051">
     <span class='ocr_line' id='line_1_30' title="bbox 3493 1943 3723 1998; baseline 0.009 -13"><span class='ocrx_word' id='word_1_274' title='bbox 3493 1943 3692 1987; x_wconf 76' lang='lat' dir='ltr'>Veronae</span> <span class='ocrx_word' id='word_1_275' title='bbox 3701 1974 3723 1998; x_wconf 82' lang='lat'>,</span> 
     </span>
     <span class='ocr_line' id='line_1_31' title="bbox 3534 1998 3683 2051; baseline -0.013 -8"><span class='ocrx_word' id='word_1_276' title='bbox 3534 1998 3683 2051; x_wconf 72' lang='lat' dir='ltr'>lunio.</span> 
     </span>
    </p>
   </div>
  </div>
 </body>
</html>
