<?xml version="1.0" encoding="UTF-8"?>
<!DOCTYPE html PUBLIC "-//W3C//DTD XHTML 1.0 Transitional//EN"
    "http://www.w3.org/TR/xhtml1/DTD/xhtml1-transitional.dtd">
<html xmlns="http://www.w3.org/1999/xhtml" xml:lang="en" lang="en">
 <head>
  <title>
</title>
<meta http-equiv="Content-Type" content="text/html;charset=utf-8" />
  <meta name='ocr-system' content='tesseract 3.04.00' />
  <meta name='ocr-capabilities' content='ocr_page ocr_carea ocr_par ocr_line ocrx_word'/>
</head>
<body>
  <div class='ocr_page' id='page_1' title='image "./historiadiploma00degoog_0408.png"; bbox 0 0 4364 5738; ppageno 0'>
   <div class='ocr_carea' id='block_1_1' title="bbox 1086 582 3904 662">
    <p class='ocr_par' dir='ltr' id='par_1_1' title="bbox 1086 582 3904 662">
     <span class='ocr_line' id='line_1_1' title="bbox 1086 582 3904 662; baseline -0.002 -11"><span class='ocrx_word' id='word_1_1' title='bbox 1086 585 1211 651; x_wconf 79' lang='lat'>392</span> <span class='ocrx_word' id='word_1_2' title='bbox 2084 583 2514 647; x_wconf 70' lang='lat' dir='ltr'>ramnum!</span> <span class='ocrx_word' id='word_1_3' title='bbox 2560 582 2911 647; x_wconf 68' lang='lat' dir='ltr'>suenum</span> <span class='ocrx_word' id='word_1_4' title='bbox 3528 582 3696 662; x_wconf 76' lang='lat' dir='ltr'>[An.</span> <span class='ocrx_word' id='word_1_5' title='bbox 3731 582 3904 646; x_wconf 73' lang='lat'><strong>1246.</strong></span> 
     </span>
    </p>
   </div>
   <div class='ocr_carea' id='block_1_2' title="bbox 1087 716 3913 4753">
    <p class='ocr_par' dir='ltr' id='par_1_2' title="bbox 1087 716 3913 4753">
     <span class='ocr_line' id='line_1_2' title="bbox 1090 716 3908 815; baseline -0 -23"><span class='ocrx_word' id='word_1_6' title='bbox 1090 720 1396 812; x_wconf 73' lang='lat' dir='ltr'>legitime</span> <span class='ocrx_word' id='word_1_7' title='bbox 1423 718 1935 815; x_wconf 80' lang='lat' dir='ltr'>probarentur?</span> <span class='ocrx_word' id='word_1_8' title='bbox 1952 718 2212 792; x_wconf 84' lang='lat' dir='ltr'>Verum</span> <span class='ocrx_word' id='word_1_9' title='bbox 2230 740 2408 813; x_wconf 87' lang='lat' dir='ltr'>quos</span> <span class='ocrx_word' id='word_1_10' title='bbox 2432 718 2882 792; x_wconf 86' lang='lat' dir='ltr'>sacerdotalis</span> <span class='ocrx_word' id='word_1_11' title='bbox 2907 717 3008 790; x_wconf 92' lang='lat' dir='ltr'>sic</span> <span class='ocrx_word' id='word_1_12' title='bbox 3033 716 3314 789; x_wconf 79' lang='lat' dir='ltr'>infestat</span> <span class='ocrx_word' id='word_1_13' title='bbox 3345 716 3588 789; x_wconf 78' lang='lat' dir='ltr'>abusio</span> <span class='ocrx_word' id='word_1_14' title='bbox 3605 726 3908 812; x_wconf 85' lang='lat' dir='ltr'>potesta·</span> 
     </span>
     <span class='ocr_line' id='line_1_3' title="bbox 1091 839 3901 938; baseline 0 -25"><span class='ocrx_word' id='word_1_15' title='bbox 1091 842 1178 914; x_wconf 91' lang='lat' dir='ltr'>tis</span> <span class='ocrx_word' id='word_1_16' title='bbox 1216 851 1289 914; x_wconf 92' lang='lat' dir='ltr'>et</span> <span class='ocrx_word' id='word_1_17' title='bbox 1320 862 1366 913; x_wconf 91' lang='lat' dir='ltr'>a</span> <span class='ocrx_word' id='word_1_18' title='bbox 1392 863 1664 916; x_wconf 88' lang='lat' dir='ltr'>summo</span> <span class='ocrx_word' id='word_1_19' title='bbox 1690 851 1982 916; x_wconf 88' lang='lat' dir='ltr'>conatur</span> <span class='ocrx_word' id='word_1_20' title='bbox 2007 842 2421 938; x_wconf 79' lang='lat' dir='ltr'>precipitare</span> <span class='ocrx_word' id='word_1_21' title='bbox 2448 842 2807 930; x_wconf 90' lang='lat' dir='ltr'>deorsum,</span> <span class='ocrx_word' id='word_1_22' title='bbox 2841 861 2976 913; x_wconf 91' lang='lat' dir='ltr'>nec</span> <span class='ocrx_word' id='word_1_23' title='bbox 3005 839 3210 937; x_wconf 87' lang='lat' dir='ltr'>primi</span> <span class='ocrx_word' id='word_1_24' title='bbox 3234 861 3475 914; x_wconf 88' lang='lat' dir='ltr'>sumus</span> <span class='ocrx_word' id='word_1_25' title='bbox 3497 860 3632 912; x_wconf 93' lang='lat' dir='ltr'>nec</span> <span class='ocrx_word' id='word_1_26' title='bbox 3656 839 3901 913; x_wconf 91' lang='lat' dir='ltr'>ultimi.</span> 
     </span>
     <span class='ocr_line' id='line_1_4' title="bbox 1087 962 3909 1058; baseline -0.001 -21"><span class='ocrx_word' id='word_1_27' title='bbox 1087 965 1178 1037; x_wconf 87' lang='lat' dir='ltr'>Et</span> <span class='ocrx_word' id='word_1_28' title='bbox 1206 964 1343 1038; x_wconf 90' lang='lat' dir='ltr'>hoc</span> <span class='ocrx_word' id='word_1_29' title='bbox 1381 964 1667 1058; x_wconf 91' lang='lat' dir='ltr'>quidem</span> <span class='ocrx_word' id='word_1_30' title='bbox 1702 986 1831 1038; x_wconf 88' lang='lat' dir='ltr'>vos</span> <span class='ocrx_word' id='word_1_31' title='bbox 1873 964 2098 1038; x_wconf 82' lang='lat' dir='ltr'>facitis</span> <span class='ocrx_word' id='word_1_32' title='bbox 2132 965 2545 1039; x_wconf 78' lang='lat' dir='ltr'>obedientes</span> <span class='ocrx_word' id='word_1_33' title='bbox 2584 963 3099 1038; x_wconf 67' lang='lat' dir='ltr'>simulatoribus</span> <span class='ocrx_word' id='word_1_34' title='bbox 3146 962 3532 1036; x_wconf 83' lang='lat' dir='ltr'>sanctitatis</span> <span class='ocrx_word' id='word_1_35' title='bbox 3546 1015 3568 1053; x_wconf 99' lang='lat'>,</span> <span class='ocrx_word' id='word_1_36' title='bbox 3614 984 3909 1057; x_wconf 90' lang='lat' dir='ltr'>quorum</span> 
     </span>
     <span class='ocr_line' id='line_1_5' title="bbox 1089 1085 3906 1184; baseline 0 -26"><span class='ocrx_word' id='word_1_37' title='bbox 1089 1098 1325 1184; x_wconf 87' lang='lat' dir='ltr'>sperat</span> <span class='ocrx_word' id='word_1_38' title='bbox 1363 1088 1650 1160; x_wconf 85' lang='lat' dir='ltr'>ambitio</span> <span class='ocrx_word' id='word_1_39' title='bbox 1681 1089 1872 1182; x_wconf 90' lang='lat' dir='ltr'>quod</span> <span class='ocrx_word' id='word_1_40' title='bbox 1918 1097 2103 1161; x_wconf 91' lang='lat' dir='ltr'>totus</span> <span class='ocrx_word' id='word_1_41' title='bbox 2138 1089 2478 1162; x_wconf 82' lang='lat' dir='ltr'>Iordanes</span> <span class='ocrx_word' id='word_1_42' title='bbox 2521 1088 2764 1161; x_wconf 83' lang='lat' dir='ltr'>influat</span> <span class='ocrx_word' id='word_1_43' title='bbox 2797 1089 2871 1159; x_wconf 92' lang='lat' dir='ltr'>in</span> <span class='ocrx_word' id='word_1_44' title='bbox 2902 1108 2983 1160; x_wconf 88' lang='lat' dir='ltr'>os</span> <span class='ocrx_word' id='word_1_45' title='bbox 3014 1107 3244 1158; x_wconf 89' lang='lat' dir='ltr'>suum.</span> <span class='ocrx_word' id='word_1_46' title='bbox 3279 1085 3340 1159; x_wconf 91' lang='grc' dir='ltr'><strong>Ο</strong></span> <span class='ocrx_word' id='word_1_47' title='bbox 3380 1086 3439 1157; x_wconf 92' lang='lat' dir='ltr'>si</span> <span class='ocrx_word' id='word_1_48' title='bbox 3478 1097 3712 1158; x_wconf 86' lang='lat' dir='ltr'>vestre</span> <span class='ocrx_word' id='word_1_49' title='bbox 3758 1107 3906 1159; x_wconf 91' lang='lat' dir='ltr'>cre·</span> 
     </span>
     <span class='ocr_line' id='line_1_6' title="bbox 1091 1207 3910 1308; baseline -0.001 -24"><span class='ocrx_word' id='word_1_50' title='bbox 1091 1212 1401 1285; x_wconf 85' lang='lat' dir='ltr'>dulitatis</span> <span class='ocrx_word' id='word_1_51' title='bbox 1434 1211 1839 1307; x_wconf 86' lang='lat' dir='ltr'>simplicitas</span> <span class='ocrx_word' id='word_1_52' title='bbox 1868 1234 1911 1283; x_wconf 90' lang='lat' dir='ltr'>a</span> <span class='ocrx_word' id='word_1_53' title='bbox 1943 1212 2327 1284; x_wconf 87' lang='lat' dir='ltr'>scribarum</span> <span class='ocrx_word' id='word_1_54' title='bbox 2365 1221 2437 1283; x_wconf 91' lang='lat' dir='ltr'>et</span> <span class='ocrx_word' id='word_1_55' title='bbox 2474 1210 2952 1308; x_wconf 89' lang='lat' dir='ltr'>phariseorum</span> <span class='ocrx_word' id='word_1_56' title='bbox 2987 1209 3364 1300; x_wconf 80' lang='lat' dir='ltr'>fermento,</span> <span class='ocrx_word' id='word_1_57' title='bbox 3402 1209 3599 1303; x_wconf 85' lang='lat' dir='ltr'>quod</span> <span class='ocrx_word' id='word_1_58' title='bbox 3637 1219 3746 1281; x_wconf 88' lang='lat' dir='ltr'>est</span> <span class='ocrx_word' id='word_1_59' title='bbox 3782 1207 3910 1304; x_wconf 77' lang='lat' dir='ltr'>hy·</span> 
     </span>
     <span class='ocr_line' id='line_1_7' title="bbox 1091 1332 3910 1432; baseline -0.001 -25"><span class='ocrx_word' id='word_1_60' title='bbox 1091 1336 1414 1432; x_wconf 86' lang='lat' dir='ltr'>pocrisis,</span> <span class='ocrx_word' id='word_1_61' title='bbox 1450 1337 1659 1428; x_wconf 83' lang='lat' dir='ltr'>juxta</span> <span class='ocrx_word' id='word_1_62' title='bbox 1707 1334 2123 1407; x_wconf 87' lang='lat' dir='ltr'>sententiam</span> <span class='ocrx_word' id='word_1_63' title='bbox 2155 1335 2569 1424; x_wconf 87' lang='lat' dir='ltr'>Salvatoris,</span> <span class='ocrx_word' id='word_1_64' title='bbox 2604 1335 2737 1407; x_wconf 91' lang='lat' dir='ltr'>sibi</span> <span class='ocrx_word' id='word_1_65' title='bbox 2767 1343 3044 1406; x_wconf 87' lang='lat' dir='ltr'>curaret</span> <span class='ocrx_word' id='word_1_66' title='bbox 3078 1332 3476 1423; x_wconf 87' lang='lat' dir='ltr'>attendere,</span> <span class='ocrx_word' id='word_1_67' title='bbox 3514 1341 3690 1424; x_wconf 91' lang='lat' dir='ltr'>quot</span> <span class='ocrx_word' id='word_1_68' title='bbox 3731 1332 3910 1404; x_wconf 88' lang='lat' dir='ltr'>illius</span> 
     </span>
     <span class='ocr_line' id='line_1_8' title="bbox 1090 1454 3909 1556; baseline -0.001 -24"><span class='ocrx_word' id='word_1_69' title='bbox 1090 1458 1282 1532; x_wconf 88' lang='lat' dir='ltr'>curie</span> <span class='ocrx_word' id='word_1_70' title='bbox 1321 1458 1785 1553; x_wconf 83' lang='lat' dir='ltr'>turpitudines</span> <span class='ocrx_word' id='word_1_71' title='bbox 1817 1458 2134 1531; x_wconf 85' lang='lat' dir='ltr'>execrari</span> <span class='ocrx_word' id='word_1_72' title='bbox 2169 1459 2492 1556; x_wconf 76' lang='lat' dir='ltr'>possetiS,</span> <span class='ocrx_word' id='word_1_73' title='bbox 2517 1480 2693 1552; x_wconf 89' lang='lat' dir='ltr'>quas</span> <span class='ocrx_word' id='word_1_74' title='bbox 2724 1457 3055 1530; x_wconf 89' lang='lat' dir='ltr'>honestas</span> <span class='ocrx_word' id='word_1_75' title='bbox 3078 1467 3152 1529; x_wconf 90' lang='lat' dir='ltr'>et</span> <span class='ocrx_word' id='word_1_76' title='bbox 3177 1455 3403 1552; x_wconf 89' lang='lat' dir='ltr'>pudor</span> <span class='ocrx_word' id='word_1_77' title='bbox 3432 1454 3760 1550; x_wconf 89' lang='lat' dir='ltr'>prohibet</span> <span class='ocrx_word' id='word_1_78' title='bbox 3786 1477 3909 1529; x_wconf 87' lang='lat' dir='ltr'>nos</span> 
     </span>
     <span class='ocr_line' id='line_1_9' title="bbox 1093 1578 3907 1678; baseline 0 -27"><span class='ocrx_word' id='word_1_79' title='bbox 1093 1581 1332 1652; x_wconf 83' lang='lat' dir='ltr'>effari?</span> <span class='ocrx_word' id='word_1_80' title='bbox 1365 1582 1544 1652; x_wconf 92' lang='lat' dir='ltr'>Sane</span> <span class='ocrx_word' id='word_1_81' title='bbox 1583 1580 1897 1654; x_wconf 86' lang='lat' dir='ltr'>redditus</span> <span class='ocrx_word' id='word_1_82' title='bbox 1926 1581 2223 1678; x_wconf 90' lang='lat' dir='ltr'>copiosi,</span> <span class='ocrx_word' id='word_1_83' title='bbox 2277 1582 2532 1677; x_wconf 90' lang='lat' dir='ltr'>quibus</span> <span class='ocrx_word' id='word_1_84' title='bbox 2574 1603 2669 1653; x_wconf 88' lang='lat' dir='ltr'>ex</span> <span class='ocrx_word' id='word_1_85' title='bbox 2699 1580 3004 1677; x_wconf 91' lang='lat' dir='ltr'>plurium</span> <span class='ocrx_word' id='word_1_86' title='bbox 3039 1578 3629 1675; x_wconf 88' lang='lat' dir='ltr'>depauperatione</span> <span class='ocrx_word' id='word_1_87' title='bbox 3660 1600 3907 1672; x_wconf 79' lang='lat' dir='ltr'>regno-</span> 
     </span>
     <span class='ocr_line' id='line_1_10' title="bbox 1094 1702 3911 1801; baseline 0 -26"><span class='ocrx_word' id='word_1_88' title='bbox 1094 1726 1251 1775; x_wconf 88' lang='lat' dir='ltr'>rum</span> <span class='ocrx_word' id='word_1_89' title='bbox 1291 1703 1628 1795; x_wconf 89' lang='lat' dir='ltr'>ditantur,</span> <span class='ocrx_word' id='word_1_90' title='bbox 1668 1704 2262 1796; x_wconf 85' lang='lat' dir='ltr'>quemadmodum</span> <span class='ocrx_word' id='word_1_91' title='bbox 2313 1706 2444 1801; x_wconf 90' lang='lat' dir='ltr'>ipsi</span> <span class='ocrx_word' id='word_1_92' title='bbox 2491 1704 2734 1794; x_wconf 89' lang='lat' dir='ltr'>nostis,</span> <span class='ocrx_word' id='word_1_93' title='bbox 2785 1703 2973 1799; x_wconf 86' lang='lat' dir='ltr'>ipsos</span> <span class='ocrx_word' id='word_1_94' title='bbox 3012 1702 3276 1775; x_wconf 83' lang='lat' dir='ltr'>faciunt</span> <span class='ocrx_word' id='word_1_95' title='bbox 3326 1702 3655 1775; x_wconf 87' lang='lat' dir='ltr'>insanire.</span> <span class='ocrx_word' id='word_1_96' title='bbox 3706 1702 3911 1799; x_wconf 87' lang='lat' dir='ltr'>Apud</span> 
     </span>
     <span class='ocr_line' id='line_1_11' title="bbox 1094 1826 3906 1923; baseline -0 -24"><span class='ocrx_word' id='word_1_97' title='bbox 1094 1848 1222 1899; x_wconf 88' lang='lat' dir='ltr'>vos</span> <span class='ocrx_word' id='word_1_98' title='bbox 1248 1826 1601 1898; x_wconf 88' lang='lat' dir='ltr'>christiani</span> <span class='ocrx_word' id='word_1_99' title='bbox 1628 1828 1745 1899; x_wconf 86' lang='lat' dir='ltr'>vel</span> <span class='ocrx_word' id='word_1_100' title='bbox 1781 1828 2127 1923; x_wconf 82' lang='lat' dir='ltr'>peregrini</span> <span class='ocrx_word' id='word_1_101' title='bbox 2157 1827 2585 1918; x_wconf 86' lang='lat' dir='ltr'>mendicant,</span> <span class='ocrx_word' id='word_1_102' title='bbox 2615 1838 2697 1898; x_wconf 91' lang='lat' dir='ltr'>ut</span> <span class='ocrx_word' id='word_1_103' title='bbox 2726 1826 2916 1922; x_wconf 92' lang='lat' dir='ltr'>apud</span> <span class='ocrx_word' id='word_1_104' title='bbox 2948 1847 3069 1898; x_wconf 88' lang='lat' dir='ltr'>eos</span> <span class='ocrx_word' id='word_1_105' title='bbox 3095 1826 3412 1897; x_wconf 87' lang='lat' dir='ltr'>Patareni</span> <span class='ocrx_word' id='word_1_106' title='bbox 3447 1826 3906 1916; x_wconf 72' lang='lat' dir='ltr'>manducent,</span> 
     </span>
     <span class='ocr_line' id='line_1_12' title="bbox 1094 1948 3906 2044; baseline 0 -23"><span class='ocrx_word' id='word_1_107' title='bbox 1094 1949 1193 2021; x_wconf 89' lang='lat' dir='ltr'>ibi</span> <span class='ocrx_word' id='word_1_108' title='bbox 1232 1958 1501 2021; x_wconf 88' lang='lat' dir='ltr'>vestras</span> <span class='ocrx_word' id='word_1_109' title='bbox 1540 1950 1786 2022; x_wconf 88' lang='lat' dir='ltr'>domos</span> <span class='ocrx_word' id='word_1_110' title='bbox 1828 1951 2222 2040; x_wconf 85' lang='lat' dir='ltr'>obstruitis,</span> <span class='ocrx_word' id='word_1_111' title='bbox 2263 1962 2345 2023; x_wconf 88' lang='lat' dir='ltr'>ut</span> <span class='ocrx_word' id='word_1_112' title='bbox 2387 1950 2528 2023; x_wconf 91' lang='lat' dir='ltr'>illic</span> <span class='ocrx_word' id='word_1_113' title='bbox 2569 1949 3122 2023; x_wconf 88' lang='lat' dir='ltr'>adversariorum</span> <span class='ocrx_word' id='word_1_114' title='bbox 3167 1948 3425 2044; x_wconf 85' lang='lat' dir='ltr'>oppida</span> <span class='ocrx_word' id='word_1_115' title='bbox 3468 1949 3906 2022; x_wconf 85' lang='lat' dir='ltr'>construatis.</span> 
     </span>
     <span class='ocr_line' id='line_1_13' title="bbox 1094 2070 3911 2168; baseline -0 -24"><span class='ocrx_word' id='word_1_116' title='bbox 1094 2073 1349 2165; x_wconf 90' lang='lat' dir='ltr'>Sicque</span> <span class='ocrx_word' id='word_1_117' title='bbox 1394 2071 1485 2144; x_wconf 93' lang='lat' dir='ltr'>de</span> <span class='ocrx_word' id='word_1_118' title='bbox 1525 2071 1775 2144; x_wconf 88' lang='lat' dir='ltr'>vestris</span> <span class='ocrx_word' id='word_1_119' title='bbox 1815 2072 2105 2145; x_wconf 90' lang='lat' dir='ltr'>decimis</span> <span class='ocrx_word' id='word_1_120' title='bbox 2152 2083 2227 2145; x_wconf 93' lang='lat' dir='ltr'>et</span> <span class='ocrx_word' id='word_1_121' title='bbox 2270 2072 2733 2168; x_wconf 78' lang='lat' dir='ltr'>eleemosynis</span> <span class='ocrx_word' id='word_1_122' title='bbox 2778 2072 3191 2168; x_wconf 78' lang='lat' dir='ltr'>impinguati</span> <span class='ocrx_word' id='word_1_123' title='bbox 3235 2073 3410 2144; x_wconf 86' lang='lat' dir='ltr'>tales</span> <span class='ocrx_word' id='word_1_124' title='bbox 3449 2070 3696 2144; x_wconf 88' lang='lat' dir='ltr'>Christi</span> <span class='ocrx_word' id='word_1_125' title='bbox 3741 2093 3911 2166; x_wconf 89' lang='lat' dir='ltr'>pau-</span> 
     </span>
     <span class='ocr_line' id='line_1_14' title="bbox 1094 2194 3912 2292; baseline 0 -25"><span class='ocrx_word' id='word_1_126' title='bbox 1094 2218 1300 2290; x_wconf 88' lang='lat' dir='ltr'>peres</span> <span class='ocrx_word' id='word_1_127' title='bbox 1352 2195 1717 2267; x_wconf 89' lang='lat' dir='ltr'>sustentati</span> <span class='ocrx_word' id='word_1_128' title='bbox 1767 2217 1909 2290; x_wconf 90' lang='lat' dir='ltr'>qua</span> <span class='ocrx_word' id='word_1_129' title='bbox 1957 2194 2281 2269; x_wconf 85' lang='lat' dir='ltr'>beneficii</span> <span class='ocrx_word' id='word_1_130' title='bbox 2330 2197 2894 2292; x_wconf 88' lang='lat' dir='ltr'>compensatione</span> <span class='ocrx_word' id='word_1_131' title='bbox 2913 2249 2935 2286; x_wconf 94' lang='lat'>,</span> <span class='ocrx_word' id='word_1_132' title='bbox 2987 2216 3126 2291; x_wconf 89' lang='lat' dir='ltr'>qua</span> <span class='ocrx_word' id='word_1_133' title='bbox 3179 2197 3425 2268; x_wconf 90' lang='lat' dir='ltr'>saltem</span> <span class='ocrx_word' id='word_1_134' title='bbox 3477 2194 3912 2288; x_wconf 78' lang='lat' dir='ltr'>gratitudinis</span> 
     </span>
     <span class='ocr_line' id='line_1_15' title="bbox 1094 2318 3907 2414; baseline -0 -24"><span class='ocrx_word' id='word_1_135' title='bbox 1094 2318 1526 2391; x_wconf 76' lang='lat' dir='ltr'>exhibitione</span> <span class='ocrx_word' id='word_1_136' title='bbox 1567 2318 1767 2390; x_wconf 90' lang='lat' dir='ltr'>vobis</span> <span class='ocrx_word' id='word_1_137' title='bbox 1802 2340 1878 2390; x_wconf 89' lang='lat' dir='ltr'>se</span> <span class='ocrx_word' id='word_1_138' title='bbox 1917 2319 2214 2414; x_wconf 87' lang='lat' dir='ltr'>prebent</span> <span class='ocrx_word' id='word_1_139' title='bbox 2260 2319 2640 2411; x_wconf 87' lang='lat' dir='ltr'>obnoxios,</span> <span class='ocrx_word' id='word_1_140' title='bbox 2686 2319 2809 2412; x_wconf 90' lang='lat' dir='ltr'>qui</span> <span class='ocrx_word' id='word_1_141' title='bbox 2857 2328 3120 2413; x_wconf 90' lang='lat' dir='ltr'>quanto</span> <span class='ocrx_word' id='word_1_142' title='bbox 3161 2339 3409 2391; x_wconf 89' lang='lat' dir='ltr'>manus</span> <span class='ocrx_word' id='word_1_143' title='bbox 3454 2318 3555 2390; x_wconf 91' lang='lat' dir='ltr'>eis</span> <span class='ocrx_word' id='word_1_144' title='bbox 3593 2318 3907 2412; x_wconf 75' lang='lat' dir='ltr'>indigen·</span> 
     </span>
     <span class='ocr_line' id='line_1_16' title="bbox 1095 2441 3911 2533; baseline 0 -21"><span class='ocrx_word' id='word_1_145' title='bbox 1095 2441 1280 2515; x_wconf 91' lang='lat' dir='ltr'>tibus</span> <span class='ocrx_word' id='word_1_146' title='bbox 1319 2442 1744 2513; x_wconf 89' lang='lat' dir='ltr'>liberaliores</span> <span class='ocrx_word' id='word_1_147' title='bbox 1771 2442 2163 2532; x_wconf 88' lang='lat' dir='ltr'>ostenditis,</span> <span class='ocrx_word' id='word_1_148' title='bbox 2196 2452 2389 2514; x_wconf 87' lang='lat' dir='ltr'>tanto</span> <span class='ocrx_word' id='word_1_149' title='bbox 2421 2464 2564 2516; x_wconf 93' lang='lat' dir='ltr'>non</span> <span class='ocrx_word' id='word_1_150' title='bbox 2595 2444 2822 2515; x_wconf 94' lang='lat' dir='ltr'>solum</span> <span class='ocrx_word' id='word_1_151' title='bbox 2855 2464 3132 2533; x_wconf 90' lang='lat' dir='ltr'>manus,</span> <span class='ocrx_word' id='word_1_152' title='bbox 3170 2441 3298 2514; x_wconf 90' lang='lat' dir='ltr'>sed</span> <span class='ocrx_word' id='word_1_153' title='bbox 3322 2442 3532 2514; x_wconf 88' lang='lat' dir='ltr'>etiam</span> <span class='ocrx_word' id='word_1_154' title='bbox 3567 2462 3817 2513; x_wconf 88' lang='lat' dir='ltr'>manus</span> <span class='ocrx_word' id='word_1_155' title='bbox 3843 2449 3911 2512; x_wconf 93' lang='lat' dir='ltr'>et</span> 
     </span>
     <span class='ocr_line' id='line_1_17' title="bbox 1092 2563 3906 2660; baseline -0 -23"><span class='ocrx_word' id='word_1_156' title='bbox 1092 2564 1365 2637; x_wconf 90' lang='lat' dir='ltr'>cubitos</span> <span class='ocrx_word' id='word_1_157' title='bbox 1390 2564 1663 2636; x_wconf 87' lang='lat' dir='ltr'>avidius</span> <span class='ocrx_word' id='word_1_158' title='bbox 1690 2563 2254 2659; x_wconf 90' lang='lat' dir='ltr'>adprehendunt,</span> <span class='ocrx_word' id='word_1_159' title='bbox 2279 2586 2408 2637; x_wconf 91' lang='lat' dir='ltr'>suo</span> <span class='ocrx_word' id='word_1_160' title='bbox 2442 2587 2570 2638; x_wconf 88' lang='lat' dir='ltr'>vos</span> <span class='ocrx_word' id='word_1_161' title='bbox 2595 2568 2847 2660; x_wconf 90' lang='lat' dir='ltr'>laqueo</span> <span class='ocrx_word' id='word_1_162' title='bbox 2880 2565 3302 2656; x_wconf 88' lang='lat' dir='ltr'>detinentes,</span> <span class='ocrx_word' id='word_1_163' title='bbox 3330 2565 3511 2637; x_wconf 91' lang='lat' dir='ltr'>sicut</span> <span class='ocrx_word' id='word_1_164' title='bbox 3538 2565 3906 2653; x_wconf 90' lang='lat' dir='ltr'>aviculam,</span> 
     </span>
     <span class='ocr_line' id='line_1_18' title="bbox 1093 2686 3908 2782; baseline 0.001 -23"><span class='ocrx_word' id='word_1_165' title='bbox 1093 2709 1233 2782; x_wconf 92' lang='lat' dir='ltr'>que</span> <span class='ocrx_word' id='word_1_166' title='bbox 1266 2698 1529 2782; x_wconf 89' lang='lat' dir='ltr'>quanto</span> <span class='ocrx_word' id='word_1_167' title='bbox 1578 2688 1673 2760; x_wconf 93' lang='lat' dir='ltr'>ad</span> <span class='ocrx_word' id='word_1_168' title='bbox 1720 2689 2116 2761; x_wconf 86' lang='lat' dir='ltr'>evasionem</span> <span class='ocrx_word' id='word_1_169' title='bbox 2170 2689 2417 2761; x_wconf 84' lang='lat' dir='ltr'>fortius</span> <span class='ocrx_word' id='word_1_170' title='bbox 2468 2691 2746 2780; x_wconf 89' lang='lat' dir='ltr'>nititur,</span> <span class='ocrx_word' id='word_1_171' title='bbox 2805 2700 2996 2761; x_wconf 89' lang='lat' dir='ltr'>tanto</span> <span class='ocrx_word' id='word_1_172' title='bbox 3045 2686 3310 2761; x_wconf 84' lang='lat' dir='ltr'>firmius</span> <span class='ocrx_word' id='word_1_173' title='bbox 3360 2688 3730 2781; x_wconf 77' lang='lat' dir='ltr'>alligatur?</span> <span class='ocrx_word' id='word_1_174' title='bbox 3771 2688 3908 2762; x_wconf 84' lang='lat' dir='ltr'>Hec</span> 
     </span>
     <span class='ocr_line' id='line_1_19' title="bbox 1090 2811 3907 2908; baseline -0 -23"><span class='ocrx_word' id='word_1_175' title='bbox 1090 2811 1293 2885; x_wconf 85' lang='lat' dir='ltr'>vobis</span> <span class='ocrx_word' id='word_1_176' title='bbox 1322 2811 1416 2885; x_wconf 89' lang='lat' dir='ltr'>ad</span> <span class='ocrx_word' id='word_1_177' title='bbox 1442 2833 1729 2907; x_wconf 88' lang='lat' dir='ltr'>presens</span> <span class='ocrx_word' id='word_1_178' title='bbox 1765 2813 2133 2886; x_wconf 89' lang='lat' dir='ltr'>scribenda</span> <span class='ocrx_word' id='word_1_179' title='bbox 2175 2813 2608 2904; x_wconf 87' lang='lat' dir='ltr'>curavimus,</span> <span class='ocrx_word' id='word_1_180' title='bbox 2648 2812 3141 2886; x_wconf 88' lang='lat' dir='ltr'>insufficienter</span> <span class='ocrx_word' id='word_1_181' title='bbox 3174 2812 3641 2908; x_wconf 86' lang='lat' dir='ltr'>exprimentia</span> <span class='ocrx_word' id='word_1_182' title='bbox 3675 2821 3907 2885; x_wconf 90' lang='lat' dir='ltr'>votum</span> 
     </span>
     <span class='ocr_line' id='line_1_20' title="bbox 1094 2935 3911 3010; baseline 0.001 -5"><span class='ocrx_word' id='word_1_183' title='bbox 1094 2945 1436 3006; x_wconf 89' lang='lat' dir='ltr'>nostrum.</span> <span class='ocrx_word' id='word_1_184' title='bbox 1466 2936 1707 3007; x_wconf 86' lang='lat' dir='ltr'>Cetera</span> <span class='ocrx_word' id='word_1_185' title='bbox 1741 2956 1912 3007; x_wconf 89' lang='lat' dir='ltr'>vero</span> <span class='ocrx_word' id='word_1_186' title='bbox 1943 2936 2277 3008; x_wconf 87' lang='lat' dir='ltr'>secretius</span> <span class='ocrx_word' id='word_1_187' title='bbox 2306 2935 2692 3009; x_wconf 85' lang='lat' dir='ltr'>intimanda</span> <span class='ocrx_word' id='word_1_188' title='bbox 2722 2935 3159 3008; x_wconf 89' lang='lat' dir='ltr'>decrevimus</span> <span class='ocrx_word' id='word_1_189' title='bbox 3185 2935 3504 3010; x_wconf 91' lang='lat' dir='ltr'>omittere</span> <span class='ocrx_word' id='word_1_190' title='bbox 3539 2963 3559 3008; x_wconf 72' lang='grc' dir='ltr'><strong><em>ε</em></strong></span> <span class='ocrx_word' id='word_1_191' title='bbox 3593 2935 3911 3008; x_wconf 82' lang='lat' dir='ltr'>videlicet</span> 
     </span>
     <span class='ocr_line' id='line_1_21' title="bbox 1094 3057 3906 3154; baseline 0.001 -27"><span class='ocrx_word' id='word_1_192' title='bbox 1094 3057 1165 3127; x_wconf 91' lang='lat' dir='ltr'>in</span> <span class='ocrx_word' id='word_1_193' title='bbox 1199 3079 1378 3150; x_wconf 91' lang='lat' dir='ltr'>quos</span> <span class='ocrx_word' id='word_1_194' title='bbox 1429 3080 1597 3129; x_wconf 89' lang='lat' dir='ltr'>usus</span> <span class='ocrx_word' id='word_1_195' title='bbox 1650 3058 1928 3130; x_wconf 88' lang='lat' dir='ltr'>divitias</span> <span class='ocrx_word' id='word_1_196' title='bbox 1965 3080 2353 3154; x_wconf 85' lang='lat' dir='ltr'>pauperum</span> <span class='ocrx_word' id='word_1_197' title='bbox 2401 3059 2741 3154; x_wconf 83' lang='lat' dir='ltr'>expendit</span> <span class='ocrx_word' id='word_1_198' title='bbox 2778 3059 3230 3154; x_wconf 78' lang='lat' dir='ltr'>prodigalitas</span> <span class='ocrx_word' id='word_1_199' title='bbox 3274 3079 3686 3148; x_wconf 79' lang='lat' dir='ltr'>avarorum3</span> <span class='ocrx_word' id='word_1_200' title='bbox 3743 3057 3906 3152; x_wconf 87' lang='lat' dir='ltr'>quid</span> 
     </span>
     <span class='ocr_line' id='line_1_22' title="bbox 1095 3180 3906 3278; baseline 0.001 -27"><span class='ocrx_word' id='word_1_201' title='bbox 1095 3200 1308 3274; x_wconf 88' lang='lat' dir='ltr'>super</span> <span class='ocrx_word' id='word_1_202' title='bbox 1359 3180 1776 3275; x_wconf 88' lang='lat' dir='ltr'>imperatore</span> <span class='ocrx_word' id='word_1_203' title='bbox 1831 3183 2298 3277; x_wconf 88' lang='lat' dir='ltr'>comperimus</span> <span class='ocrx_word' id='word_1_204' title='bbox 2347 3182 2704 3275; x_wconf 80' lang='lat' dir='ltr'>eligendo,</span> <span class='ocrx_word' id='word_1_205' title='bbox 2756 3182 2888 3254; x_wconf 91' lang='lat' dir='ltr'>nisi</span> <span class='ocrx_word' id='word_1_206' title='bbox 2945 3204 3130 3278; x_wconf 86' lang='lat' dir='ltr'>pax,</span> <span class='ocrx_word' id='word_1_207' title='bbox 3178 3203 3390 3275; x_wconf 92' lang='lat' dir='ltr'>quam</span> <span class='ocrx_word' id='word_1_208' title='bbox 3438 3202 3568 3277; x_wconf 92' lang='lat' dir='ltr'>per</span> <span class='ocrx_word' id='word_1_209' title='bbox 3624 3202 3906 3273; x_wconf 82' lang='lat' dir='ltr'>magnos</span> 
     </span>
     <span class='ocr_line' id='line_1_23' title="bbox 1096 3301 3906 3399; baseline 0.001 -27"><span class='ocrx_word' id='word_1_210' title='bbox 1096 3301 1515 3374; x_wconf 89' lang='lat' dir='ltr'>mediatores</span> <span class='ocrx_word' id='word_1_211' title='bbox 1560 3302 1981 3376; x_wconf 90' lang='lat' dir='ltr'>intendimus</span> <span class='ocrx_word' id='word_1_212' title='bbox 2016 3306 2392 3377; x_wconf 79' lang='lat' dir='ltr'>reformare</span> <span class='ocrx_word' id='word_1_213' title='bbox 2432 3306 2614 3378; x_wconf 89' lang='lat' dir='ltr'>inter</span> <span class='ocrx_word' id='word_1_214' title='bbox 2642 3326 2772 3377; x_wconf 88' lang='lat' dir='ltr'>nos</span> <span class='ocrx_word' id='word_1_215' title='bbox 2816 3315 2888 3377; x_wconf 90' lang='lat' dir='ltr'>et</span> <span class='ocrx_word' id='word_1_216' title='bbox 2921 3305 3303 3377; x_wconf 89' lang='lat' dir='ltr'>Ecclesiam</span> <span class='ocrx_word' id='word_1_217' title='bbox 3318 3358 3340 3395; x_wconf 94' lang='lat'>,</span> <span class='ocrx_word' id='word_1_218' title='bbox 3382 3305 3629 3376; x_wconf 89' lang='lat' dir='ltr'>saltem</span> <span class='ocrx_word' id='word_1_219' title='bbox 3671 3324 3906 3399; x_wconf 85' lang='lat' dir='ltr'>super·</span> 
     </span>
     <span class='ocr_line' id='line_1_24' title="bbox 1095 3421 3907 3522; baseline 0.001 -27"><span class='ocrx_word' id='word_1_220' title='bbox 1095 3421 1435 3516; x_wconf 86' lang='lat' dir='ltr'>ficialiter,</span> <span class='ocrx_word' id='word_1_221' title='bbox 1459 3427 1901 3517; x_wconf 84' lang='lat' dir='ltr'>reformetur;</span> <span class='ocrx_word' id='word_1_222' title='bbox 1932 3427 2103 3521; x_wconf 92' lang='lat' dir='ltr'>quid</span> <span class='ocrx_word' id='word_1_223' title='bbox 2129 3429 2220 3501; x_wconf 93' lang='lat' dir='ltr'>de</span> <span class='ocrx_word' id='word_1_224' title='bbox 2246 3450 2488 3521; x_wconf 81' lang='lat' dir='ltr'>regum</span> <span class='ocrx_word' id='word_1_225' title='bbox 2512 3428 2824 3501; x_wconf 91' lang='lat' dir='ltr'>omnium</span> <span class='ocrx_word' id='word_1_226' title='bbox 2852 3428 3335 3502; x_wconf 89' lang='lat' dir='ltr'>communibus</span> <span class='ocrx_word' id='word_1_227' title='bbox 3360 3427 3907 3522; x_wconf 87' lang='lat' dir='ltr'>specialibusque</span> 
     </span>
     <span class='ocr_line' id='line_1_25' title="bbox 1095 3549 3908 3647; baseline 0.001 -29"><span class='ocrx_word' id='word_1_228' title='bbox 1095 3549 1394 3641; x_wconf 80' lang='lat' dir='ltr'>negotiis</span> <span class='ocrx_word' id='word_1_229' title='bbox 1431 3549 1800 3645; x_wconf 91' lang='lat' dir='ltr'>disponere</span> <span class='ocrx_word' id='word_1_230' title='bbox 1828 3550 2306 3642; x_wconf 81' lang='lat' dir='ltr'>intendamus3</span> <span class='ocrx_word' id='word_1_231' title='bbox 2352 3551 2525 3644; x_wconf 90' lang='lat' dir='ltr'>quid</span> <span class='ocrx_word' id='word_1_232' title='bbox 2556 3572 2767 3647; x_wconf 90' lang='lat' dir='ltr'>super</span> <span class='ocrx_word' id='word_1_233' title='bbox 2805 3551 3050 3622; x_wconf 90' lang='lat' dir='ltr'>insulis</span> <span class='ocrx_word' id='word_1_234' title='bbox 3088 3550 3346 3624; x_wconf 87' lang='lat' dir='ltr'>Oceani</span> <span class='ocrx_word' id='word_1_235' title='bbox 3387 3551 3599 3623; x_wconf 83' lang='lat' dir='ltr'>fuerit</span> <span class='ocrx_word' id='word_1_236' title='bbox 3637 3550 3908 3622; x_wconf 89' lang='lat' dir='ltr'>ordina·</span> 
     </span>
     <span class='ocr_line' id='line_1_26' title="bbox 1099 3673 3906 3770; baseline 0 -26"><span class='ocrx_word' id='word_1_237' title='bbox 1099 3684 1281 3763; x_wconf 85' lang='lat' dir='ltr'>tum;</span> <span class='ocrx_word' id='word_1_238' title='bbox 1325 3673 1495 3766; x_wconf 90' lang='lat' dir='ltr'>quid</span> <span class='ocrx_word' id='word_1_239' title='bbox 1539 3683 1782 3745; x_wconf 89' lang='lat' dir='ltr'>contra</span> <span class='ocrx_word' id='word_1_240' title='bbox 1825 3674 2171 3770; x_wconf 89' lang='lat' dir='ltr'>principes</span> <span class='ocrx_word' id='word_1_241' title='bbox 2215 3674 2579 3748; x_wconf 88' lang='lat' dir='ltr'>universos</span> <span class='ocrx_word' id='word_1_242' title='bbox 2619 3674 3037 3768; x_wconf 90' lang='lat' dir='ltr'>quibusdam</span> <span class='ocrx_word' id='word_1_243' title='bbox 3082 3673 3384 3746; x_wconf 88' lang='lat' dir='ltr'>consiliis</span> <span class='ocrx_word' id='word_1_244' title='bbox 3415 3675 3529 3745; x_wconf 92' lang='lat' dir='ltr'>vel</span> <span class='ocrx_word' id='word_1_245' title='bbox 3575 3673 3867 3765; x_wconf 83' lang='lat' dir='ltr'>negotiis</span> <span class='ocrx_word' id='word_1_246' title='bbox 3884 3724 3906 3761; x_wconf 95' lang='lat'>,</span> 
     </span>
     <span class='ocr_line' id='line_1_27' title="bbox 1095 3795 3911 3888; baseline -0 -21"><span class='ocrx_word' id='word_1_247' title='bbox 1095 3817 1234 3888; x_wconf 94' lang='lat' dir='ltr'>que</span> <span class='ocrx_word' id='word_1_248' title='bbox 1261 3816 1392 3867; x_wconf 91' lang='lat' dir='ltr'>nos</span> <span class='ocrx_word' id='word_1_249' title='bbox 1422 3796 1543 3888; x_wconf 90' lang='lat' dir='ltr'>qui</span> <span class='ocrx_word' id='word_1_250' title='bbox 1574 3797 1944 3868; x_wconf 90' lang='lat' dir='ltr'>nonnullos</span> <span class='ocrx_word' id='word_1_251' title='bbox 1974 3795 2235 3868; x_wconf 90' lang='lat' dir='ltr'>ibidem</span> <span class='ocrx_word' id='word_1_252' title='bbox 2268 3797 2608 3869; x_wconf 87' lang='lat' dir='ltr'>habemus</span> <span class='ocrx_word' id='word_1_253' title='bbox 2640 3797 3013 3868; x_wconf 85' lang='lat' dir='ltr'>familiares</span> <span class='ocrx_word' id='word_1_254' title='bbox 3044 3806 3116 3868; x_wconf 93' lang='lat' dir='ltr'>et</span> <span class='ocrx_word' id='word_1_255' title='bbox 3146 3796 3499 3886; x_wconf 76' lang='lat' dir='ltr'>subditoS,</span> <span class='ocrx_word' id='word_1_256' title='bbox 3531 3796 3697 3868; x_wconf 89' lang='lat' dir='ltr'>licet</span> <span class='ocrx_word' id='word_1_257' title='bbox 3720 3797 3911 3869; x_wconf 88' lang='lat' dir='ltr'>clan-</span> 
     </span>
     <span class='ocr_line' id='line_1_28' title="bbox 1096 3918 3913 4013; baseline -0 -23"><span class='ocrx_word' id='word_1_258' title='bbox 1096 3919 1392 4010; x_wconf 90' lang='lat' dir='ltr'>destine,</span> <span class='ocrx_word' id='word_1_259' title='bbox 1429 3920 1644 3991; x_wconf 89' lang='lat' dir='ltr'>latere</span> <span class='ocrx_word' id='word_1_260' title='bbox 1676 3940 1819 3990; x_wconf 91' lang='lat' dir='ltr'>non</span> <span class='ocrx_word' id='word_1_261' title='bbox 1855 3926 2178 4013; x_wconf 90' lang='lat' dir='ltr'>possunt,</span> <span class='ocrx_word' id='word_1_262' title='bbox 2222 3918 2339 3990; x_wconf 92' lang='lat' dir='ltr'>illa</span> <span class='ocrx_word' id='word_1_263' title='bbox 2370 3920 2563 3992; x_wconf 90' lang='lat' dir='ltr'>curia</span> <span class='ocrx_word' id='word_1_264' title='bbox 2597 3919 3064 4010; x_wconf 72' lang='lat' dir='ltr'>machinetur-3</span> <span class='ocrx_word' id='word_1_265' title='bbox 3103 3919 3380 4012; x_wconf 85' lang='lat' dir='ltr'>quantis</span> <span class='ocrx_word' id='word_1_266' title='bbox 3412 3918 3714 4010; x_wconf 90' lang='lat' dir='ltr'>viribus,</span> <span class='ocrx_word' id='word_1_267' title='bbox 3745 3926 3913 4013; x_wconf 90' lang='lat' dir='ltr'>quot</span> 
     </span>
     <span class='ocr_line' id='line_1_29' title="bbox 1095 4040 3911 4136; baseline 0 -23"><span class='ocrx_word' id='word_1_268' title='bbox 1095 4042 1405 4114; x_wconf 90' lang='lat' dir='ltr'>virorum</span> <span class='ocrx_word' id='word_1_269' title='bbox 1449 4042 1751 4132; x_wconf 84' lang='lat' dir='ltr'>insidiis,</span> <span class='ocrx_word' id='word_1_270' title='bbox 1786 4041 2084 4134; x_wconf 88' lang='lat' dir='ltr'>qualiter</span> <span class='ocrx_word' id='word_1_271' title='bbox 2119 4040 2610 4114; x_wconf 89' lang='lat' dir='ltr'>instructorum</span> <span class='ocrx_word' id='word_1_272' title='bbox 2651 4043 2742 4115; x_wconf 91' lang='lat' dir='ltr'>ad</span> <span class='ocrx_word' id='word_1_273' title='bbox 2782 4042 3005 4134; x_wconf 91' lang='lat' dir='ltr'>bella,</span> <span class='ocrx_word' id='word_1_274' title='bbox 3051 4042 3123 4113; x_wconf 94' lang='lat' dir='ltr'>in</span> <span class='ocrx_word' id='word_1_275' title='bbox 3162 4041 3298 4115; x_wconf 89' lang='lat' dir='ltr'>hoc</span> <span class='ocrx_word' id='word_1_276' title='bbox 3334 4042 3487 4136; x_wconf 93' lang='lat' dir='ltr'>ipso</span> <span class='ocrx_word' id='word_1_277' title='bbox 3516 4063 3686 4115; x_wconf 89' lang='lat' dir='ltr'>vere</span> <span class='ocrx_word' id='word_1_278' title='bbox 3725 4042 3911 4135; x_wconf 91' lang='lat' dir='ltr'>quod</span> 
     </span>
     <span class='ocr_line' id='line_1_30' title="bbox 1096 4163 3909 4262; baseline 0.002 -29"><span class='ocrx_word' id='word_1_279' title='bbox 1096 4163 1334 4255; x_wconf 89' lang='lat' dir='ltr'>instat,</span> <span class='ocrx_word' id='word_1_280' title='bbox 1373 4187 1615 4237; x_wconf 85' lang='lat' dir='ltr'>omnes</span> <span class='ocrx_word' id='word_1_281' title='bbox 1651 4166 1772 4260; x_wconf 91' lang='lat' dir='ltr'>qui</span> <span class='ocrx_word' id='word_1_282' title='bbox 1805 4186 1994 4237; x_wconf 92' lang='lat' dir='ltr'>nunc</span> <span class='ocrx_word' id='word_1_283' title='bbox 2028 4187 2158 4237; x_wconf 90' lang='lat' dir='ltr'>nos</span> <span class='ocrx_word' id='word_1_284' title='bbox 2193 4165 2594 4260; x_wconf 88' lang='lat' dir='ltr'>opprimunt</span> <span class='ocrx_word' id='word_1_285' title='bbox 2622 4166 3014 4262; x_wconf 88' lang='lat' dir='ltr'>opprimere</span> <span class='ocrx_word' id='word_1_286' title='bbox 3045 4187 3249 4261; x_wconf 88' lang='lat' dir='ltr'>posse</span> <span class='ocrx_word' id='word_1_287' title='bbox 3279 4186 3670 4262; x_wconf 76' lang='lat' dir='ltr'>speremuS,</span> <span class='ocrx_word' id='word_1_288' title='bbox 3708 4165 3909 4238; x_wconf 90' lang='lat' dir='ltr'>etiam</span> 
     </span>
     <span class='ocr_line' id='line_1_31' title="bbox 1099 4286 3910 4384; baseline -0.001 -27"><span class='ocrx_word' id='word_1_289' title='bbox 1099 4286 1171 4357; x_wconf 84' lang='lat' dir='ltr'>s‘r</span> <span class='ocrx_word' id='word_1_290' title='bbox 1190 4308 1265 4358; x_wconf 93' lang='lat' dir='ltr'>se</span> <span class='ocrx_word' id='word_1_291' title='bbox 1295 4288 1499 4359; x_wconf 89' lang='lat' dir='ltr'>nobis</span> <span class='ocrx_word' id='word_1_292' title='bbox 1528 4298 1914 4384; x_wconf 92' lang='lat' dir='ltr'>opponeret</span> <span class='ocrx_word' id='word_1_293' title='bbox 1945 4298 2130 4360; x_wconf 90' lang='lat' dir='ltr'>totus</span> <span class='ocrx_word' id='word_1_294' title='bbox 2175 4287 2503 4360; x_wconf 89' lang='lat' dir='ltr'>mundus.</span> <span class='ocrx_word' id='word_1_295' title='bbox 2545 4289 2901 4381; x_wconf 89' lang='lat' dir='ltr'>Quidquid</span> <span class='ocrx_word' id='word_1_296' title='bbox 2937 4298 3171 4360; x_wconf 91' lang='lat' dir='ltr'>autem</span> <span class='ocrx_word' id='word_1_297' title='bbox 3210 4338 3796 4359; x_wconf 90' lang='grc'><strong>........</strong></span> <span class='ocrx_word' id='word_1_298' title='bbox 3843 4295 3910 4356; x_wconf 93' lang='lat' dir='ltr'>et</span> 
     </span>
     <span class='ocr_line' id='line_1_32' title="bbox 1105 4410 3906 4508; baseline 0 -29"><span class='ocrx_word' id='word_1_299' title='bbox 1105 4461 1447 4480; x_wconf 92' lang='grc'><strong>.....</strong></span> <span class='ocrx_word' id='word_1_300' title='bbox 1490 4410 1732 4483; x_wconf 87' lang='lat' dir='ltr'>fideles</span> <span class='ocrx_word' id='word_1_301' title='bbox 1762 4412 2021 4503; x_wconf 90' lang='lat' dir='ltr'>nostri,</span> <span class='ocrx_word' id='word_1_302' title='bbox 2057 4413 2311 4485; x_wconf 87' lang='lat' dir='ltr'>latores</span> <span class='ocrx_word' id='word_1_303' title='bbox 2346 4412 2807 4508; x_wconf 87' lang='lat' dir='ltr'>presentium,</span> <span class='ocrx_word' id='word_1_304' title='bbox 2855 4411 3055 4484; x_wconf 89' lang='lat' dir='ltr'>vobis</span> <span class='ocrx_word' id='word_1_305' title='bbox 3089 4410 3487 4501; x_wconf 88' lang='lat' dir='ltr'>retulerint,</span> <span class='ocrx_word' id='word_1_306' title='bbox 3532 4418 3723 4482; x_wconf 90' lang='lat' dir='ltr'>certe</span> <span class='ocrx_word' id='word_1_307' title='bbox 3759 4429 3906 4481; x_wconf 88' lang='lat' dir='ltr'>cre·</span> 
     </span>
     <span class='ocr_line' id='line_1_33' title="bbox 1099 4531 3906 4628; baseline 0 -26"><span class='ocrx_word' id='word_1_308' title='bbox 1099 4531 1308 4621; x_wconf 86' lang='lat' dir='ltr'>datis,</span> <span class='ocrx_word' id='word_1_309' title='bbox 1335 4551 1419 4603; x_wconf 92' lang='lat' dir='ltr'>ac</span> <span class='ocrx_word' id='word_1_310' title='bbox 1451 4533 1716 4604; x_wconf 88' lang='lat' dir='ltr'>etiamsi</span> <span class='ocrx_word' id='word_1_311' title='bbox 1745 4544 2022 4605; x_wconf 89' lang='lat' dir='ltr'>sanctus</span> <span class='ocrx_word' id='word_1_312' title='bbox 2053 4536 2295 4605; x_wconf 90' lang='lat' dir='ltr'>Petrus</span> <span class='ocrx_word' id='word_1_313' title='bbox 2317 4535 2645 4626; x_wconf 87' lang='lat' dir='ltr'>jurasset,</span> <span class='ocrx_word' id='word_1_314' title='bbox 2674 4532 3141 4606; x_wconf 88' lang='lat' dir='ltr'>firmissimum</span> <span class='ocrx_word' id='word_1_315' title='bbox 3171 4532 3513 4622; x_wconf 78' lang='lat' dir='ltr'>habeatiS,</span> <span class='ocrx_word' id='word_1_316' title='bbox 3542 4552 3680 4603; x_wconf 89' lang='lat' dir='ltr'>nec</span> <span class='ocrx_word' id='word_1_317' title='bbox 3703 4552 3906 4628; x_wconf 90' lang='lat' dir='ltr'>prop·</span> 
     </span>
     <span class='ocr_line' id='line_1_34' title="bbox 1103 4655 3910 4753; baseline 0 -27"><span class='ocrx_word' id='word_1_318' title='bbox 1103 4665 1209 4726; x_wconf 93' lang='lat' dir='ltr'>ter</span> <span class='ocrx_word' id='word_1_319' title='bbox 1245 4655 1379 4727; x_wconf 88' lang='lat' dir='ltr'>hoc</span> <span class='ocrx_word' id='word_1_320' title='bbox 1408 4658 1598 4747; x_wconf 90' lang='lat' dir='ltr'>quod</span> <span class='ocrx_word' id='word_1_321' title='bbox 1626 4676 1670 4726; x_wconf 92' lang='lat' dir='ltr'>a</span> <span class='ocrx_word' id='word_1_322' title='bbox 1701 4657 1899 4729; x_wconf 87' lang='lat' dir='ltr'>vobis</span> <span class='ocrx_word' id='word_1_323' title='bbox 1931 4658 2264 4753; x_wconf 90' lang='lat' dir='ltr'>petimus,</span> <span class='ocrx_word' id='word_1_324' title='bbox 2298 4658 2621 4730; x_wconf 89' lang='lat' dir='ltr'>videatur</span> <span class='ocrx_word' id='word_1_325' title='bbox 2649 4657 2850 4730; x_wconf 89' lang='lat' dir='ltr'>vobis</span> <span class='ocrx_word' id='word_1_326' title='bbox 2880 4659 3072 4752; x_wconf 93' lang='lat' dir='ltr'>quod</span> <span class='ocrx_word' id='word_1_327' title='bbox 3104 4666 3389 4753; x_wconf 89' lang='lat' dir='ltr'>propter</span> <span class='ocrx_word' id='word_1_328' title='bbox 3417 4656 3491 4728; x_wconf 90' lang='lat' dir='ltr'>in</span> <span class='ocrx_word' id='word_1_329' title='bbox 3532 4676 3664 4729; x_wconf 88' lang='lat' dir='ltr'>nos</span> <span class='ocrx_word' id='word_1_330' title='bbox 3702 4655 3910 4727; x_wconf 86' lang='lat' dir='ltr'>latam</span> 
     </span>
    </p>
   </div>
  </div>
 </body>
</html>
