4364 5738
1051 586 1174 649 356
2047 597 2475 660 nmmum
2524 594 2872 657 ssscunm
3481 596 3647 676 [Aa.
3683 596 3853 658 1245.

1050 726 1450 796 monasterii
1482 726 1570 798 de
1596 729 1827 822 Leno;
1857 731 2024 803 item
2052 729 2605 812 omniaflumina
2632 728 2971 824 predicta.
3003 729 3154 815 Quo
3190 729 3557 823 diligenter
3581 731 3861 803 inventa

1053 840 1270 944 [sunt]
1303 849 1625 922 omnibus
1658 853 1958 926 redactis
1996 854 2067 926 in
2100 855 2435 949 scriptum
2470 852 2584 925 cui
2627 854 2836 948 plena
2868 849 3045 923 fides
3083 852 3399 925 adhiberi
3430 853 3689 948 poterit
3718 850 3860 953 [de]

1051 965 1304 1040 finibus
1352 973 1740 1047 antedictis,
1779 976 1948 1049 Cum
1991 978 2438 1073 postmodum
2491 984 2793 1047 castrum
2837 974 3229 1070 predictum
3270 975 3622 1049 Grondule
3671 997 3859 1049 oom-

1049 1092 1245 1162 muni
1283 1094 1527 1166 Parme
1568 1094 1889 1171 fidelibus
1930 1100 2184 1171 nostris
2224 1121 2352 1194 pro
2391 1097 2605 1191 gratis
2634 1097 2931 1169 servitiis
2962 1118 3099 1192 que
3139 1096 3342 1170 nobis
3371 1100 3760 1171 contulerat
3791 1108 3860 1171 et

1048 1217 1361 1289 conferre
1392 1240 1534 1289 non
1561 1231 1808 1311 cessat,
1829 1223 2240 1295 duxerimus
2266 1221 2644 1293 liberaliter
2669 1219 3194 1292 concedendum
3221 1243 3380 1293 cum
3407 1222 3730 1293 omnibus
3746 1222 3857 1314 ju-

1046 1336 1265 1431 ribus,
1297 1339 1704 1433 rationibus,
1737 1343 1955 1435 curia,
1991 1343 2426 1440 pertinentiis
2458 1352 2530 1415 et
2553 1341 2868 1414 districtu
2900 1363 3056 1432 suo,
3085 1352 3295 1437 prout
3319 1343 3389 1414 in
3418 1365 3616 1416 sacro
3641 1345 3852 1439 privi-

1047 1461 1229 1555 legio
1255 1472 1493 1534 nostro
1516 1464 1615 1536 eis
1640 1465 1802 1538 inde
1830 1467 2143 1541 confecto
2172 1467 2549 1539 districtius
2585 1466 3003 1558 continetur,
3044 1467 3475 1562 supplicante
3506 1466 3854 1540 humiliter

1049 1585 1294 1656 eodem
1328 1587 1679 1657 communi
1710 1589 2043 1684 scriptum
2080 1599 2327 1684 patens
2366 1587 2542 1660 fines
2580 1587 2863 1660 eosdem
2900 1588 3298 1684 exprimens
3337 1589 3468 1661 sibi
3507 1590 3597 1662 de
3637 1592 3851 1683 gratia

1044 1717 1279 1780 nostre
1325 1709 1748 1782 celsitudinis
1783 1710 2180 1805 indulgere,
2218 1722 2298 1783 ut
2335 1713 2528 1782 nulla
2568 1711 2786 1806 possit
2824 1710 2896 1782 in
2935 1721 3285 1805 posterum
3331 1713 3651 1785 dubietas
3691 1714 3849 1786 sub-

1046 1830 1246 1921 oriri,
1287 1832 1904 1925 supplicationibus
1930 1835 2071 1906 suis
2102 1835 2482 1908 clementer
2520 1833 2873 1923 admissis,
2909 1856 3194 1929 presens
3236 1846 3481 1930 patens
3525 1837 3849 1931 scriptum

1045 1952 1134 2025 de
1155 1953 1408 2025 finibus
1427 1954 1642 2049 ipsius
1668 1956 1759 2028 ad
1785 1957 2088 2027 futuram
2116 1956 2545 2047 memoriam,
2571 1955 2883 2048 ejusdem
2911 1958 3295 2029 communis
3325 1958 3762 2031 securitatem
3783 1969 3850 2031 et

1043 2077 1564 2169 ambiguitatem
1590 2078 1663 2148 in
1693 2079 2042 2173 premissis
2066 2079 2467 2152 omnimodo
2491 2079 3014 2171 removendam,
3032 2077 3184 2151 fleri
3198 2081 3530 2173 jussimus
3558 2092 3628 2153 et
3654 2082 3845 2176 sigilli

1043 2201 1257 2273 nostri
1288 2200 1668 2272 munimine
1699 2202 2036 2273 roborari.

1137 2325 1390 2395 Datum
1413 2325 1683 2415 Parme,
1704 2346 1888 2397 anno
1913 2324 2256 2397 dominice
2281 2325 2768 2398 incarnationis
2791 2325 3156 2396 millesimo
3183 2326 3657 2400 ducentesimo
3684 2348 3845 2421 qua·

1042 2448 1430 2540 dragesimo
1462 2448 1732 2539 quinto,
1770 2449 2025 2520 mensis
2055 2449 2493 2543 septembriS,
2531 2458 2778 2542 quarta
2809 2448 3208 2520 indictione.

685 3103 943 3210 3325,
1148 3092 1612 3197 Fridericus,
1667 3093 2181 3174 Romanorum
2238 3094 2677 3202 imperator,
2725 3094 3058 3176 Amedeo
3116 3093 3373 3177 comiti
3427 3090 3841 3175 Sabaudiae

1045 3223 1272 3304 castri
1314 3224 1761 3331 Ripolarum
1808 3224 2358 3307 restitutionem
2403 3225 2811 3333 promittit,
2873 3227 3128 3308 statim
3177 3237 3264 3309 ut
3313 3224 3572 3335 aliquo
3620 3224 3841 3307 modo

1043 3354 1161 3437 vel
1198 3380 1380 3437 casu
1418 3356 1514 3436 ad
1544 3380 1818 3438 manus
1856 3381 2033 3438 suas
2075 3357 2519 3464 pervenerit.

1206 3593 1397 3672 (Edit.
1429 3611 1525 3672 ap.
1565 3594 1782 3656 Hister.
1816 3603 1973 3675 patr.
2002 3614 2280 3670 monum„
2315 3595 2515 3658 Chare.
2547 3603 2596 3657 t.
2627 3597 2657 3656 1
2681 3642 2699 3672 ‚
2731 3614 2784 3675 p.
2827 3606 3006 3672 1378,
3034 3604 3280 3658 curante
3316 3597 3489 3658 Petro
3523 3597 3734 3675 Datta,
3772 3614 3841 3657 ex

1279 3703 1493 3778 origin.
1532 3701 1690 3761 unde
1724 3702 1937 3779 pendet
1971 3702 2134 3763 bulla
2158 3719 2341 3763 aurea
2374 3707 2438 3763 in
2465 3702 2626 3764 arch.
2659 3719 2782 3781 reg.
2822 3719 2980 3781 cur.,
3005 3701 3161 3782 Dipl.
3197 3704 3427 3782 imper..
3460 3720 3539 3763 m.
3571 3704 3634 3781 1,
3665 3711 3731 3763 n⁰
3759 3700 3842 3779 7.)

1135 3924 1549 4015 FridericuS,
1582 3925 1705 3995 Dei
1733 3925 1952 4016 gratia
1983 3926 2451 3998 Romanorum
2484 3926 2857 4021 imperator
2883 3948 3157 4021 semper
3186 3936 3548 4018 augustuS,
3582 3927 3840 3997 Ierusa-

1039 4050 1178 4120 lem
1214 4060 1285 4120 et
1320 4048 1545 4120 Sicilie
1582 4071 1734 4120 rex.
1775 4050 1902 4120 Per
1934 4070 2219 4143 presens
2256 4049 2587 4143 scriptum
2622 4061 2863 4122 notum
2897 4050 3185 4121 facimus
3214 4050 3556 4120 universis
3583 4049 3843 4145 imperii

1039 4170 1361 4243 fidelibus
1391 4182 1528 4243 tam
1556 4172 1992 4265 presentibus
2014 4192 2225 4265 quam
2257 4172 2504 4242 futuris
2532 4173 2724 4264 quod
2754 4195 2879 4245 nos
2905 4172 3342 4245 attendentes
3368 4171 3579 4257 fidem
3604 4193 3842 4267 puram

1041 4303 1113 4363 et
1144 4293 1580 4366 devotionem
1609 4296 1947 4367 sinceram
1974 4316 2185 4389 quam
2210 4295 2561 4368 Amedeus
2587 4317 2821 4367 comes
2846 4296 3216 4386 Sabaudie,
3239 4296 3531 4368 dilectus
3557 4315 3842 4367 consan-

1040 4436 1333 4507 gumeus
1364 4424 1435 4485 et
1469 4415 1692 4487 fidelis
1722 4428 1985 4508 noster,
2022 4439 2188 4509 erga
2223 4439 2352 4489 nos
2384 4427 2454 4488 et
2480 4439 2754 4491 sacrum
2794 4394 3159 4512 imperium
3205 4416 3462 4489 habere
3504 4416 3840 4509 dignosci·

1042 4550 1177 4627 tur,
1216 4537 1676 4632 promittimus
1701 4540 1828 4611 sibi
1859 4541 2050 4635 quod
2081 4541 2140 4612 si
2172 4550 2474 4612 castrum
2500 4540 2899 4635 Ripolarum
2929 4542 3162 4635 aliquo
3191 4540 3400 4613 modo
3421 4541 3536 4612 vel
3566 4562 3731 4612 casu
3755 4537 3845 4611 ad

1040 4678 1286 4728 manus
1320 4663 1589 4726 nostras
1628 4660 2055 4751 pervenerit,
2094 4658 2321 4753 ipsum
2361 4660 2556 4731 velut
2588 4659 2943 4753 pertinens
2976 4659 3070 4733 ad
3100 4680 3260 4730 eum
3282 4659 3443 4750 jure
3484 4658 3843 4730 comitatus
