4364 5738
490 554 694 613 lm.
721 550 819 629 4.]
1397 552 1790 616 HISTORIA
1839 553 2435 618 DIPLOMATICA.
3196 553 3312 616 301

490 694 569 766 et
599 682 1029 765 cardinales
1058 683 1460 793 assistant,
1500 711 1680 769 cum
1723 687 1886 796 ipse
1921 688 2238 770 firmiter
2281 687 2360 767 in
2397 685 2787 795 proposito
2821 685 3099 768 habeat
3140 686 3314 769 cle-

488 818 691 901 ricos
723 815 1275 927 cujuscumque
1318 819 1609 901 ordinis
1651 830 1726 902 et
1764 821 2166 930 praecipue
2205 821 2584 901 maximos
2618 820 2719 900 ad
2764 818 2996 900 illum
3030 829 3314 902 statum

487 950 847 1032 reducere
881 948 1150 1058 quales
1186 949 1496 1033 fuerunt
1538 952 1619 1032 in
1656 952 1993 1035 Ecclesia
2026 949 2448 1062 primitiva,
2486 959 2561 1033 et
2601 976 2796 1059 opus
2842 951 2942 1033 sit
2980 937 3332 1035 caritatis

487 1080 771 1165 talibus
802 1095 1162 1165 nocentes
1197 1083 1500 1166 divitias
1538 1084 2009 1169 subtrahere.

649 1307 840 1386 (Edit.
870 1310 933 1368 ln
961 1304 1215 1387 Epistol.
1244 1308 1410 1371 Petr.
1440 1307 1512 1369 do
1546 1311 1762 1389 Vincis,
1791 1311 1895 1371 lib.
1926 1313 1981 1388 1,
2009 1328 2142 1388 cap.
2170 1311 2266 1383 113
2297 1327 2398 1387 ap.
2428 1310 2636 1371 Mur.
2659 1310 2891 1384 PAms„
2923 1309 3144 1369 Hister.
3165 1310 3309 1390 maj.

724 1410 999 1494 Anqlor„
1042 1433 1103 1491 p.
1136 1423 1278 1490 459,
1322 1423 1384 1475 et
1428 1417 1778 1492 Rumam„
1823 1414 2049 1477 Annal.
2083 1414 2273 1476 eccles.
2321 1416 2399 1476 ad
2437 1434 2580 1475 ann.
2631 1425 2810 1488 1245,
2850 1413 2897 1495 S
2938 1424 3012 1475 59
3049 1423 3110 1477 et
3139 1432 3308 1493 seqq.

722 1519 895 1580 Hanc
922 1524 1127 1598 magni
1161 1524 1446 1580 momenti
1483 1524 1840 1599 encyclicam
1868 1530 2140 1583 accurate
2170 1541 2307 1585 cum
2344 1523 2645 1583 codicibus
2681 1522 2824 1581 bibl.
2859 1521 3056 1582 Cesar.
3089 1523 3309 1596 Paris„

704 1621 889 1703 fonds
920 1623 1691 1707 Sciat-Germain-Harlay,
1730 1639 1797 1689 n⁰
1835 1639 1952 1689 455
1970 1673 1988 1707 ‚
2021 1637 2084 1689 et
2106 1626 2294 1708 fonds
2326 1627 2755 1699 Nom-Dama,
2796 1638 2863 1689 n⁰
2909 1636 3056 1702 202,
3095 1635 3312 1689 contu-

723 1728 947 1809 limus.)

580 1930 993 2024 Fridericus,
1029 1942 1165 2005 etc.
1204 1934 1366 2006 illos
1395 1934 1632 2006 felices
1663 1934 1994 2008 describit
2022 1935 2435 2028 antiquitas,
2470 1936 2725 2027 quibus
2765 1955 2860 2007 ex
2889 1935 3119 2007 alieno
3147 1957 3310 2031 pre-

482 2064 705 2126 statur
751 2054 1023 2127 cautela
1066 2056 1402 2151 periculo.
1459 2057 1690 2129 Status
1738 2078 2042 2151 namque
2086 2079 2387 2153 sequens
2431 2059 2771 2130 formatur
2821 2067 2914 2129 ex·
2970 2058 3311 2154 principio

482 2178 921 2273 precedentis
956 2188 1029 2250 et
1056 2188 1136 2250 ut
1165 2179 1692 2275 impressionem
1739 2202 1899 2253 cera
1940 2182 2187 2276 recipit
2225 2202 2318 2253 ex
2361 2181 2625 2273 sigillo,
2673 2180 2774 2251 sic
2819 2179 3121 2251 humane
3162 2181 3309 2253 vite

481 2303 822 2374 formatur
852 2302 1209 2374 moralitas
1238 2303 1329 2374 ab
1365 2304 1714 2398 exemplo.
1752 2306 1948 2376 Hanc
1971 2305 2240 2378 utinam
2271 2304 2673 2376 felicitatem
2703 2313 2938 2374 nostra
2971 2304 3310 2375 serenitas

482 2434 985 2520 pregustasset,
1020 2436 1103 2497 ut
1128 2427 1399 2498 cautele
1435 2427 1786 2499 solertiam
1818 2449 2029 2523 quam
2062 2428 2298 2517 vobiS,
2335 2449 2378 2499 o
2406 2427 2759 2499 christiani
2789 2448 2989 2518 reges
3021 2437 3091 2497 et
3114 2426 3306 2521 prin-

481 2549 697 2643 cipes,
733 2569 829 2620 ex
855 2560 1094 2620 nostra
1124 2550 1505 2641 majestatis
1533 2550 1745 2621 nimia
1773 2552 2034 2623 lesione
2066 2551 2549 2644 relinquimus,
2586 2550 2791 2621 nobis
2821 2550 3053 2644 potius
3083 2549 3304 2622 chris-

482 2668 648 2743 tiani
692 2691 894 2764 reges
948 2681 1020 2744 et
1058 2672 1407 2768 principes
1456 2673 1583 2744 lesi
1626 2674 2091 2767 reliquissent.
2134 2676 2383 2763 Porro,
2439 2674 2603 2766 quia
2651 2672 2879 2743 clerici
2930 2683 3309 2744 censentur

479 2813 842 2892 procerum
872 2794 973 2894 (a)
1014 2797 1474 2893 eleemosynis
1513 2797 1957 2893 impinguati,
1998 2794 2177 2869 filios
2222 2797 2626 2894 opprimunt
2663 2823 2679 2866 ε
2720 2796 2989 2891 ipsique
3026 2806 3300 2868 nostro·

477 2942 631 2992 rum
674 2920 800 2992 filii
840 2921 1313 3012 subditorum,
1357 2933 1646 3017 paterne
1694 2922 2112 2994 conditionis
2157 2922 2352 2995 obliti
2377 2974 2397 3013 ,
2454 2942 2587 2993 nec
2633 2921 3121 3015 imperatorem
3169 2942 3302 2993 nec

476 3064 712 3136 regem
761 3044 993 3136 aliqua
1038 3043 1488 3116 veneratione
1534 3043 1795 3116 habere
1839 3045 2244 3138 dignantur,
2290 3045 2563 3139 quoties
2615 3046 2688 3114 in
2731 3054 2965 3139 patres
3017 3053 3297 3140 aposto·

475 3167 647 3238 licos
686 3166 1119 3239 ordinantur.
1172 3166 1376 3252 Quod
1425 3177 1658 3238 autem
1711 3190 1799 3239 ex
1846 3170 2485 3241 conculcationibus
2528 3168 2784 3239 nostris
2819 3169 3155 3259 innuitur,
3207 3189 3303 3239 ex

476 3287 861 3360 Innocentii
900 3308 1080 3382 pape
1126 3287 1355 3380 quarti
1398 3291 1915 3383 presumptione
1947 3293 2282 3386 probatur
2317 3317 2338 3362 z
2376 3292 2539 3385 quia
2579 3301 2827 3364 vocata
2868 3292 3177 3386 synodO,
3221 3303 3302 3362 ut

480 3410 725 3482 asserit
745 3410 1080 3501 generali,
1112 3419 1356 3483 contra
1380 3432 1513 3483 nos
1535 3432 1679 3482 non
1712 3426 2019 3505 vocatos„
2051 3437 2184 3486 nec
2215 3436 2426 3510 super
2454 3415 2689 3506 aliqua
2718 3414 2962 3485 fraude
2992 3416 3107 3484 vel
3136 3435 3298 3507 pra·

479 3536 695 3605 vitate
728 3533 1109 3624 convictos,
1148 3553 1358 3604 ausus
1383 3544 1493 3606 est
1523 3536 1938 3608 sententiam
1968 3537 2418 3633 depositionis
2449 3545 2787 3625 statuere,
2823 3557 3034 3628 quam
3065 3545 3302 3628 preter

483 3657 792 3728 omnium
845 3676 1088 3747 regum
1136 3676 1420 3728 enorme
1465 3658 1922 3752 prejudicium
1969 3680 2110 3731 non
2159 3669 2435 3755 poterat
2479 3658 2812 3730 stabilire.
2876 3657 3060 3741 Quid
3109 3657 3298 3727 enim

480 3779 682 3851 vobis
739 3789 812 3852 et
859 3777 1149 3872 singulis
1191 3780 1475 3872 regibus
1520 3779 1949 3874 singularum
1994 3781 2360 3874 regionum
2421 3804 2462 3854 a
2514 3782 2692 3854 facie
2751 3780 2910 3851 talis
2963 3778 3296 3874 principis

475 3902 1330 3976 sacerdotum-timendum
1371 3923 1514 3974 non
1555 3914 1913 3999 superest,
1959 3906 2019 3977 si
2065 3926 2195 3979 nos
2234 3927 2328 3978 ex
2370 3906 2762 4002 principum
2799 3902 3136 3975 electione
3176 3923 3291 3973 so·

475 4025 665 4096 lenni
705 4036 777 4097 et
822 4025 1328 4119 adprobatione
1376 4027 1587 4098 totius
1631 4028 1977 4117 Ecclesie,
2013 4029 2180 4100 dum
2229 4030 2397 4100 cleri
2437 4027 2575 4100 fide
2614 4050 2697 4098 ac
2736 4026 3071 4117 religione
3094 4024 3291 4115 vige-

473 4148 669 4238 bant,
706 4150 1045 4243 imperiali
1079 4149 1472 4221 diademate
1509 4152 1843 4223 divinitus
1873 4152 2274 4243 insignitos,
2312 4165 2383 4223 et
2421 4152 2556 4222 alia
2592 4171 2805 4242 regna
2850 4148 3110 4220 nobilia
3139 4167 3288 4218 ma-

474 4267 723 4360 gnifice
756 4273 1262 4362 gubernanteS,
1295 4272 1751 4368 deponendos
1785 4275 2224 4366 adgreditur3
2264 4276 2495 4364 cujus,
2541 4273 2775 4365 quoad
2811 4271 3292 4367 temporalium

476 4392 893 4464 detrimenta
914 4446 934 4485 ,
976 4415 1120 4467 non
1146 4395 1439 4467 interest
1468 4396 1732 4490 aliquid
1777 4398 1850 4467 in
1881 4417 2010 4468 nos
2049 4417 2379 4469 exercere
2417 4397 2694 4490 rigoriS,
2738 4398 2948 4469 etiam
2984 4396 3041 4467 si
3083 4417 3290 4468 cause

558 4637 642 4717 (ι)
686 4638 757 4700 In
782 4642 1067 4719 impresso
1091 4649 1154 4702 et
1178 4645 1244 4702 ln
1273 4642 1524 4703 codlclb.
1547 4658 1902 4722 pauperum,
1931 4642 2132 4704 minus
2160 4650 2341 4705 recte.
