4364 5738
601 614 805 674 Iunior.
835 610 928 695 3.]
1492 609 1887 673 HISTORIA
1935 609 2527 672 DIPLOMATICA.
3300 598 3413 659 271

772 797 975 878 (Hanc
992 798 1302 877 epistolam
1319 793 1734 860 tantummodo
1755 805 1959 859 notam
1980 799 2269 859 habemus
2293 816 2371 859 ex
2397 797 2657 875 quodam
2684 796 2910 857 archivi
2939 761 3211 856 vaticani
3240 792 3424 883 veteri

845 905 1115 982 catalogo
1157 920 1336 981 quem
1384 904 1571 964 edidit
1619 905 1817 965 Pnarz
1839 949 1858 979 ,
1904 902 2117 965 Archiv
2152 903 2256 964 der
2305 900 2671 982 Gesollsclmst
2691 900 2896 983 gete„
2948 907 2994 960 t.
3025 899 3174 972 VII,
3218 914 3279 974 p.
3323 904 3419 956 29.

845 1011 1062 1071 Annus
1086 1007 1173 1069 IV
1206 1026 1314 1086 pro
1341 1009 1426 1088 11,
1451 1010 1518 1068 in
1544 1010 1657 1070 hoc
1686 1009 1953 1088 catalogo
1978 1012 2172 1087 inepte
2201 1009 2544 1088 indicatur.)
3406 1030 3410 1036 ⁴

706 1211 959 1281 Datum
987 1206 1343 1302 Lugduni,
1373 1209 1527 1282 XIV
1556 1207 1891 1324 kalendas
1920 1208 2121 1300 maii,
2153 1229 2340 1282 anno
2370 1211 2452 1281 Il.

718 1811 1203 1897 Innocentius
1266 1840 1467 1925 papa
1528 1816 2000 1924 patriarchae
2058 1817 2531 1901 Antiocheno
2588 1826 2856 1900 notum
2906 1815 3088 1898 facit
3155 1816 3437 1925 quibus
3550 1822 3791 1932 Pffissffig

614 1944 1177 2029 conditionibus
1240 1971 1500 2053 pacem
1559 1946 1812 2028 adhuc
1865 1973 2042 2030 cum
2100 1949 2557 2056 imperatore
2613 1946 2992 2030 Friderico
3053 1957 3438 2057 acceptare
3542 1936 3590 1975 ⁸²
3617 1932 3646 1974 ⁸
3672 1930 3799 1975 ”⁸¹¹⁶

613 2077 825 2185 velit,
860 2078 1283 2161 dummodo
1319 2078 1691 2161 restitutio
1727 2079 2198 2188 captivorum
2235 2088 2310 2162 et
2344 2090 2589 2163 terrae
2617 2078 2995 2162 Ecclesiae
3027 2090 3201 2163 ante
3234 2104 3436 2162 con-

617 2207 875 2291 cilium
925 2208 1095 2311 fiat,
1154 2219 1229 2291 et
1278 2235 1358 2291 se
1411 2210 1734 2320 principi
1784 2235 2066 2292 munus
2131 2210 2630 2294 absolutionis
2676 2210 3203 2318 impensurum
3251 2236 3442 2319 pro-

617 2340 878 2448 mittit,
906 2342 1099 2422 side
1132 2341 1557 2423 manifestis
1599 2340 1902 2424 offensis
1938 2342 2384 2426 satisfecerit
2418 2344 2622 2425 etde
2657 2342 2912 2425 dubiis
2950 2341 3439 2426 sufficientem

618 2472 1074 2582 praestiterit
1104 2474 1564 2557 cautionem.

785 2727 971 2805 (Edit.
1015 2745 1113 2805 ap.
1154 2729 1510 2805 Binum„
1556 2724 1779 2788 Annal.
1825 2724 2016 2788 eccles.
2061 2727 2137 2787 ad
2178 2743 2323 2810 ann.
2378 2736 2563 2802 12⁴5,
2598 2724 2690 2808 §S
2714 2727 2806 2787 111
2844 2733 2904 2788 et
2939 2727 3048 2802 IV,
3092 2744 3169 2787 ex
3209 2729 3441 2804 epistol.

866 2835 1071 2896 Innoc.
1109 2832 1218 2907 IV,
1250 2831 1353 2895 llb.
1385 2832 1478 2907 ΙΙ,
1516 2830 1597 2894 nl·
1633 2842 1670 2894 6
1706 2838 1767 2894 et
1804 2840 1874 2913 63
1913 2833 2233 2894 correctius
2267 2848 2504 2911 quoque
2539 2849 2637 2911 ap.
2678 2834 2905 2908 Pnnrz,
2948 2832 3210 2893 Menum.
3248 2831 3440 2894 Germ.

863 2938 1029 3016 laisa,
1055 2946 1105 3001 t.
1133 2939 1240 3016 IV,
1271 2958 1333 3018 p.
1366 2938 1533 3014 352.)

2000 3168 2056 3238 1.

725 3339 1171 3411 Innocentius
1244 3339 1646 3435 episcopus,
1724 3362 1968 3413 servus
2039 3361 2402 3413 servorum
2472 3342 2638 3432 Dei,
2710 3342 3095 3414 venerabili
3156 3344 3442 3416 fratri...

628 3461 1019 3559 patriarche
1042 3461 1478 3534 Antiocheno
1514 3464 1810 3534 salutem
1849 3464 1922 3534 in
1955 3465 2280 3537 Domino.
2304 3465 2594 3536 Litteras
2620 3473 2773 3536 tuas
2796 3464 2997 3535 solita
3021 3466 3449 3557 benignitate

629 3587 1020 3682 recepimus
1061 3594 1134 3657 et
1164 3607 1404 3658 earum
1443 3596 1755 3658 tenorem
1789 3588 2002 3681 pleno
2034 3589 2481 3684 concepimus
2516 3587 2895 3659 intellectu.
2934 3587 3115 3659 Sane
3152 3589 3351 3660 nobis
3382 3600 3454 3661 et

630 3710 959 3783 fratribus
990 3710 1242 3782 nostris
1279 3710 1443 3781 olim
1484 3709 1555 3780 in
1596 3718 1834 3781 nostra
1870 3719 1942 3781 et
1981 3710 2293 3805 ipsorum
2337 3710 2752 3782 constitutus
2784 3710 3130 3803 presentia
3160 3711 3454 3781 retulisti

629 3833 822 3926 quod
878 3855 1041 3905 cum
1100 3831 1193 3905 ad
1236 3832 1490 3905 Sedem
1548 3831 2020 3928 Apostolicam
2069 3832 2417 3905 veniendo
2475 3832 2838 3905 transitum
2893 3853 3022 3927 per
3070 3833 3453 3928 principem

632 3956 1030 4050 habuisses,
1084 3958 1312 4053 ipsum
1362 3956 1732 4029 inveneras
1785 3955 1976 4051 pacis
2007 3955 2290 4027 avidum
2314 4009 2335 4048 ,
2385 3966 2458 4028 et
2508 3957 2689 4028 sicut
2734 3955 3012 4026 dixerat
3059 3955 3245 4027 idem
3290 3956 3449 4048 tibi,

625 4090 913 4179 paratus
949 4089 1101 4152 erat
1143 4080 1516 4152 ohservare
1562 4100 1806 4175 pacem
1847 4079 2234 4152 secundum
2273 4081 2565 4152 formam
2606 4080 2696 4149 ab
2739 4079 3045 4152 Ecclesia
3087 4089 3159 4150 et
3208 4080 3454 4153 eodem

632 4224 817 4278 anno
850 4204 1170 4299 proximo
1204 4201 1535 4298 preterito
1576 4211 2043 4298 acceptatam,
2085 4212 2157 4274 et
2200 4203 2335 4274 alia
2378 4202 2585 4274 etiam
2616 4222 2754 4295 que
2785 4222 2946 4272 cum
2995 4204 3455 4296 quorumdam

632 4326 922 4397 fratrum
973 4336 1368 4399 nostrorum
1416 4325 1835 4398 adderemus
1876 4324 2204 4416 consili0‚
2250 4324 2660 4418 adimplere.
2711 4325 2854 4397 Nos
2902 4333 3138 4397 autem
3186 4329 3457 4400 nullum

634 4447 1025 4542 specialiter
1073 4451 1194 4543 qui
1242 4471 1454 4545 super
1480 4450 1581 4522 eis
1625 4449 1808 4520 inter
1846 4447 2225 4520 Ecclesiam
2272 4457 2343 4518 et
2382 4447 2763 4541 principem
2812 4448 3040 4543 ipsum
3094 4460 3454 4543 tractaret,

635 4570 967 4643 duximus
993 4571 1505 4667 deputandum3
1539 4552 1846 4645 diximus
1875 4570 2001 4641 tihi
2025 4578 2257 4641 tamen
2286 4591 2445 4640 cum
2469 4589 2512 4640 a
2536 4569 2716 4641 Sede
2744 4573 3087 4645 recessisti
3112 4575 3453 4670 predicta,

636 4692 829 4787 quod
880 4704 1273 4791 acceptaret
1323 4696 1632 4769 Ecclesia
1685 4695 1743 4769 si
1797 4694 2108 4789 prefatus
2156 4692 2483 4788 princeps
2531 4694 2749 4766 vellet
2796 4697 3133 4790 premissa
3182 4698 3457 4771 effectui
