4364 5738
552 610 756 670 imm.
784 605 880 685 5.]
1448 600 1839 666 n1s'romA
1886 602 2479 668 mrtom‘rch.
3249 609 3372 672 505

649 742 795 814 Etsi
835 741 1107 813 utilium
1149 739 1475 832 exigente
1517 740 1849 832 qualitate
1891 762 2295 830 causarum,
2327 742 2580 834 quibus
2622 745 2890 815 consuli
2935 744 3137 816 aliter
3166 765 3371 840 posse

553 888 695 938 non
739 865 1084 956 vidimus,
1122 863 1392 936 dudum
1443 885 1734 955 regnum
1783 873 2098 944 nostrum
2144 865 2372 937 Sicilie
2420 866 2767 961 presentia
2813 878 3050 940 nostra
3089 867 3373 942 duxerit

553 988 1044 1084 repetendum,
1081 987 1440 1060 vobiscum
1474 1009 1749 1082 semper
1777 987 1985 1060 corde
2025 989 2522 1080 remansimus;
2570 999 2640 1061 et
2675 990 2732 1061 si
2767 990 3210 1086 permittente
3241 1013 3369 1063 na·

482 1170 487 1179 .
558 1121 710 1185 tura
739 1111 892 1185 fieri
917 1112 1281 1210 potuisset,
1317 1113 1655 1203 majorem
1689 1112 1998 1208 corporis
2029 1112 2249 1184 nostri
2274 1122 2544 1208 partem
2568 1115 3116 1210 providissemus
3143 1115 3374 1189 vobis-

556 1258 714 1308 cum
782 1236 1289 1332 presentialiter
1354 1256 1857 1308 remansuram.
1941 1235 2469 1342 Considerantes
2530 1259 2699 1311 vero
2758 1239 2953 1335 quod
3022 1238 3372 1314 temeritas

557 1360 1029 1456 superstitiosa
1060 1357 1445 1449 rebellium,
1482 1358 1650 1430 dum
1679 1358 2004 1431 deliciose
2034 1337 2370 1455 tantisper
2396 1359 2611 1454 quieti
2639 1383 2767 1433 nos
2793 1360 3064 1434 deditos
3089 1362 3375 1458 opinan-

559 1494 695 1574 tur,
734 1484 1123 1579 improvide
1179 1483 1309 1555 sibi
1358 1480 1638 1578 plenam
1680 1493 1895 1555 vento
1950 1479 2242 1575 gloriam
2297 1505 2390 1554 ex
2444 1482 2757 1557 absentia
2806 1484 3089 1558 forsitan
3139 1496 3372 1558 nostre

556 1609 934 1701 majestatis
967 1617 1300 1702 usurpat;
1353 1616 1729 1701 pensantes
1769 1607 1979 1680 etiam
2021 1608 2219 1701 quod
2256 1617 2489 1681 vestra
2525 1618 2603 1682 et
2641 1610 2937 1682 aliorum
2974 1620 3373 1684 nostrorum

556 1743 720 1805 vota
779 1731 1127 1822 fidelium,
1185 1732 1353 1803 dum
1400 1731 1821 1826 presentiam
1866 1742 2174 1804 nostram
2221 1732 2630 1804 anhelantes
2677 1733 3026 1825 esuriunt,
3063 1734 3154 1806 de
3190 1734 3375 1806 facili

557 1867 841 1953 possent
870 1876 1220 1927 assumere
1256 1876 1384 1949 pro
1415 1863 1554 1926 tam
1587 1855 1796 1946 longa
1828 1855 1976 1950 spei
2004 1855 2492 1950 prorogatione
2522 1877 2884 1928 rancorem
2902 1910 2922 1948 ,
2964 1878 3091 1928 nos
3121 1857 3192 1926 in
3219 1879 3376 1953 par-

558 1989 697 2051 tem
753 1979 951 2052 solite
1010 1974 1491 2051 sollicitudinis
1542 1976 1938 2049 reddendos
1994 1976 2364 2071 elegimuS,
2410 1989 2482 2050 et
2533 1979 2862 2052 suavibus
2904 1978 3105 2074 regni
3156 1981 3376 2052 nostri

556 2103 815 2176 solatiis
869 2123 1235 2197 personam
1292 2111 1600 2173 nostram
1641 2098 2073 2197 providimus
2117 2099 2704 2193 subtrahendam;
2752 2100 2852 2175 sic
2897 2101 3060 2175 facti
3103 2104 3377 2178 noviter

554 2220 628 2296 in
660 2223 1061 2319 hujusmodi
1090 2223 1395 2296 hostium
1427 2221 1846 2296 detrimenta
1878 2223 2389 2317 magnanimeS,
2429 2235 2510 2296 ut
2542 2223 2752 2297 nullis
2786 2225 2984 2320 quasi
3029 2223 3376 2322 preteritis

556 2348 822 2441 fatigati
865 2346 1258 2437 lab0ribuS,
1294 2347 1503 2417 nullis
1557 2346 1787 2418 effusis
1837 2347 2231 2442 sumptibus
2276 2346 2596 2439 fastiditi,
2641 2370 2830 2420 nunc
2876 2348 3239 2422 videamur
3281 2348 3376 2422 ad

552 2469 739 2543 bella
769 2472 970 2544 solito
1000 2472 1317 2544 fortiores
1347 2491 1738 2561 occurrere,
1769 2492 1955 2542 nunc
1982 2470 2075 2542 ad
2102 2470 2454 2566 eroganda
2481 2470 2830 2567 stipendia
2857 2482 2928 2543 et
2954 2470 3221 2569 premia
3247 2474 3380 2545 lar-

554 2593 809 2687 gienda
835 2617 963 2690 pro
989 2595 1253 2666 meritis
1293 2594 1458 2667 satis
1490 2603 1821 2666 consueto
1862 2594 2230 2667 fecundius
2259 2606 2493 2669 nostre
2526 2595 2997 2670 munificentie
3032 2597 3376 2690 gremium

556 2720 852 2815 aperire.
899 2718 1083 2791 Ecce
1116 2717 1323 2810 igitur
1354 2738 1643 2813 corpore
1677 2716 2005 2812 sospites,
2041 2717 2255 2791 corde
2295 2717 2504 2792 fortes
2520 2772 2544 2810 ‚
2577 2717 2672 2792 ad
2708 2720 3112 2792 revisendas
3143 2730 3375 2816 partes

555 2841 749 2916 ltalie
789 2853 1111 2940 potenter
1143 2842 1596 2936 accingimur,
1635 2840 1995 2914 thesauros
2036 2841 2348 2937 undique
2380 2843 2469 2917 de
2502 2843 2700 2938 regni
2732 2842 3083 2915 fertilitate
3113 2865 3372 2939 conge-

558 2966 808 3056 rimuS,
862 2976 932 3038 et
967 2976 1201 3039 nostre
1227 2966 1538 3063 potentie
1572 2965 1935 3037 brachium
1970 2965 2068 3038 sic
2115 2969 2552 3061 congregatis
2585 2968 3123 3062 circumquaque
3150 2967 3371 3062 presi-

558 3088 692 3163 diis
734 3088 1179 3179 roboramus,
1215 3101 1295 3160 ut
1339 3089 1412 3159 in
1455 3089 1782 3185 proximo
1825 3099 1896 3161 et
1925 3091 2298 3164 victorioso
2342 3103 2578 3164 nostre
2616 3092 2994 3186 majestatis
3025 3090 3368 3184 adventu,

558 3235 680 3309 spe
708 3211 1035 3307 diuturna
1062 3210 1371 3285 fidelium
1399 3213 1809 3306 respirante,
1839 3224 2288 3287 conterantur
2309 3214 2712 3288 medullitus
2737 3213 2949 3288 corda
2977 3215 3368 3308 rebellium,

557 3335 678 3432 qui
722 3338 923 3409 nobis
964 3335 1367 3409 absentibus
1408 3336 1639 3406 forsan
1685 3334 1983 3407 inaniter
2008 3336 2417 3428 gloriantur.
2455 3337 2596 3409 Vos
2632 3349 2908 3427 autem,
2954 3336 3086 3408 viri
3118 3338 3331 3410 fortes
3344 3391 3365 3428 ,

558 3485 734 3557 quos
764 3464 960 3535 velut
995 3462 1065 3533 in
1097 3460 1263 3535 fidei
1296 3459 1639 3534 soliditate
1668 3457 1980 3532 firmatos
2004 3514 2025 3553 ,
2073 3461 2306 3533 reddit
2340 3460 2584 3553 quevis
2613 3461 3061 3555 negociorum
3092 3472 3164 3533 et
3195 3472 3371 3534 tem-

556 3609 805 3683 porum
841 3586 1139 3680 qualitas
1182 3586 1253 3656 in
1285 3597 1524 3658 nostra
1557 3584 1927 3658 devotione
1953 3587 2334 3681 preclaroS,
2380 3606 2574 3680 spem
2606 3582 2875 3657 firmam
2907 3581 3370 3682 fiduciamque

558 3710 941 3807 concipite,
996 3710 1188 3804 quod
1243 3709 1316 3780 in
1371 3730 1770 3805 supremum
1826 3708 2316 3781 exterminium
2379 3720 2774 3780 nostrorum
2831 3709 3231 3799 rebellium,
3279 3707 3372 3781 ad

556 3844 793 3931 partes
836 3834 1023 3929 ipsas
1072 3834 1142 3904 in
1179 3834 1500 3928 proximo
1542 3842 1864 3927 potenter
1896 3841 1967 3903 et
2009 3831 2369 3925 magnifice
2403 3832 2788 3904 veniemuS.
2822 3831 3100 3904 Interim
3136 3842 3370 3903 autem

557 3961 655 4032 sic
697 3960 766 4031 in
808 3958 1101 4031 servitiis
1137 3958 1392 4031 nostris
1426 3957 1795 4053 persistite,
1828 3956 1932 4028 sic
1965 3956 2056 4029 ad
2091 3957 2566 4029 contusionem
2604 3957 2945 4046 hostium,
2979 3955 3155 4028 sicut
3184 3956 3373 4031 viros

559 4083 762 4157 decet
791 4082 1194 4174 industrios,
1225 4082 1408 4155 vires
1442 4091 1710 4154 vestras
1738 4097 1809 4152 et
1833 4081 2101 4153 animos
2132 4090 2488 4168 exercete,
2513 4079 2704 4174 quod
2734 4080 2918 4152 inter
2938 4080 3110 4152 alios
3130 4076 3374 4152 fideles

559 4216 833 4277 nostros
886 4227 1012 4278 vos
1067 4205 1293 4299 dignis
1348 4204 1685 4278 extollere
1729 4202 2050 4275 laudibus
2120 4213 2193 4274 et
2239 4203 2653 4299 specialibus
2710 4203 3042 4300 prosequi
3087 4203 3372 4301 premiis

562 4328 806 4402 merito
837 4329 1218 4402 valeamus,

718 4796 821 4859 VI.
2982 4807 3060 4862 6⁴
