4364 5738
1043 615 1167 676 304
2040 607 2469 668 Fnlnmucl
2517 606 2862 668 sncmvm
3480 607 3644 688 [Anu.
3679 608 3851 670 1245.

1046 757 1283 820 nostra
1311 745 1443 817 sibi
1476 755 1546 815 et
1579 743 1813 814 domui
1841 762 1966 812 sue
1994 740 2409 812 concederet
2436 751 2508 812 et
2538 739 2979 813 confirmaret
3006 740 3342 812 serenitas
3368 761 3613 813 omnes
3645 751 3857 814 terras

1045 892 1183 964 que
1216 870 1287 940 in
1323 867 1637 963 partibus
1668 864 2022 961 predictiS,
2066 864 2434 936 Curlandia
2461 863 2814 953 videlicet,
2847 862 3155 936 Letowia
3181 874 3250 934 et
3281 864 3697 957 Semigallia,
3736 886 3859 960 per

1047 1015 1246 1065 suam
1286 1000 1358 1061 et
1397 990 1687 1060 fratrum
1723 1009 2006 1059 suorum
2045 986 2444 1058 instantiam
2489 986 2746 1057 fuerint
2783 986 3118 1080 acquisita
3152 998 3224 1057 et
3259 986 3540 1082 insuper
3578 987 3856 1059 domum

1047 1136 1248 1187 suam
1289 1111 1869 1198 immunitatibus,
1928 1110 2362 1181 libertatibus
2408 1120 2478 1182 et
2522 1109 2675 1181 aliis
2727 1109 3288 1181 concessionibus
3339 1131 3513 1203 quas
3560 1110 3650 1182 de
3695 1132 3858 1183 con-

1048 1236 1416 1331 quisitione
1456 1235 1921 1329 predictarum
1973 1243 2313 1304 terrarum
2349 1234 2664 1327 petebat,
2719 1243 2952 1304 nostre
2983 1230 3450 1304 munificentie
3504 1233 3859 1328 privilegio

1050 1360 1507 1447 muniremuS,
1540 1359 1686 1453 ipse
1724 1358 1815 1430 ad
1840 1358 2226 1449 ingressum
2257 1368 2328 1429 et
2358 1357 2936 1450 conquisitionem
2970 1366 3308 1427 terrarum
3331 1357 3859 1452 prescriptamm

1052 1458 1405 1556 continuis
1431 1491 1500 1552 et
1533 1481 1892 1552 indefessis
1924 1480 2276 1552 laboribus
2314 1481 2500 1551 bona
2532 1480 2783 1551 domus
2819 1488 3206 1573 exponeret
3236 1488 3306 1550 et
3332 1500 3688 1574 personas.
3729 1481 3860 1552 Nos

1053 1606 1264 1698 igitur
1304 1604 1744 1677 attendentes
1781 1612 2173 1698 promptam
2215 1614 2286 1674 et
2326 1603 2714 1698 expositam
2755 1601 3186 1673 voluntatem
3222 1611 3294 1674 et
3327 1602 3710 1675 ferventem
3741 1602 3859 1675 de·

1050 1728 1404 1800 votionem
1447 1726 1761 1818 ejusdem
1804 1726 2112 1817 magistri
2151 1747 2290 1818 qua
2339 1747 2464 1820 pro
2516 1725 2714 1796 terris
2756 1724 2920 1819 ipsis
2969 1747 3094 1796 sue
3148 1725 3384 1797 domui
3428 1725 3860 1819 acquirendis

1054 1851 1402 1921 ferventer
1433 1849 1502 1918 in
1540 1847 1829 1919 Domino
1864 1849 2218 1938 estuabat,
2265 1860 2334 1920 et
2368 1848 2556 1943 quod
2596 1859 2774 1919 terre
2812 1849 2959 1942 ipse
3000 1848 3131 1919 sub
3168 1846 3569 1919 monarchia
3604 1849 3862 1943 imperii

1055 1974 1193 2045 sint
1236 1982 1596 2061 contente,
1635 1969 2065 2042 confidentes
2099 1992 2380 2063 quoque
2428 1972 2518 2042 de
2557 1971 2927 2066 prudentia
2975 1971 3283 2063 magistri
3328 1972 3641 2063 ejusdem
3682 1970 3863 2065 quod

1053 2095 1264 2167 homo
1295 2095 1382 2165 sit
1415 2104 1661 2189 potens
1685 2115 1896 2188 opere
1933 2105 2003 2165 et
2038 2115 2358 2166 sermone
2387 2104 2458 2164 et
2479 2115 2606 2188 per
2632 2114 2828 2165 suam
2868 2102 2940 2164 et
2965 2093 3254 2164 fratrum
3290 2115 3573 2165 suorum
3606 2093 3863 2165 instan-

1056 2218 1222 2290 tiam
1252 2227 1574 2312 potenter
1600 2216 1882 2310 incipiet
1914 2227 1984 2287 et
2014 2216 2588 2310 conquisitionem
2619 2227 2956 2287 terrarum
2980 2217 3285 2311 ipsarum
3317 2217 3607 2287 viriliter
3632 2237 3861 2311 prose·

1055 2351 1308 2434 quetur
1350 2361 1480 2411 nec
1534 2339 1819 2410 desistet
1856 2339 2191 2410 inutiliter
2232 2340 2323 2409 ab
2368 2339 2695 2432 inceptiS,
2742 2339 2922 2410 sicut
2966 2339 3201 2434 plures
3241 2338 3475 2410 multis
3523 2339 3862 2410 laboribus

1057 2465 1132 2536 in
1162 2464 1407 2536 eodem
1442 2463 1719 2554 negotio
1759 2463 2009 2532 frustra
2051 2462 2399 2557 temptatis
2435 2484 2592 2533 cum
2629 2460 3035 2533 viderentur
3069 2461 3403 2556 proficere
3434 2462 3859 2550 defecerunt;

1057 2585 1537 2657 auctoritatem
1587 2584 1813 2656 eidem
1867 2585 2194 2676 magistro
2244 2584 2709 2657 concessimus
2759 2593 2977 2655 terras
3017 2584 3363 2678 predictas
3406 2605 3565 2655 cum
3611 2584 3864 2655 viribus

1059 2717 1130 2778 et
1162 2708 1320 2779 totis
1348 2708 1709 2779 conatibus
1737 2707 2144 2795 invadendi,
2171 2706 2634 2778 concedentes
2663 2717 2732 2778 et
2759 2705 3246 2779 confirmantes
3265 2707 3490 2779 eidem
3513 2708 3859 2799 magistro,

1060 2831 1570 2903 successoribus
1607 2831 1756 2922 ejus
1792 2841 1862 2901 et
1890 2829 2126 2903 domui
2156 2851 2279 2901 sue
2318 2830 2387 2900 in
2427 2841 2838 2925 perpetuum
2875 2851 3116 2902 omnes
3154 2840 3370 2902 terras
3400 2830 3674 2925 quasin
3712 2850 3863 2925 par-

1061 2954 1244 3025 tibus
1274 2953 1666 3042 Curlandie,
1703 2954 2008 3024 Letowie
2036 2962 2107 3023 et
2137 2953 2527 3044 Semigallie
2555 2954 2701 3025 Deo
2728 2952 3022 3023 faciente
3039 2952 3427 3044 conquiret,
3459 2952 3653 3023 velut
3678 2960 3868 3021 vetus

1062 3086 1132 3147 et
1164 3075 1474 3147 debitum
1498 3076 1615 3166 jus
1645 3075 1914 3168 imperii
1948 3075 2020 3144 in
2057 3075 2444 3164 montibus,
2477 3074 2790 3169 planitie,
2816 3075 3250 3164 nemoribus,
3284 3073 3682 3145 fluminibus
3708 3081 3776 3144 et
3800 3072 3868 3142 in

1062 3197 1266 3285 mari,
1298 3207 1376 3266 ut
1406 3217 1524 3267 eas
1556 3197 1807 3267 liberas
1835 3197 1924 3267 ab
1961 3197 2149 3268 omni
2177 3197 2460 3268 servitio
2498 3206 2568 3267 et
2595 3197 2958 3269 exactione
2992 3206 3272 3268 teneant
3299 3206 3370 3267 et
3397 3196 3764 3285 immunes,
3803 3204 3870 3266 et

1062 3322 1237 3393 nulli
1275 3329 1639 3391 teneantur
1674 3320 1836 3391 inde
1873 3321 2006 3391 nisi
2045 3331 2313 3392 tantum
2350 3322 2554 3394 nobis
2590 3334 2662 3393 et
2706 3323 3221 3394 successoribus
3260 3322 3511 3394 nostris
3554 3321 3870 3393 Romanis

1061 3443 1491 3541 principibus
1539 3444 1989 3538 respondere.
2031 3444 2263 3515 Liceat
2313 3445 2598 3539 insuper
2643 3445 2742 3516 eis
2780 3465 2908 3539 per
2960 3465 3202 3516 omnes
3258 3454 3478 3516 terras
3524 3442 3870 3535 conquisi-

1067 3566 1269 3638 tionis
1298 3588 1564 3656 eorum,
1597 3565 1773 3636 sicut
1791 3565 2124 3659 acquisito
2150 3587 2277 3660 per
2307 3587 2427 3638 eos
2450 3576 2521 3638 et
2540 3565 2963 3660 acquirendo
2996 3567 3277 3658 fuerint,
3317 3566 3411 3638 ad
3436 3565 3872 3638 commodum

1063 3689 1313 3761 domus
1341 3689 1653 3784 passagia
1683 3700 1751 3759 et
1792 3689 2097 3761 thelonia
2127 3688 2479 3778 ordinare,
2516 3689 2861 3761 nundinas
2889 3698 2958 3760 et
2989 3689 3136 3761 fora
3168 3698 3498 3779 statuere,
3530 3697 3873 3759 monetam

1063 3812 1348 3902 cudere,
1389 3812 1609 3882 tallias
1643 3821 1714 3882 et
1744 3812 1876 3882 alia
1900 3814 2061 3903 jura
2097 3821 2371 3902 taxare,
2410 3812 2792 3884 directuras
2821 3833 2949 3907 per
2982 3820 3238 3883 terram
3272 3812 3344 3882 in
3378 3810 3774 3881 fluminibus
3806 3818 3876 3881 et

1063 3936 1137 4005 in
1168 3934 1343 4005 mari
1387 3934 1566 4006 sicut
1605 3934 1775 4004 utile
1819 3934 2119 4006 viderint
2159 3935 2502 4024 stabilire,
2551 3934 2821 4007 fodinas
2849 3944 2920 4006 et
2950 3955 3264 4026 megeras
3290 3935 3441 4005 auri
3471 3943 3544 4005 et
3566 3932 3869 4025 argenti,

1064 4059 1228 4128 ferri
1260 4068 1331 4130 et
1363 4058 1658 4129 aliorum
1692 4058 2131 4128 metallorum
2162 4078 2247 4128 ac
2277 4057 2438 4128 salis
2474 4078 2611 4149 que
2654 4058 2910 4130 fuerint
2936 4058 3051 4130 vel
3083 4057 3524 4130 invenientur
3562 4057 3633 4127 in
3681 4054 3873 4127 terris

1065 4180 1232 4274 ipsis
1269 4179 1625 4274 possidere
1656 4179 2105 4274 perhenniter
2140 4190 2210 4251 et
2242 4179 2529 4251 habere.
2565 4180 3019 4253 Concedimus
3055 4180 3341 4275 insuper
3376 4178 3477 4250 eis
3501 4177 3775 4270 judices
3808 4186 3877 4248 et

1067 4313 1370 4372 rectores
1410 4323 1647 4374 creare
1680 4302 1801 4395 qui
1837 4303 2227 4394 subJectum
2269 4303 2398 4374 sibi
2435 4303 2768 4399 populum
2789 4357 2810 4393 ,
2855 4312 2994 4374 tam
3037 4324 3158 4375 eos
3201 4303 3528 4376 videlicet
3557 4301 3676 4395 qui
3710 4293 3874 4372 con·

1067 4423 1252 4493 versi
1288 4432 1448 4494 sunt
1491 4446 1701 4516 quam
1741 4425 1912 4497 alios
1950 4447 2191 4497 omnes
2228 4425 2300 4497 in
2328 4446 2455 4497 sua
2485 4425 2971 4521 superstitione
3016 4423 3387 4518 degentes,
3416 4425 3604 4517 juste
3641 4431 3878 4516 regant

1070 4556 1140 4617 et
1158 4543 1457 4636 dirigant
1483 4557 1555 4616 et
1581 4567 1906 4618 excessus
1930 4549 2449 4620 malefactorum
2481 4547 3064 4638 animadvertant,
3082 4548 3467 4620 secundum
3494 4546 3688 4641 quod
3707 4544 3873 4618 ordo

1070 4666 1384 4760 exegerit
1424 4668 1771 4761 equitatis.
1810 4672 2128 4744 Preterea
2164 4672 2402 4744 civiles
2442 4682 2512 4743 et
2554 4672 2944 4744 criminales
2985 4692 3230 4744 causas
3268 4670 3561 4744 audiant
3604 4682 3676 4743 et
3709 4667 3872 4742 diri·
