4364 5738
595 610 791 670 lunser.
828 607 956 685 15.]
1479 606 1873 667 HISTORIA
1922 607 2515 671 DIPLOMATICA.
3342 614 3416 673 19

593 755 663 817 et
707 765 983 839 semper
1047 749 1369 834 augusto,
1396 741 1828 815 Jherusalem
1875 751 1947 814 et
1994 744 2221 815 Sicilie
2267 745 2451 836 regi,
2507 745 2848 817 Lodoicus
2889 745 3134 817 eadem
3192 746 3415 838 gratia

592 888 720 938 rex
753 867 1176 938 Francorum
1211 864 1284 934 in
1316 885 1402 936 eo
1437 886 1564 959 per
1608 885 1820 959 quem
1866 886 2066 956 reges
2093 876 2391 957 regnant
2435 868 2758 938 salutem.
2798 867 3047 939 Tenuit
3083 866 3416 938 hactenus
3475 844 3476 847 Ἴ

591 989 1068 1062 indubitanter
1116 996 1353 1060 nostra
1396 984 1688 1077 fiducia,
1746 988 1938 1082 quod
1987 988 2170 1061 inter
2223 990 2590 1083 imperium
2642 999 2712 1061 et
2760 1011 3051 1082 regnum
3101 999 3415 1061 nostrum

593 1114 799 1207 longo
832 1111 1165 1207 temporis
1210 1119 1434 1181 tractu
1466 1119 1709 1182 mutua
1744 1110 2115 1183 dilectione
2148 1110 2446 1203 firmata,
2485 1114 2675 1183 nulla
2707 1123 2942 1207 posset
2969 1113 3222 1184 exoriri
3263 1135 3414 1185 ma·

594 1237 762 1308 teria
783 1289 803 1326 ,
874 1236 1112 1308 odium
1164 1244 1234 1306 et
1292 1233 1697 1306 scandalum
1758 1234 2102 1329 paritura3
2164 1257 2325 1306 cum
2379 1247 2851 1309 antecessores
2908 1238 3125 1308 nostri
3198 1237 3418 1310 felicis

597 1360 927 1431 memorie
974 1380 1175 1451 reges
1219 1359 1528 1431 universi
1572 1379 1794 1450 usque
1842 1360 1932 1430 ad
1978 1369 2293 1453 tempora
2334 1369 2573 1431 nostra
2613 1359 2952 1432 honorem
3010 1361 3283 1456 imperii
3349 1374 3421 1435 et

597 1484 1089 1556 sublimitatem
1128 1483 1547 1574 zelaverint,
1587 1494 1659 1555 et
1702 1503 1831 1555 nos
1870 1483 1990 1576 qui
2029 1493 2187 1578 post
2226 1484 2447 1579 ipsoS,
2485 1486 2632 1556 Deo
2664 1485 2972 1573 volente,
3006 1506 3414 1578 regnamus,

600 1608 668 1679 in
703 1607 953 1679 eodem
985 1607 1342 1702 proposito
1378 1607 1811 1679 tenebamur.
1849 1607 1995 1678 Nec
2025 1627 2167 1678 non
2210 1615 2283 1678 et
2315 1608 2579 1700 antiqui
2615 1608 3083 1680 Romanorum
3118 1609 3419 1704 impera-

601 1741 783 1804 tores
830 1740 901 1802 et
931 1731 1151 1802 nostri
1196 1730 1534 1826 proximi,
1574 1751 1789 1801 unum
1824 1740 1896 1801 et
1930 1730 2116 1801 idem
2151 1751 2443 1822 regnum
2480 1741 2552 1802 et
2590 1731 2957 1826 imperium
2990 1732 3416 1824 estimantes,

600 1856 937 1926 unitatem
995 1855 1187 1950 pacis
1235 1864 1308 1926 et
1348 1854 1720 1927 concordie
1769 1864 2263 1943 servaverunt,
2307 1865 2378 1927 et
2421 1855 2604 1926 inter
2643 1875 2765 1927 eos
2807 1854 3103 1947 alicujus
3153 1854 3423 1928 dissen-

603 1980 810 2051 sionis
862 1979 1233 2051 scintillula
1292 2000 1435 2051 non
1485 1979 1743 2050 illuxit.
1812 1977 2013 2051 Unde
2085 1978 2412 2050 admirari
2474 1979 2787 2071 cogimur
2842 1978 3296 2052 vehementer
3354 1990 3426 2052 et

603 2124 742 2174 non
778 2103 926 2175 sine
970 2102 1238 2174 ratione
1282 2102 1544 2174 turbari
1594 2098 1652 2198 <l
1669 2100 1728 2197 ),
1779 2101 1972 2195 quod
2021 2102 2214 2172 nulla
2261 2102 2656 2174 offensionis
2709 2122 2918 2174 causa
2967 2105 3081 2175 vel
3136 2104 3425 2176 materia

606 2226 1055 2321 precedente,
1117 2228 1422 2322 prelatos
1481 2225 1678 2317 regni
1729 2224 1947 2297 nostri
2006 2224 2098 2297 ad
2137 2224 2391 2297 Sedem
2457 2224 2926 2320 Apostolicam
2973 2227 3423 2318 accedentes,

605 2351 713 2422 cui
750 2360 890 2421 tam
921 2371 1014 2422 ex
1045 2349 1184 2421 fide
1222 2372 1434 2443 quam
1467 2348 1868 2422 obedientia
1902 2349 2341 2441 tenebantur,
2385 2370 2517 2422 nec
2562 2350 2714 2441 ejus
2749 2358 3070 2445 poterant
3105 2371 3428 2422 recusare

606 2475 957 2565 mandata,
989 2474 1062 2545 in
1097 2475 1270 2546 mari
1302 2475 1457 2571 capi
1490 2474 1772 2565 fecistis,
1807 2482 1880 2545 et
1910 2494 2030 2547 eos
2064 2474 2197 2547 sub
2228 2473 2542 2547 custodia
2582 2473 2907 2545 detinetis
2937 2500 2955 2544 ε
2989 2475 3180 2567 quod
3211 2474 3431 2568 magis

604 2601 892 2671 moleste
947 2599 1235 2671 ferimus
1294 2620 1505 2691 quam
1562 2599 1945 2691 majestatis
1988 2609 2222 2671 vestre
2269 2598 2655 2670 sublimitas
2703 2600 2878 2671 forte
2947 2598 3213 2671 credat.
3257 2599 3430 2671 Nam

606 2722 782 2794 sicut
840 2744 933 2794 ex
992 2743 1233 2794 eorum
1297 2722 1514 2794 literis
1574 2723 1936 2795 manifeste
1992 2722 2361 2794 didicimus
2384 2776 2405 2814 ,
2465 2721 2638 2793 nihil
2698 2732 2940 2795 contra
3000 2722 3432 2818 imperialem

607 2848 1090 2921 celsitudinem
1125 2847 1719 2939 excogitaverant,
1764 2846 1973 2919 etiam
2006 2849 2064 2918 si
2097 2868 2409 2918 summus
2440 2846 2758 2941 pontifex
2797 2847 3036 2919 fuisset
3066 2848 3159 2921 ad
3195 2848 3432 2944 aliqua

608 2973 836 3044 minus
895 2972 1128 3045 debite
1181 2993 1667 3067 processurus;
1730 2971 1955 3061 unde,
2013 2993 2173 3042 cum
2228 2971 2299 3041 in
2356 2970 2456 3042 eis
2499 2971 2691 3041 nulla
2744 2971 3162 3044 detentionis
3223 2994 3432 3046 causa

610 3097 1034 3188 inveniatur,
1103 3096 1308 3168 decet
1364 3095 1848 3167 celsitudinem
1921 3104 2227 3167 vestram
2299 3094 2522 3166 dictos
2579 3096 2882 3190 prelatos
2954 3097 3150 3190 regni
3214 3098 3431 3169 nostri

612 3222 842 3292 debite
872 3221 1235 3292 restituere
1269 3221 1611 3311 libertati,
1648 3220 1723 3290 in
1755 3240 1896 3313 quo
1928 3240 2058 3291 nos
2089 3219 2276 3314 ipsos
2313 3218 2603 3313 placitos
2649 3220 2990 3312 reddetis,
3031 3221 3150 3314 qui
3183 3221 3432 3293 deten-

615 3343 871 3416 tionem
915 3345 1136 3439 ipsam
1185 3355 1494 3416 nostram
1535 3344 1857 3436 injuriam
1889 3352 2319 3437 reputamus.
2360 3343 2601 3434 Regno
2643 3343 2828 3414 enim
2869 3354 3108 3418 nostro
3156 3346 3433 3418 sublimi

614 3471 829 3541 multa
878 3468 1076 3542 fieret
1109 3470 1483 3560 detractio,
1521 3469 1578 3541 si
1612 3489 1822 3565 super
1867 3468 2120 3540 talibus
2167 3478 2591 3559 taceremus3
2633 3469 2824 3563 quod
2866 3470 2923 3541 si
2968 3471 3059 3543 ad
3105 3472 3437 3566 preterita

613 3593 862 3664 mentis
927 3603 1158 3666 vestre
1234 3594 1475 3666 oculos
1550 3593 1763 3666 vultis
1844 3591 2201 3665 reflectere
2227 3645 2248 3683 ,
2318 3593 2799 3665 Penestrinum
2893 3595 3296 3689 episcopum
3370 3605 3440 3667 et

614 3717 785 3789 alios
846 3717 1112 3810 legatos
1168 3717 1477 3789 Ecclesie
1506 3770 1526 3807 ,
1604 3718 1676 3789 in
1748 3716 2211 3812 prejudicium
2284 3726 2596 3788 vestrum
2665 3719 2982 3790 volentes
3055 3719 3439 3791 subsidium

617 3851 928 3912 nostrum
987 3840 1393 3937 implorare,
1450 3841 1812 3913 manifeste
1866 3843 2288 3937 repulimuS,
2345 3862 2477 3913 nec
2518 3841 2590 3912 in
2642 3863 2859 3935 regno
2913 3851 3150 3913 nostro
3201 3851 3440 3916 contra

616 3966 1048 4057 maiestatem
1081 3974 1387 4037 vestram
1427 3973 1809 4060 potuerunt
1852 3966 2117 4060 aliquid
2160 3965 2498 4038 obtinere.
2547 3965 2914 4037 Provideat
2968 3964 3179 4056 igitur
3220 3966 3441 4062 impe·

618 4088 803 4160 rialis
858 4087 1296 4184 providentia
1363 4097 1433 4160 et
1477 4098 1694 4184 ponat
1747 4089 1818 4160 in
1870 4099 2126 4162 statera
2173 4090 2421 4182 judicii
2471 4111 2555 4161 ea
2606 4109 2795 4182 quae
2839 4088 3247 4183 scribimus,
3308 4113 3442 4165 nec

615 4212 783 4284 velit
820 4211 1092 4284 trahere
1139 4212 1371 4285 locum
1420 4233 1464 4284 a
1509 4234 1638 4284 sua
1681 4213 1990 4309 potentia
2023 4224 2095 4285 et
2134 4214 2535 4304 voluptate,
2589 4233 2760 4283 nam
2810 4235 3104 4307 regnum
3154 4215 3438 4287 Francie

691 4531 765 4603 (⁴)
800 4550 827 4586 ι
854 4529 1010 4600 Quod
1039 4545 1136 4587 rex
1173 4531 1471 4590 Ludovicus
1511 4532 1737 4592 audiens
1763 4539 1817 4590 et
1847 4534 2199 4590 vehementer
2233 4533 2508 4592 admirans
2548 4534 2678 4607 quia
2704 4533 2819 4592 suis
2855 4536 3108 4608 precibus
3148 4536 3439 4608 imperator

624 4628 836 4686 minime
856 4627 1234 4701 acquievisset,
1260 4628 1541 4697 mandavit
1563 4631 1612 4687 ei
1629 4630 1823 4688 iterum
1850 4647 1946 4705 per
1969 4630 2224 4688 abbatem
2245 4630 2482 4687 Cluniaci
2511 4632 2567 4688 in
2590 4632 2732 4688 bunc
2751 4632 3001 4689 modum:
3030 4652 3056 4686 α
3085 4633 3281 4689 Tenuit
3304 4633 3437 4689 bac·

626 4729 798 4796 tenus,
823 4730 931 4783 etc.
953 4743 981 4779 ι
1003 4724 1209 4785 Gom..
1238 4741 1313 4785 nr.
1340 4727 1546 4794 Nune„
1574 4728 1721 4786 σου.
1746 4727 1808 4786 S.
1837 4727 2064 4801 ludov„
2091 4742 2182 4802 ap.
2213 4727 2338 4785 Rer.
2367 4729 2570 4786 Frano.
2602 4729 2892 4801 scriptor„
2911 4735 2954 4786 t.
2981 4729 3120 4801 XX,
3149 4746 3206 4803 p.
3240 4731 3361 4787 332.
