4364 5738
705 1395 1013 1477 mimis

1090 531 1207 591 152
2081 535 2508 596 rmnssmct
2559 534 2911 596 saeuum
3513 539 3678 616 [Ama.
3716 543 3890 604 1244.

1086 666 1319 737 Xristo
1361 668 1573 760 patris
1613 678 1683 739 et
1715 668 2013 760 domini,
2052 670 2314 742 domini
2354 670 2647 762 Eugenii
2685 670 2920 743 divina
2962 670 3237 741 favente
3276 671 3644 747 clementia
3677 699 3895 772 papae

1084 790 1340 884 quarti,
1378 790 1490 862 die
1522 813 1710 864 nono
1748 795 2004 866 mensis
2033 793 2449 882 decembriS,
2482 794 2996 889 praesentibus,
3038 791 3208 892 etc.]

1493 1089 2004 1100 ...ᾳ-..ψ-

1190 1351 1656 1457 FridericuS,
1709 1351 2230 1433 Romanorum
2280 1351 2719 1460 imperator,
2760 1377 3163 1434 commune
3213 1353 3585 1435 Imolense
3637 1353 3891 1437 fideles

1084 1509 1265 1566 suos
1303 1483 1447 1566 sub
1485 1509 1625 1565 sua
1662 1483 1965 1591 speciali
2010 1486 2469 1591 protectione
2513 1486 2818 1593 recipit,
2859 1485 2966 1567 ita
3013 1498 3099 1567 ut
3144 1486 3544 1568 comitatus
3593 1498 3668 1568 et
3715 1488 3890 1595 epi-

1085 1627 1436 1722 scopatus
1477 1615 1759 1698 Imolae
1794 1615 1873 1695 in
1913 1627 2070 1698 toto
2110 1617 2227 1698 vel
2275 1617 2352 1697 in
2403 1628 2616 1725 parte
2668 1644 3066 1728 nunquam
3119 1618 3720 1702 Bononiensibus
3777 1619 3890 1702 vel

1083 1750 1141 1832 F
1145 1748 1513 1831 aventinis
1567 1749 1684 1831 vel
1744 1749 1912 1830 aliis
1960 1750 2268 1831 concedi
2322 1750 2608 1857 valeat,
2666 1752 2798 1833 sed
2854 1751 2933 1831 in
2988 1751 3151 1834 solo
3205 1751 3501 1860 imperii
3552 1752 3890 1835 dominio

1083 1893 1593 1968 conservetur.

1247 2097 1478 2175 (Edidit
1501 2099 1779 2170 Savrou,
1810 2092 2031 2156 Amul.
2064 2093 2293 2178 Boloq„
2331 2103 2378 2158 t.
2411 2097 2534 2171 111,
2568 2114 2701 2174 pars
2743 2100 2833 2171 11,
2865 2115 2927 2176 p.
2975 2107 3119 2172 199,
3154 2109 3220 2158 u⁰
3249 2106 3396 2171 680,
3427 2115 3505 2158 ex
3532 2099 3696 2160 arch.
3739 2115 3883 2160 secr.

1321 2221 1537 2265 comm.
1570 2204 1900 2278 Ymolens.)

1178 2397 1254 2465 ln
1290 2393 1570 2465 nomine
1608 2403 1845 2464 sancte
1890 2402 1960 2463 et
1996 2392 2353 2464 individue
2394 2391 2763 2462 Trinitatis.
2810 2391 3199 2464 Fridericus
3238 2391 3619 2481 secundus,
3657 2391 3889 2463 divina

1080 2521 1356 2589 favente
1398 2517 1763 2587 clementia
1801 2517 2267 2587 Romanorum
2310 2515 2685 2610 imperator
2732 2537 3007 2610 semper
3051 2526 3417 2608 augustus,
3465 2515 3887 2587 Hierusalem

1083 2651 1155 2713 et
1180 2641 1406 2712 Sicilie
1438 2662 1593 2711 rex.
1632 2640 1915 2711 Cesaree
1945 2639 2158 2711 decus
2192 2641 2547 2710 extollitur
2578 2639 2931 2730 dignitatis
2971 2648 3039 2710 et
3074 2640 3291 2711 nostri
3326 2639 3621 2711 nominis
3656 2640 3887 2710 titulus

1084 2766 1450 2838 decoratur
1484 2785 1642 2834 cum
1675 2763 1765 2834 ad
1794 2762 2036 2835 fideles
2068 2774 2137 2835 et
2168 2764 2633 2836 benemeritos
2672 2773 2945 2835 nostros
2976 2763 3340 2835 dexteram
3371 2773 3606 2836 nostre
3638 2763 3885 2834 libera·

1079 2890 1290 2961 litatis
1331 2889 1774 2961 extendimus
1813 2899 1883 2959 et
1914 2898 2167 2959 statum
2215 2888 2511 2959 civitatis
2561 2909 2803 2959 eorum
2842 2887 3069 2979 dignis
3104 2887 3484 2960 honoribus
3526 2898 3597 2961 et
3626 2886 3886 2961 benefl-

1080 3014 1204 3086 ciis
1238 3014 1685 3107 ampliamus,
1726 3011 2013 3103 dignum
2049 3013 2378 3107 exemplo
2413 3032 2496 3082 ac
2536 3012 2757 3082 relatu
2792 3011 3310 3083 memorabilem
3349 2996 3785 3084 recensentes
3818 3012 3885 3082 in

1080 3137 1215 3208 hiis
1247 3138 1367 3229 qui
1406 3188 1910 3207 .......
1967 3136 2165 3207 nobis
2203 3145 2273 3207 et
2303 3136 2593 3231 imperio
2622 3137 3010 3208 servierunt
3036 3156 3331 3229 quorum
3368 3146 3687 3231 prompta
3718 3134 3885 3208 fides

1080 3270 1152 3332 et
1181 3260 1449 3330 sincera
1481 3258 1761 3330 devotio
1805 3312 2310 3331 .......
2346 3260 2614 3331 actibus
2651 3313 3237 3333 ........
3269 3259 3488 3351 gratie
3520 3280 3603 3330 ac
3635 3259 3884 3331 favoris

1080 3383 1296 3455 nostri
1337 3383 1608 3454 nunciis
1647 3382 1998 3475 gaudeant
2040 3383 2379 3477 ampliari.
2418 3384 2591 3454 Hinc
2641 3394 2744 3455 est
2782 3384 2995 3475 igitur
3033 3384 3223 3476 quod
3271 3384 3609 3478 presentis
3656 3382 3885 3478 scripti

1082 3507 1258 3579 serie
1278 3517 1518 3578 notum
1542 3505 1690 3578 fieri
1710 3507 2029 3578 volumus
2048 3506 2391 3578 universis
2410 3507 2679 3602 imperii
2700 3506 3024 3579 fidelibus
3051 3517 3189 3578 tam
3208 3506 3500 3601 posteris
3515 3528 3724 3599 quam
3746 3528 3885 3578 mo·

1080 3632 1318 3705 dernis
1334 3631 1524 3724 quod
1553 3654 1709 3703 cum
1734 3652 2100 3702 commune
2126 3632 2464 3702 lmolense
2488 3630 2731 3703 fideles
2749 3631 2965 3703 nostri
2990 3653 3115 3726 per
3136 3632 3624 3702 ambaxatores
3649 3650 3883 3702 eorum

1077 3763 1308 3828 nostre
1346 3756 1912 3850 supplicaverunt
1947 3754 2292 3846 majestati
2324 3766 2403 3825 ut
2438 3754 2579 3826 divi
2607 3755 2722 3827 avi
2759 3754 2977 3825 nostri
3009 3754 3331 3825 Friderici
3366 3754 3594 3849 primi,
3638 3755 3881 3825 Roma·

1077 3901 1326 3952 norum
1359 3877 1816 3972 imperatoris,
1851 3878 2182 3948 memorie
2221 3878 2625 3966 recolende,
2668 3877 2956 3969 vestigia
2991 3877 3378 3967 imitanteS‚
3426 3876 3764 3948 beneficia
3807 3898 3883 3947 ac

1076 4004 1367 4095 gratiam
1407 4002 1676 4073 indulta
1716 4001 1844 4071 sibi
1879 4022 2005 4096 per
2038 4022 2198 4071 eum
2249 4001 2340 4072 ad
2390 4002 2650 4072 bonum
2691 4011 2946 4072 statum
2980 4002 3274 4073 civitatis
3312 4012 3381 4073 et
3421 4002 3674 4073 civium
3719 4022 3879 4072 con·

1078 4126 1496 4198 servandum
1556 4125 2001 4218 dignaremur
2056 4125 2378 4219 prosequi
2420 4134 2491 4196 et
2548 4124 2923 4196 liberaliter
2979 4145 3274 4218 augere;
3332 4147 3458 4196 nos
3507 4125 3596 4197 ad
3644 4145 3877 4196 eorum

1079 4248 1610 4340 supplicationes
1672 4258 1863 4319 tanto
1929 4248 2398 4319 favorabiliter
2456 4250 2764 4321 inclinati
2825 4259 3087 4342 quanto
3153 4250 3242 4321 ab
3298 4249 3396 4320 eis
3454 4250 3755 4340 gratiora
3814 4256 3878 4318 et

1078 4369 1436 4441 devotiora
1470 4423 2050 4443 ........
2084 4372 2468 4467 accepisse,
2520 4373 2831 4466 ejusdem
2877 4373 2989 4445 avi
3030 4373 3246 4445 nostri
3296 4372 3690 4468 provisione
3744 4370 3876 4441 cle·

1078 4503 1350 4564 menter
1381 4493 1677 4584 inducti,
1718 4496 1955 4590 previa
1996 4497 2197 4568 nobis
2240 4497 2606 4568 clementia
2639 4517 2778 4589 qua
2815 4497 3136 4569 ducimur
3168 4497 3260 4569 ad
3293 4544 3870 4568 ........

1077 4616 1458 4711 predictam
1499 4617 1847 4689 civitatem
1887 4619 2100 4691 Imole
2133 4629 2202 4691 et
2247 4641 2490 4692 omnes
2534 4619 2853 4692 homines
2894 4641 3084 4692 nunc
3115 4620 3287 4692 etin
3337 4620 3647 4691 futurum
3694 4617 3878 4691 habi·
